Ticker,Date,Time,LTP,BuyPrice,BuyQty,SellPrice,SellQty,LTQ,OpenInterest
ONGC30Jan20122.5PE.NFO,07/01/2020,09:19:33,3.1,2.95,16400,3.2,4100,4100,422300
ONGC30Jan20122.5PE.NFO,07/01/2020,09:19:33,3.1,2.95,16400,3.2,4100,0,422300
ONGC30Jan20122.5PE.NFO,07/01/2020,09:19:33,3.1,2.95,16400,3.2,4100,0,422300
ONGC30Jan20122.5PE.NFO,07/01/2020,09:19:33,3.1,2.95,16400,3.2,4100,0,422300
ONGC30Jan20122.5PE.NFO,07/01/2020,09:19:42,3.1,2.95,16400,3.2,4100,0,422300
ONGC30Jan20122.5PE.NFO,07/01/2020,09:19:50,3.1,2.95,20500,3.2,4100,0,422300
ONGC30Jan20122.5PE.NFO,07/01/2020,09:19:57,3.1,2.95,8200,3.1,16400,0,422300
ONGC30Jan20122.5PE.NFO,07/01/2020,09:20:21,3.1,2.95,20500,3.1,16400,0,422300
ONGC30Jan20122.5PE.NFO,07/01/2020,09:20:36,3.1,2.95,20500,3.1,20500,0,422300
ONGC30Jan20122.5PE.NFO,07/01/2020,09:20:44,3.1,3,8200,3.1,16400,0,422300
ONGC30Jan20122.5PE.NFO,07/01/2020,09:20:51,3.1,3,32800,3.2,28700,0,422300
ONGC30Jan20122.5PE.NFO,07/01/2020,09:20:59,3.1,3.05,8200,3.2,24600,0,422300
ONGC30Jan20122.5PE.NFO,07/01/2020,09:21:07,3.1,3,24600,3.15,28700,0,422300
ONGC30Jan20122.5PE.NFO,07/01/2020,09:21:15,3.1,3,32800,3.2,28700,0,422300
ONGC30Jan20122.5PE.NFO,07/01/2020,09:21:23,3.1,3,32800,3.2,24600,0,422300
ONGC30Jan20122.5PE.NFO,07/01/2020,09:21:30,3.1,3,32800,3.15,28700,0,422300
ONGC30Jan20122.5PE.NFO,07/01/2020,09:21:38,3.1,3,32800,3.15,20500,0,422300
ONGC30Jan20122.5PE.NFO,07/01/2020,09:21:46,3.1,3,32800,3.2,28700,0,422300
ONGC30Jan20122.5PE.NFO,07/01/2020,09:21:55,3.1,3,28700,3.2,28700,0,422300
ONGC30Jan20122.5PE.NFO,07/01/2020,09:22:02,3.1,3,8200,3.15,32800,0,422300
ONGC30Jan20122.5PE.NFO,07/01/2020,09:22:10,3.1,3,4100,3.15,32800,0,422300
ONGC30Jan20122.5PE.NFO,07/01/2020,09:22:19,3.1,3,4100,3.1,24600,0,422300
ONGC30Jan20122.5PE.NFO,07/01/2020,09:22:26,3.1,3,4100,3.15,28700,0,422300
ONGC30Jan20122.5PE.NFO,07/01/2020,09:22:40,3.1,3,4100,3.1,45100,0,422300
ONGC30Jan20122.5PE.NFO,07/01/2020,09:23:10,3.1,3,4100,3.1,49200,0,422300
ONGC30Jan20122.5PE.NFO,07/01/2020,09:23:17,3.1,3,4100,3.1,45100,0,422300
ONGC30Jan20122.5PE.NFO,07/01/2020,09:23:36,3.1,3,4100,3.1,49200,0,422300
ONGC30Jan20122.5PE.NFO,07/01/2020,09:23:42,3.1,3,4100,3.1,45100,0,422300
ONGC30Jan20122.5PE.NFO,07/01/2020,09:23:49,3.1,3,4100,3.1,49200,0,422300
ONGC30Jan20122.5PE.NFO,07/01/2020,09:23:56,3,2.9,24600,3.05,28700,4100,426400
ONGC30Jan20122.5PE.NFO,07/01/2020,09:23:56,3,2.9,24600,3.05,28700,0,426400
ONGC30Jan20122.5PE.NFO,07/01/2020,09:24:03,3,2.85,12300,3,8200,0,426400
ONGC30Jan20122.5PE.NFO,07/01/2020,09:24:30,3,2.8,8200,2.95,24600,0,426400
ONGC30Jan20122.5PE.NFO,07/01/2020,09:24:37,3,2.8,8200,2.9,4100,0,426400
ONGC30Jan20122.5PE.NFO,07/01/2020,09:25:02,3,2.75,16400,2.9,28700,0,426400
ONGC30Jan20122.5PE.NFO,07/01/2020,09:25:24,3,2.75,12300,2.85,69700,0,426400
ONGC30Jan20122.5PE.NFO,07/01/2020,09:25:31,3,2.7,8200,2.85,69700,0,426400
ONGC30Jan20122.5PE.NFO,07/01/2020,09:25:45,3,2.7,8200,2.85,65600,0,426400
ONGC30Jan20122.5PE.NFO,07/01/2020,09:26:09,3,2.7,4100,2.85,73800,0,426400
ONGC30Jan20122.5PE.NFO,07/01/2020,09:26:17,3,2.65,16400,2.85,73800,0,426400
ONGC30Jan20122.5PE.NFO,07/01/2020,09:26:36,3,2.65,16400,2.75,20500,0,426400
ONGC30Jan20122.5PE.NFO,07/01/2020,09:27:05,3,2.6,24600,2.75,32800,0,426400
ONGC30Jan20122.5PE.NFO,07/01/2020,09:27:16,3,2.55,28700,2.75,32800,0,426400
ONGC30Jan20122.5PE.NFO,07/01/2020,09:27:23,3,2.6,4100,2.75,32800,0,426400
ONGC30Jan20122.5PE.NFO,07/01/2020,09:27:55,3,2.55,28700,2.7,24600,0,426400
ONGC30Jan20122.5PE.NFO,07/01/2020,09:28:10,3,2.55,24600,2.7,24600,0,426400
ONGC30Jan20122.5PE.NFO,07/01/2020,09:28:18,3,2.55,24600,2.7,28700,0,426400
ONGC30Jan20122.5PE.NFO,07/01/2020,09:28:24,3,2.55,28700,2.7,20500,0,426400
ONGC30Jan20122.5PE.NFO,07/01/2020,09:28:30,3,2.55,28700,2.7,24600,0,426400
ONGC30Jan20122.5PE.NFO,07/01/2020,09:28:36,3,2.55,28700,2.7,28700,0,426400
ONGC30Jan20122.5PE.NFO,07/01/2020,09:28:42,3,2.55,28700,2.7,24600,0,426400
ONGC30Jan20122.5PE.NFO,07/01/2020,09:28:47,3,2.55,28700,2.7,32800,0,426400
ONGC30Jan20122.5PE.NFO,07/01/2020,09:28:53,3,2.55,24600,2.7,28700,0,426400
ONGC30Jan20122.5PE.NFO,07/01/2020,09:28:59,3,2.55,28700,2.7,28700,0,426400
ONGC30Jan20122.5PE.NFO,07/01/2020,09:29:05,3,2.55,28700,2.7,24600,0,426400
ONGC30Jan20122.5PE.NFO,07/01/2020,09:29:12,3,2.55,28700,2.7,20500,0,426400
ONGC30Jan20122.5PE.NFO,07/01/2020,09:29:18,3,2.55,28700,2.7,24600,0,426400
ONGC30Jan20122.5PE.NFO,07/01/2020,09:29:24,3,2.6,4100,2.7,24600,0,426400
ONGC30Jan20122.5PE.NFO,07/01/2020,09:29:30,3,2.6,4100,2.7,20500,0,426400
ONGC30Jan20122.5PE.NFO,07/01/2020,09:29:36,3,2.6,4100,2.7,24600,0,426400
ONGC30Jan20122.5PE.NFO,07/01/2020,09:30:22,3,2.6,12300,2.7,24600,0,426400
ONGC30Jan20122.5PE.NFO,07/01/2020,09:30:28,3,2.6,8200,2.7,24600,0,426400
ONGC30Jan20122.5PE.NFO,07/01/2020,09:30:33,3,2.6,8200,2.7,20500,0,426400
ONGC30Jan20122.5PE.NFO,07/01/2020,09:30:38,3,2.65,4100,2.75,28700,0,426400
ONGC30Jan20122.5PE.NFO,07/01/2020,09:30:49,3,2.65,8200,2.75,28700,0,426400
ONGC30Jan20122.5PE.NFO,07/01/2020,09:30:59,3,2.65,4100,2.75,28700,0,426400
ONGC30Jan20122.5PE.NFO,07/01/2020,09:31:04,3,2.6,16400,2.7,4100,0,426400
ONGC30Jan20122.5PE.NFO,07/01/2020,09:31:10,3,2.65,4100,2.7,4100,0,426400
ONGC30Jan20122.5PE.NFO,07/01/2020,09:31:16,3,2.6,20500,2.7,24600,0,426400
ONGC30Jan20122.5PE.NFO,07/01/2020,09:31:22,3,2.6,12300,2.7,24600,0,426400
ONGC30Jan20122.5PE.NFO,07/01/2020,09:31:33,3,2.6,16400,2.7,24600,0,426400
ONGC30Jan20122.5PE.NFO,07/01/2020,09:31:45,3,2.6,12300,2.7,24600,0,426400
ONGC30Jan20122.5PE.NFO,07/01/2020,09:31:50,3,2.6,20500,2.7,24600,0,426400
ONGC30Jan20122.5PE.NFO,07/01/2020,09:32:22,3,2.55,32800,2.7,28700,0,426400
ONGC30Jan20122.5PE.NFO,07/01/2020,09:32:35,3,2.55,28700,2.7,28700,0,426400
ONGC30Jan20122.5PE.NFO,07/01/2020,09:32:42,3,2.55,28700,2.65,24600,0,426400
ONGC30Jan20122.5PE.NFO,07/01/2020,09:32:48,3,2.55,24600,2.65,24600,0,426400
ONGC30Jan20122.5PE.NFO,07/01/2020,09:32:54,3,2.55,24600,2.65,28700,0,426400
ONGC30Jan20122.5PE.NFO,07/01/2020,09:32:59,3,2.55,8200,2.65,24600,0,426400
ONGC30Jan20122.5PE.NFO,07/01/2020,09:33:05,3,2.55,12300,2.65,24600,0,426400
ONGC30Jan20122.5PE.NFO,07/01/2020,09:33:24,3,2.55,4100,2.65,28700,0,426400
ONGC30Jan20122.5PE.NFO,07/01/2020,09:33:36,3,2.55,28700,2.65,28700,0,426400
ONGC30Jan20122.5PE.NFO,07/01/2020,09:33:42,3,2.55,24600,2.65,24600,0,426400
ONGC30Jan20122.5PE.NFO,07/01/2020,09:33:52,3,2.55,24600,2.65,20500,0,426400
ONGC30Jan20122.5PE.NFO,07/01/2020,09:33:57,3,2.5,32800,2.65,20500,0,426400
ONGC30Jan20122.5PE.NFO,07/01/2020,09:34:03,3,2.55,8200,2.65,20500,0,426400
ONGC30Jan20122.5PE.NFO,07/01/2020,09:34:08,3,2.55,12300,2.65,20500,0,426400
ONGC30Jan20122.5PE.NFO,07/01/2020,09:34:14,3,2.55,8200,2.65,20500,0,426400
ONGC30Jan20122.5PE.NFO,07/01/2020,09:34:19,3,2.55,12300,2.65,20500,0,426400
ONGC30Jan20122.5PE.NFO,07/01/2020,09:34:26,3,2.55,12300,2.65,24600,0,426400
ONGC30Jan20122.5PE.NFO,07/01/2020,09:34:32,3,2.55,4100,2.65,24600,0,426400
ONGC30Jan20122.5PE.NFO,07/01/2020,09:34:39,2.55,2.55,8200,2.65,24600,41000,426400
ONGC30Jan20122.5PE.NFO,07/01/2020,09:34:39,2.55,2.55,8200,2.65,24600,0,426400
ONGC30Jan20122.5PE.NFO,07/01/2020,09:34:45,2.55,2.55,8200,2.65,20500,0,426400
ONGC30Jan20122.5PE.NFO,07/01/2020,09:34:51,2.55,2.55,8200,2.65,24600,0,426400
ONGC30Jan20122.5PE.NFO,07/01/2020,09:35:01,2.55,2.55,8200,2.65,28700,0,426400
ONGC30Jan20122.5PE.NFO,07/01/2020,09:35:07,2.55,2.55,4100,2.65,28700,0,426400
ONGC30Jan20122.5PE.NFO,07/01/2020,09:35:23,2.55,2.55,8200,2.65,28700,0,426400
ONGC30Jan20122.5PE.NFO,07/01/2020,09:35:35,2.55,2.5,32800,2.65,36900,0,426400
ONGC30Jan20122.5PE.NFO,07/01/2020,09:35:42,2.55,2.55,4100,2.65,28700,0,426400
ONGC30Jan20122.5PE.NFO,07/01/2020,09:35:49,2.55,2.55,4100,2.65,24600,0,426400
ONGC30Jan20122.5PE.NFO,07/01/2020,09:35:58,2.55,2.55,4100,2.65,28700,0,426400
ONGC30Jan20122.5PE.NFO,07/01/2020,09:36:11,2.55,2.55,8200,2.65,32800,0,426400
ONGC30Jan20122.5PE.NFO,07/01/2020,09:36:17,2.55,2.55,8200,2.65,28700,0,426400
ONGC30Jan20122.5PE.NFO,07/01/2020,09:36:23,2.55,2.55,8200,2.65,20500,0,426400
ONGC30Jan20122.5PE.NFO,07/01/2020,09:36:34,2.55,2.55,4100,2.65,20500,0,426400
ONGC30Jan20122.5PE.NFO,07/01/2020,09:36:50,2.55,2.55,12300,2.65,20500,4100,418200
ONGC30Jan20122.5PE.NFO,07/01/2020,09:37:07,2.55,2.55,12300,2.65,20500,0,418200
ONGC30Jan20122.5PE.NFO,07/01/2020,09:37:12,2.55,2.55,32800,2.7,32800,0,418200
ONGC30Jan20122.5PE.NFO,07/01/2020,09:37:17,2.55,2.55,28700,2.7,32800,0,418200
ONGC30Jan20122.5PE.NFO,07/01/2020,09:37:22,2.55,2.55,32800,2.7,32800,0,418200
ONGC30Jan20122.5PE.NFO,07/01/2020,09:37:27,2.6,2.55,28700,2.65,28700,4100,418200
ONGC30Jan20122.5PE.NFO,07/01/2020,09:37:32,2.6,2.55,32800,2.65,24600,0,418200
ONGC30Jan20122.5PE.NFO,07/01/2020,09:37:37,2.6,2.55,32800,2.65,8200,0,418200
ONGC30Jan20122.5PE.NFO,07/01/2020,09:37:57,2.6,2.55,41000,2.7,32800,0,418200
ONGC30Jan20122.5PE.NFO,07/01/2020,09:38:02,2.6,2.55,20500,2.65,16400,0,418200
ONGC30Jan20122.5PE.NFO,07/01/2020,09:38:07,2.6,2.55,20500,2.65,12300,0,418200
ONGC30Jan20122.5PE.NFO,07/01/2020,09:38:23,2.6,2.55,4100,2.65,32800,0,418200
ONGC30Jan20122.5PE.NFO,07/01/2020,09:38:28,2.6,2.5,32800,2.65,28700,0,418200
ONGC30Jan20122.5PE.NFO,07/01/2020,09:38:32,2.6,2.55,20500,2.65,28700,0,418200
ONGC30Jan20122.5PE.NFO,07/01/2020,09:38:41,2.6,2.55,16400,2.65,28700,0,418200
ONGC30Jan20122.5PE.NFO,07/01/2020,09:38:57,2.6,2.55,20500,2.65,28700,0,418200
ONGC30Jan20122.5PE.NFO,07/01/2020,09:39:02,2.6,2.55,16400,2.65,28700,0,418200
ONGC30Jan20122.5PE.NFO,07/01/2020,09:39:27,2.6,2.55,16400,2.65,32800,0,418200
ONGC30Jan20122.5PE.NFO,07/01/2020,09:39:32,2.6,2.5,20500,2.6,24600,0,418200
ONGC30Jan20122.5PE.NFO,07/01/2020,09:39:43,2.6,2.5,28700,2.6,24600,0,418200
ONGC30Jan20122.5PE.NFO,07/01/2020,09:39:59,2.6,2.5,28700,2.6,20500,0,418200
ONGC30Jan20122.5PE.NFO,07/01/2020,09:40:04,2.6,2.45,36900,2.6,24600,0,418200
ONGC30Jan20122.5PE.NFO,07/01/2020,09:40:11,2.6,2.45,24600,2.55,20500,0,418200
ONGC30Jan20122.5PE.NFO,07/01/2020,09:40:17,2.6,2.45,20500,2.55,20500,0,418200
ONGC30Jan20122.5PE.NFO,07/01/2020,09:40:23,2.6,2.45,32800,2.55,16400,0,418200
ONGC30Jan20122.5PE.NFO,07/01/2020,09:40:28,2.6,2.45,36900,2.6,24600,0,418200
ONGC30Jan20122.5PE.NFO,07/01/2020,09:40:34,2.6,2.5,36900,2.65,36900,0,418200
ONGC30Jan20122.5PE.NFO,07/01/2020,09:40:40,2.6,2.5,32800,2.65,36900,0,418200
ONGC30Jan20122.5PE.NFO,07/01/2020,09:40:45,2.6,2.5,28700,2.6,24600,0,418200
ONGC30Jan20122.5PE.NFO,07/01/2020,09:40:50,2.6,2.5,36900,2.6,20500,0,418200
ONGC30Jan20122.5PE.NFO,07/01/2020,09:41:01,2.6,2.5,28700,2.6,24600,0,418200
ONGC30Jan20122.5PE.NFO,07/01/2020,09:41:17,2.6,2.5,24600,2.6,24600,0,418200
ONGC30Jan20122.5PE.NFO,07/01/2020,09:42:09,2.6,2.5,28700,2.6,24600,0,418200
ONGC30Jan20122.5PE.NFO,07/01/2020,09:42:43,2.6,2.5,32800,2.6,24600,0,418200
ONGC30Jan20122.5PE.NFO,07/01/2020,09:42:50,2.6,2.5,36900,2.6,24600,0,418200
ONGC30Jan20122.5PE.NFO,07/01/2020,09:43:18,2.6,2.5,41000,2.6,24600,0,418200
ONGC30Jan20122.5PE.NFO,07/01/2020,09:43:23,2.6,2.5,24600,2.6,24600,0,418200
ONGC30Jan20122.5PE.NFO,07/01/2020,09:43:44,2.6,2.5,24600,2.6,20500,0,418200
ONGC30Jan20122.5PE.NFO,07/01/2020,09:44:00,2.6,2.5,32800,2.6,16400,0,418200
ONGC30Jan20122.5PE.NFO,07/01/2020,09:44:12,2.6,2.5,32800,2.6,20500,0,418200
ONGC30Jan20122.5PE.NFO,07/01/2020,09:44:23,2.6,2.5,4100,2.6,24600,0,418200
ONGC30Jan20122.5PE.NFO,07/01/2020,09:44:29,2.6,2.5,8200,2.6,24600,0,418200
ONGC30Jan20122.5PE.NFO,07/01/2020,09:44:43,2.6,2.5,4100,2.6,24600,0,418200
ONGC30Jan20122.5PE.NFO,07/01/2020,09:44:53,2.6,2.5,16400,2.6,20500,0,418200
ONGC30Jan20122.5PE.NFO,07/01/2020,09:44:58,2.6,2.55,20500,2.65,20500,4100,405900
ONGC30Jan20122.5PE.NFO,07/01/2020,09:45:03,2.6,2.55,32800,2.65,20500,0,405900
ONGC30Jan20122.5PE.NFO,07/01/2020,09:45:24,2.6,2.55,16400,2.65,28700,0,405900
ONGC30Jan20122.5PE.NFO,07/01/2020,09:45:31,2.6,2.55,32800,2.65,20500,0,405900
ONGC30Jan20122.5PE.NFO,07/01/2020,09:45:36,2.6,2.55,36900,2.65,20500,0,405900
ONGC30Jan20122.5PE.NFO,07/01/2020,09:45:41,2.6,2.55,36900,2.65,24600,0,405900
ONGC30Jan20122.5PE.NFO,07/01/2020,09:45:47,2.6,2.55,32800,2.65,24600,0,405900
ONGC30Jan20122.5PE.NFO,07/01/2020,09:45:52,2.6,2.55,24600,2.65,24600,0,405900
ONGC30Jan20122.5PE.NFO,07/01/2020,09:45:57,2.6,2.55,36900,2.65,4100,0,405900
ONGC30Jan20122.5PE.NFO,07/01/2020,09:46:03,2.6,2.55,36900,2.7,28700,0,405900
ONGC30Jan20122.5PE.NFO,07/01/2020,09:46:24,2.6,2.55,32800,2.65,20500,0,405900
ONGC30Jan20122.5PE.NFO,07/01/2020,09:46:30,2.6,2.65,20500,2.75,24600,0,405900
ONGC30Jan20122.5PE.NFO,07/01/2020,09:46:36,2.6,2.65,24600,2.75,24600,0,405900
ONGC30Jan20122.5PE.NFO,07/01/2020,09:47:03,2.6,2.6,16400,2.7,16400,0,405900
ONGC30Jan20122.5PE.NFO,07/01/2020,09:47:08,2.6,2.55,32800,2.7,16400,0,405900
ONGC30Jan20122.5PE.NFO,07/01/2020,09:47:18,2.6,2.55,36900,2.7,16400,0,405900
ONGC30Jan20122.5PE.NFO,07/01/2020,09:47:22,2.6,2.55,36900,2.7,20500,0,405900
ONGC30Jan20122.5PE.NFO,07/01/2020,09:47:32,2.6,2.55,36900,2.7,16400,0,405900
ONGC30Jan20122.5PE.NFO,07/01/2020,09:47:40,2.6,2.55,32800,2.65,4100,0,405900
ONGC30Jan20122.5PE.NFO,07/01/2020,09:47:54,2.6,2.55,28700,2.65,4100,0,405900
ONGC30Jan20122.5PE.NFO,07/01/2020,09:47:59,2.6,2.55,28700,2.65,20500,4100,405900
ONGC30Jan20122.5PE.NFO,07/01/2020,09:48:09,2.6,2.55,28700,2.65,20500,0,405900
ONGC30Jan20122.5PE.NFO,07/01/2020,09:48:18,2.6,2.55,32800,2.65,20500,0,405900
ONGC30Jan20122.5PE.NFO,07/01/2020,09:48:23,2.6,2.55,32800,2.65,4100,0,405900
ONGC30Jan20122.5PE.NFO,07/01/2020,09:48:28,2.6,2.55,36900,2.65,4100,0,405900
ONGC30Jan20122.5PE.NFO,07/01/2020,09:48:40,2.6,2.6,24600,2.7,16400,0,405900
ONGC30Jan20122.5PE.NFO,07/01/2020,09:48:58,2.6,2.6,32800,2.7,16400,0,405900
ONGC30Jan20122.5PE.NFO,07/01/2020,09:49:05,2.6,2.6,32800,2.7,4100,0,405900
ONGC30Jan20122.5PE.NFO,07/01/2020,09:49:16,2.6,2.6,28700,2.7,4100,0,405900
ONGC30Jan20122.5PE.NFO,07/01/2020,09:49:21,2.6,2.6,32800,2.7,16400,0,405900
ONGC30Jan20122.5PE.NFO,07/01/2020,09:49:27,2.6,2.6,36900,2.75,28700,0,405900
ONGC30Jan20122.5PE.NFO,07/01/2020,09:49:44,2.6,2.6,28700,2.7,24600,0,405900
ONGC30Jan20122.5PE.NFO,07/01/2020,09:49:55,2.6,2.6,28700,2.7,28700,0,405900
ONGC30Jan20122.5PE.NFO,07/01/2020,09:49:59,2.6,2.55,36900,2.7,32800,0,405900
ONGC30Jan20122.5PE.NFO,07/01/2020,09:50:04,2.6,2.55,36900,2.7,28700,0,405900
ONGC30Jan20122.5PE.NFO,07/01/2020,09:50:14,2.6,2.55,32800,2.7,24600,0,405900
ONGC30Jan20122.5PE.NFO,07/01/2020,09:50:20,2.6,2.55,36900,2.7,24600,0,405900
ONGC30Jan20122.5PE.NFO,07/01/2020,09:50:25,2.6,2.6,24600,2.7,24600,0,405900
ONGC30Jan20122.5PE.NFO,07/01/2020,09:50:29,2.6,2.6,20500,2.7,24600,0,405900
ONGC30Jan20122.5PE.NFO,07/01/2020,09:50:37,2.6,2.6,28700,2.7,24600,0,405900
ONGC30Jan20122.5PE.NFO,07/01/2020,09:51:16,2.6,2.6,24600,2.7,24600,0,405900
ONGC30Jan20122.5PE.NFO,07/01/2020,09:51:25,2.6,2.6,28700,2.7,24600,0,405900
ONGC30Jan20122.5PE.NFO,07/01/2020,09:51:57,2.6,2.6,28700,2.7,28700,0,405900
ONGC30Jan20122.5PE.NFO,07/01/2020,09:52:17,2.6,2.6,28700,2.7,24600,0,405900
ONGC30Jan20122.5PE.NFO,07/01/2020,09:52:22,2.6,2.6,28700,2.7,28700,0,405900
ONGC30Jan20122.5PE.NFO,07/01/2020,09:52:27,2.6,2.6,32800,2.7,20500,0,405900
ONGC30Jan20122.5PE.NFO,07/01/2020,09:52:38,2.6,2.6,28700,2.7,20500,0,405900
ONGC30Jan20122.5PE.NFO,07/01/2020,09:52:47,2.6,2.6,36900,2.75,28700,0,405900
ONGC30Jan20122.5PE.NFO,07/01/2020,09:53:06,2.6,2.65,16400,2.75,24600,0,405900
ONGC30Jan20122.5PE.NFO,07/01/2020,09:53:13,2.6,2.65,20500,2.75,24600,0,405900
ONGC30Jan20122.5PE.NFO,07/01/2020,09:53:19,2.6,2.65,24600,2.75,24600,0,405900
ONGC30Jan20122.5PE.NFO,07/01/2020,09:53:33,2.6,2.7,12300,2.8,24600,0,405900
ONGC30Jan20122.5PE.NFO,07/01/2020,09:53:43,2.6,2.7,28700,2.85,24600,0,405900
ONGC30Jan20122.5PE.NFO,07/01/2020,09:53:48,2.6,2.7,20500,2.8,4100,0,405900
ONGC30Jan20122.5PE.NFO,07/01/2020,09:53:59,2.6,2.7,24600,2.8,4100,0,405900
ONGC30Jan20122.5PE.NFO,07/01/2020,09:54:14,2.75,2.75,28700,2.85,24600,4100,401800
ONGC30Jan20122.5PE.NFO,07/01/2020,09:54:19,2.75,2.75,28700,2.85,12300,0,401800
ONGC30Jan20122.5PE.NFO,07/01/2020,09:54:25,2.75,2.75,28700,2.85,8200,0,401800
ONGC30Jan20122.5PE.NFO,07/01/2020,09:54:35,2.75,2.7,24600,2.85,16400,0,401800
ONGC30Jan20122.5PE.NFO,07/01/2020,09:54:40,2.75,2.7,24600,2.85,20500,0,401800
ONGC30Jan20122.5PE.NFO,07/01/2020,09:54:54,2.75,2.7,24600,2.8,16400,0,401800
ONGC30Jan20122.5PE.NFO,07/01/2020,09:55:00,2.75,2.7,20500,2.8,16400,0,401800
ONGC30Jan20122.5PE.NFO,07/01/2020,09:55:17,2.75,2.7,20500,2.8,20500,0,401800
ONGC30Jan20122.5PE.NFO,07/01/2020,09:55:34,2.75,2.7,24600,2.85,20500,0,401800
ONGC30Jan20122.5PE.NFO,07/01/2020,09:55:39,2.75,2.7,20500,2.85,20500,0,401800
ONGC30Jan20122.5PE.NFO,07/01/2020,09:55:43,2.75,2.7,16400,2.8,28700,0,401800
ONGC30Jan20122.5PE.NFO,07/01/2020,09:55:47,2.75,2.7,24600,2.8,28700,0,401800
ONGC30Jan20122.5PE.NFO,07/01/2020,09:55:51,2.75,2.7,20500,2.8,28700,0,401800
ONGC30Jan20122.5PE.NFO,07/01/2020,09:55:56,2.75,2.7,20500,2.8,24600,0,401800
ONGC30Jan20122.5PE.NFO,07/01/2020,09:56:12,2.75,2.7,12300,2.8,28700,0,401800
ONGC30Jan20122.5PE.NFO,07/01/2020,09:56:31,2.75,2.7,12300,2.8,24600,0,401800
ONGC30Jan20122.5PE.NFO,07/01/2020,09:56:47,2.75,2.75,12300,2.8,24600,0,401800
ONGC30Jan20122.5PE.NFO,07/01/2020,09:56:51,2.75,2.75,12300,2.8,4100,0,401800
ONGC30Jan20122.5PE.NFO,07/01/2020,09:56:55,2.75,2.7,8200,2.8,24600,0,401800
ONGC30Jan20122.5PE.NFO,07/01/2020,09:57:26,2.75,2.7,8200,2.8,45100,0,401800
ONGC30Jan20122.5PE.NFO,07/01/2020,09:57:31,2.75,2.65,20500,2.8,45100,0,401800
ONGC30Jan20122.5PE.NFO,07/01/2020,09:57:36,2.75,2.65,20500,2.75,16400,0,401800
ONGC30Jan20122.5PE.NFO,07/01/2020,09:57:45,2.75,2.65,24600,2.75,4100,0,401800
ONGC30Jan20122.5PE.NFO,07/01/2020,09:57:49,2.75,2.65,20500,2.75,4100,0,401800
ONGC30Jan20122.5PE.NFO,07/01/2020,09:58:08,2.75,2.7,4100,2.8,20500,0,401800
ONGC30Jan20122.5PE.NFO,07/01/2020,09:58:13,2.75,2.7,4100,2.8,24600,0,401800
ONGC30Jan20122.5PE.NFO,07/01/2020,09:58:28,2.75,2.65,32800,2.8,28700,0,401800
ONGC30Jan20122.5PE.NFO,07/01/2020,09:58:37,2.75,2.65,28700,2.8,24600,0,401800
ONGC30Jan20122.5PE.NFO,07/01/2020,09:58:47,2.75,2.7,16400,2.8,16400,0,401800
ONGC30Jan20122.5PE.NFO,07/01/2020,09:58:52,2.75,2.7,8200,2.8,20500,0,401800
ONGC30Jan20122.5PE.NFO,07/01/2020,09:58:58,2.75,2.7,16400,2.8,16400,0,401800
ONGC30Jan20122.5PE.NFO,07/01/2020,09:59:04,2.75,2.7,24600,2.8,16400,0,401800
ONGC30Jan20122.5PE.NFO,07/01/2020,09:59:22,2.75,2.7,24600,2.8,20500,0,401800
ONGC30Jan20122.5PE.NFO,07/01/2020,09:59:43,2.75,2.75,12300,2.8,20500,0,401800
ONGC30Jan20122.5PE.NFO,07/01/2020,09:59:47,2.75,2.7,36900,2.8,20500,0,401800
ONGC30Jan20122.5PE.NFO,07/01/2020,10:00:19,2.75,2.75,8200,2.85,12300,0,401800
ONGC30Jan20122.5PE.NFO,07/01/2020,10:00:25,2.75,2.7,36900,2.8,16400,0,401800
ONGC30Jan20122.5PE.NFO,07/01/2020,10:00:45,2.75,2.75,24600,2.85,12300,0,401800
ONGC30Jan20122.5PE.NFO,07/01/2020,10:00:52,2.75,2.75,16400,2.85,12300,0,401800
ONGC30Jan20122.5PE.NFO,07/01/2020,10:00:59,2.75,2.75,24600,2.85,12300,0,401800
ONGC30Jan20122.5PE.NFO,07/01/2020,10:01:17,2.75,2.75,28700,2.85,12300,0,401800
ONGC30Jan20122.5PE.NFO,07/01/2020,10:01:24,2.75,2.8,4100,2.85,8200,0,401800
ONGC30Jan20122.5PE.NFO,07/01/2020,10:01:30,2.8,2.75,16400,2.85,12300,4100,405900
ONGC30Jan20122.5PE.NFO,07/01/2020,10:01:47,2.8,2.75,16400,2.85,12300,0,405900
ONGC30Jan20122.5PE.NFO,07/01/2020,10:01:53,2.8,2.75,24600,2.85,8200,0,405900
ONGC30Jan20122.5PE.NFO,07/01/2020,10:02:04,2.8,2.75,16400,2.85,12300,0,405900
ONGC30Jan20122.5PE.NFO,07/01/2020,10:02:10,2.8,2.75,24600,2.85,8200,0,405900
ONGC30Jan20122.5PE.NFO,07/01/2020,10:02:15,2.8,2.75,28700,2.85,8200,0,405900
ONGC30Jan20122.5PE.NFO,07/01/2020,10:02:20,2.8,2.75,24600,2.85,8200,0,405900
ONGC30Jan20122.5PE.NFO,07/01/2020,10:02:25,2.8,2.8,41000,2.9,20500,0,405900
ONGC30Jan20122.5PE.NFO,07/01/2020,10:02:30,2.8,2.8,20500,2.9,28700,0,405900
ONGC30Jan20122.5PE.NFO,07/01/2020,10:02:35,2.8,2.75,24600,2.9,28700,0,405900
ONGC30Jan20122.5PE.NFO,07/01/2020,10:02:40,2.8,2.8,36900,2.9,4100,0,405900
ONGC30Jan20122.5PE.NFO,07/01/2020,10:02:45,2.8,2.85,24600,2.95,20500,0,405900
ONGC30Jan20122.5PE.NFO,07/01/2020,10:02:50,2.8,2.85,28700,2.95,20500,0,405900
ONGC30Jan20122.5PE.NFO,07/01/2020,10:02:55,2.8,2.85,24600,2.95,20500,0,405900
ONGC30Jan20122.5PE.NFO,07/01/2020,10:03:07,2.8,2.9,20500,2.95,8200,0,405900
ONGC30Jan20122.5PE.NFO,07/01/2020,10:03:13,2.95,2.85,24600,3,36900,20500,405900
ONGC30Jan20122.5PE.NFO,07/01/2020,10:03:18,2.95,2.9,20500,3,4100,0,405900
ONGC30Jan20122.5PE.NFO,07/01/2020,10:03:24,2.95,2.9,20500,3,20500,0,405900
ONGC30Jan20122.5PE.NFO,07/01/2020,10:03:30,2.95,2.9,24600,3.05,36900,0,405900
ONGC30Jan20122.5PE.NFO,07/01/2020,10:03:35,2.95,2.9,32800,3.05,36900,0,405900
ONGC30Jan20122.5PE.NFO,07/01/2020,10:03:50,2.95,2.9,24600,3.05,36900,0,405900
ONGC30Jan20122.5PE.NFO,07/01/2020,10:03:56,2.95,2.85,24600,3,32800,0,405900
ONGC30Jan20122.5PE.NFO,07/01/2020,10:04:07,2.95,2.85,24600,3,36900,0,405900
ONGC30Jan20122.5PE.NFO,07/01/2020,10:04:13,2.95,2.85,24600,3,32800,0,405900
ONGC30Jan20122.5PE.NFO,07/01/2020,10:04:23,2.95,2.85,28700,3,36900,0,405900
ONGC30Jan20122.5PE.NFO,07/01/2020,10:04:33,2.95,2.85,16400,3,45100,0,405900
ONGC30Jan20122.5PE.NFO,07/01/2020,10:04:49,2.95,2.85,20500,3,45100,0,405900
ONGC30Jan20122.5PE.NFO,07/01/2020,10:04:59,2.95,2.85,16400,3,45100,0,405900
ONGC30Jan20122.5PE.NFO,07/01/2020,10:05:05,2.95,2.85,16400,3,41000,0,405900
ONGC30Jan20122.5PE.NFO,07/01/2020,10:05:10,2.95,2.85,20500,3,45100,0,405900
ONGC30Jan20122.5PE.NFO,07/01/2020,10:05:15,2.95,2.85,28700,3,32800,0,405900
ONGC30Jan20122.5PE.NFO,07/01/2020,10:05:20,2.95,2.85,20500,3,32800,0,405900
ONGC30Jan20122.5PE.NFO,07/01/2020,10:05:24,2.95,2.85,28700,3,32800,0,405900
ONGC30Jan20122.5PE.NFO,07/01/2020,10:05:29,2.95,2.85,20500,3,32800,0,405900
ONGC30Jan20122.5PE.NFO,07/01/2020,10:05:36,2.95,2.85,24600,3,32800,0,405900
ONGC30Jan20122.5PE.NFO,07/01/2020,10:05:42,2.95,2.85,16400,3,32800,0,405900
ONGC30Jan20122.5PE.NFO,07/01/2020,10:05:48,2.95,2.85,16400,3,36900,0,405900
ONGC30Jan20122.5PE.NFO,07/01/2020,10:06:00,2.95,2.85,16400,3,32800,0,405900
ONGC30Jan20122.5PE.NFO,07/01/2020,10:06:05,2.95,2.85,20500,3,32800,0,405900
ONGC30Jan20122.5PE.NFO,07/01/2020,10:06:18,2.95,2.85,20500,2.95,20500,0,405900
ONGC30Jan20122.5PE.NFO,07/01/2020,10:06:35,2.95,2.85,20500,2.95,12300,0,405900
ONGC30Jan20122.5PE.NFO,07/01/2020,10:06:40,2.95,2.85,24600,3,36900,0,405900
ONGC30Jan20122.5PE.NFO,07/01/2020,10:06:50,2.95,2.85,24600,2.95,4100,0,405900
ONGC30Jan20122.5PE.NFO,07/01/2020,10:07:05,2.95,2.85,20500,2.95,4100,0,405900
ONGC30Jan20122.5PE.NFO,07/01/2020,10:07:10,2.95,2.85,24600,2.95,4100,0,405900
ONGC30Jan20122.5PE.NFO,07/01/2020,10:07:15,2.95,2.85,20500,2.95,4100,0,405900
ONGC30Jan20122.5PE.NFO,07/01/2020,10:07:21,2.95,2.85,24600,2.95,4100,0,405900
ONGC30Jan20122.5PE.NFO,07/01/2020,10:07:52,2.95,2.85,20500,2.95,12300,0,405900
ONGC30Jan20122.5PE.NFO,07/01/2020,10:08:03,2.95,2.85,20500,2.95,8200,0,405900
ONGC30Jan20122.5PE.NFO,07/01/2020,10:08:23,2.95,2.85,20500,2.95,4100,0,405900
ONGC30Jan20122.5PE.NFO,07/01/2020,10:08:36,2.95,2.8,32800,2.95,28700,0,405900
ONGC30Jan20122.5PE.NFO,07/01/2020,10:08:43,2.95,2.8,32800,2.95,32800,0,405900
ONGC30Jan20122.5PE.NFO,07/01/2020,10:08:54,2.95,2.8,28700,2.95,32800,0,405900
ONGC30Jan20122.5PE.NFO,07/01/2020,10:09:00,2.95,2.8,24600,2.95,32800,0,405900
ONGC30Jan20122.5PE.NFO,07/01/2020,10:09:05,2.95,2.8,28700,2.95,32800,0,405900
ONGC30Jan20122.5PE.NFO,07/01/2020,10:09:11,2.95,2.8,28700,2.95,28700,0,405900
ONGC30Jan20122.5PE.NFO,07/01/2020,10:09:32,2.95,2.85,16400,2.95,28700,0,405900
ONGC30Jan20122.5PE.NFO,07/01/2020,10:09:42,2.95,2.9,16400,3,32800,0,405900
ONGC30Jan20122.5PE.NFO,07/01/2020,10:09:57,2.95,2.9,20500,3,32800,0,405900
ONGC30Jan20122.5PE.NFO,07/01/2020,10:10:04,2.95,2.85,20500,2.95,20500,0,405900
ONGC30Jan20122.5PE.NFO,07/01/2020,10:10:23,2.95,2.85,16400,2.95,20500,0,405900
ONGC30Jan20122.5PE.NFO,07/01/2020,10:10:27,2.95,2.85,20500,2.95,20500,0,405900
ONGC30Jan20122.5PE.NFO,07/01/2020,10:10:37,2.95,2.85,28700,2.95,16400,0,405900
ONGC30Jan20122.5PE.NFO,07/01/2020,10:10:47,2.95,2.85,16400,2.95,20500,0,405900
ONGC30Jan20122.5PE.NFO,07/01/2020,10:10:52,2.95,2.85,16400,2.95,16400,0,405900
ONGC30Jan20122.5PE.NFO,07/01/2020,10:10:57,2.95,2.85,20500,2.95,4100,0,405900
ONGC30Jan20122.5PE.NFO,07/01/2020,10:11:01,2.95,2.85,16400,2.95,4100,0,405900
ONGC30Jan20122.5PE.NFO,07/01/2020,10:11:06,2.95,2.85,24600,2.95,4100,0,405900
ONGC30Jan20122.5PE.NFO,07/01/2020,10:11:10,2.95,2.85,20500,2.95,4100,0,405900
ONGC30Jan20122.5PE.NFO,07/01/2020,10:11:16,2.95,2.85,16400,2.95,4100,0,405900
ONGC30Jan20122.5PE.NFO,07/01/2020,10:11:22,2.95,2.85,16400,2.95,8200,0,405900
ONGC30Jan20122.5PE.NFO,07/01/2020,10:12:02,2.95,2.85,16400,2.95,4100,0,405900
ONGC30Jan20122.5PE.NFO,07/01/2020,10:12:14,2.95,2.85,16400,2.95,8200,0,405900
ONGC30Jan20122.5PE.NFO,07/01/2020,10:12:24,2.95,2.85,16400,2.95,12300,0,405900
ONGC30Jan20122.5PE.NFO,07/01/2020,10:12:29,2.95,2.8,4100,2.9,41000,0,405900
ONGC30Jan20122.5PE.NFO,07/01/2020,10:12:34,2.95,2.75,16400,2.85,20500,0,405900
ONGC30Jan20122.5PE.NFO,07/01/2020,10:12:40,2.95,2.75,20500,2.85,12300,0,405900
ONGC30Jan20122.5PE.NFO,07/01/2020,10:12:45,2.95,2.75,12300,2.85,24600,0,405900
ONGC30Jan20122.5PE.NFO,07/01/2020,10:12:51,2.95,2.7,20500,2.8,16400,0,405900
ONGC30Jan20122.5PE.NFO,07/01/2020,10:12:56,2.95,2.7,16400,2.8,24600,0,405900
ONGC30Jan20122.5PE.NFO,07/01/2020,10:13:02,2.95,2.7,16400,2.8,20500,0,405900
ONGC30Jan20122.5PE.NFO,07/01/2020,10:13:07,2.95,2.7,16400,2.8,12300,0,405900
ONGC30Jan20122.5PE.NFO,07/01/2020,10:13:14,2.95,2.7,12300,2.8,8200,0,405900
ONGC30Jan20122.5PE.NFO,07/01/2020,10:13:20,2.95,2.7,20500,2.8,4100,0,405900
ONGC30Jan20122.5PE.NFO,07/01/2020,10:13:27,2.95,2.65,28700,2.75,20500,0,405900
ONGC30Jan20122.5PE.NFO,07/01/2020,10:13:49,2.95,2.65,24600,2.75,20500,0,405900
ONGC30Jan20122.5PE.NFO,07/01/2020,10:13:55,2.95,2.6,28700,2.7,8200,0,405900
ONGC30Jan20122.5PE.NFO,07/01/2020,10:14:01,2.95,2.6,8200,2.7,24600,0,405900
ONGC30Jan20122.5PE.NFO,07/01/2020,10:14:06,2.6,2.55,28700,2.65,24600,4100,418200
ONGC30Jan20122.5PE.NFO,07/01/2020,10:14:11,2.6,2.55,4100,2.65,28700,0,418200
ONGC30Jan20122.5PE.NFO,07/01/2020,10:14:17,2.55,2.45,20500,2.55,24600,4100,418200
ONGC30Jan20122.5PE.NFO,07/01/2020,10:14:22,2.55,2.4,32800,2.55,32800,0,418200
ONGC30Jan20122.5PE.NFO,07/01/2020,10:14:28,2.55,2.4,28700,2.55,32800,0,418200
ONGC30Jan20122.5PE.NFO,07/01/2020,10:14:34,2.55,2.45,24600,2.55,16400,0,418200
ONGC30Jan20122.5PE.NFO,07/01/2020,10:14:40,2.55,2.4,32800,2.55,32800,0,418200
ONGC30Jan20122.5PE.NFO,07/01/2020,10:14:46,2.55,2.4,28700,2.55,32800,0,418200
ONGC30Jan20122.5PE.NFO,07/01/2020,10:14:51,2.55,2.45,16400,2.55,16400,0,418200
ONGC30Jan20122.5PE.NFO,07/01/2020,10:14:56,2.55,2.45,16400,2.55,24600,0,418200
ONGC30Jan20122.5PE.NFO,07/01/2020,10:15:02,2.55,2.5,28700,2.6,24600,0,418200
ONGC30Jan20122.5PE.NFO,07/01/2020,10:15:14,2.55,2.55,20500,2.65,16400,0,418200
ONGC30Jan20122.5PE.NFO,07/01/2020,10:15:19,2.55,2.5,28700,2.65,28700,0,418200
ONGC30Jan20122.5PE.NFO,07/01/2020,10:15:24,2.55,2.5,32800,2.65,28700,0,418200
ONGC30Jan20122.5PE.NFO,07/01/2020,10:15:34,2.55,2.55,24600,2.65,16400,0,418200
ONGC30Jan20122.5PE.NFO,07/01/2020,10:15:40,2.55,2.55,20500,2.65,16400,0,418200
ONGC30Jan20122.5PE.NFO,07/01/2020,10:15:45,2.55,2.55,32800,2.65,12300,0,418200
ONGC30Jan20122.5PE.NFO,07/01/2020,10:16:16,2.55,2.55,28700,2.65,12300,0,418200
ONGC30Jan20122.5PE.NFO,07/01/2020,10:16:19,2.55,2.55,36900,2.65,12300,0,418200
ONGC30Jan20122.5PE.NFO,07/01/2020,10:16:24,2.55,2.55,32800,2.65,12300,0,418200
ONGC30Jan20122.5PE.NFO,07/01/2020,10:16:29,2.55,2.55,32800,2.65,16400,0,418200
ONGC30Jan20122.5PE.NFO,07/01/2020,10:16:34,2.55,2.55,32800,2.65,12300,0,418200
ONGC30Jan20122.5PE.NFO,07/01/2020,10:16:44,2.55,2.55,8200,2.65,12300,0,418200
ONGC30Jan20122.5PE.NFO,07/01/2020,10:16:49,2.55,2.55,16400,2.65,16400,0,418200
ONGC30Jan20122.5PE.NFO,07/01/2020,10:16:54,2.55,2.55,4100,2.65,24600,0,418200
ONGC30Jan20122.5PE.NFO,07/01/2020,10:16:59,2.55,2.55,20500,2.65,12300,0,418200
ONGC30Jan20122.5PE.NFO,07/01/2020,10:17:26,2.55,2.55,16400,2.65,12300,0,418200
ONGC30Jan20122.5PE.NFO,07/01/2020,10:17:31,2.55,2.55,16400,2.65,16400,0,418200
ONGC30Jan20122.5PE.NFO,07/01/2020,10:17:36,2.55,2.55,45100,2.7,24600,0,418200
ONGC30Jan20122.5PE.NFO,07/01/2020,10:17:41,2.55,2.55,41000,2.7,24600,0,418200
ONGC30Jan20122.5PE.NFO,07/01/2020,10:17:49,2.55,2.55,41000,2.7,28700,0,418200
ONGC30Jan20122.5PE.NFO,07/01/2020,10:17:53,2.55,2.6,20500,2.7,28700,0,418200
ONGC30Jan20122.5PE.NFO,07/01/2020,10:17:57,2.55,2.55,36900,2.7,28700,0,418200
ONGC30Jan20122.5PE.NFO,07/01/2020,10:18:02,2.55,2.55,36900,2.7,24600,0,418200
ONGC30Jan20122.5PE.NFO,07/01/2020,10:18:10,2.55,2.6,20500,2.7,20500,0,418200
ONGC30Jan20122.5PE.NFO,07/01/2020,10:18:13,2.55,2.65,4100,2.7,16400,0,418200
ONGC30Jan20122.5PE.NFO,07/01/2020,10:18:17,2.55,2.65,4100,2.7,28700,0,418200
ONGC30Jan20122.5PE.NFO,07/01/2020,10:18:21,2.55,2.6,12300,2.7,36900,0,418200
ONGC30Jan20122.5PE.NFO,07/01/2020,10:18:28,2.55,2.6,20500,2.7,32800,0,418200
ONGC30Jan20122.5PE.NFO,07/01/2020,10:18:43,2.55,2.6,28700,2.7,4100,0,418200
ONGC30Jan20122.5PE.NFO,07/01/2020,10:18:58,2.55,2.65,8200,2.7,4100,0,418200
ONGC30Jan20122.5PE.NFO,07/01/2020,10:19:02,2.55,2.6,24600,2.7,12300,0,418200
ONGC30Jan20122.5PE.NFO,07/01/2020,10:19:14,2.55,2.6,12300,2.7,16400,0,418200
ONGC30Jan20122.5PE.NFO,07/01/2020,10:19:29,2.55,2.6,12300,2.7,12300,0,418200
ONGC30Jan20122.5PE.NFO,07/01/2020,10:19:37,2.55,2.6,16400,2.7,16400,0,418200
ONGC30Jan20122.5PE.NFO,07/01/2020,10:19:41,2.55,2.6,16400,2.7,20500,0,418200
ONGC30Jan20122.5PE.NFO,07/01/2020,10:19:46,2.55,2.65,8200,2.7,12300,0,418200
ONGC30Jan20122.5PE.NFO,07/01/2020,10:19:51,2.55,2.6,16400,2.7,24600,0,418200
ONGC30Jan20122.5PE.NFO,07/01/2020,10:19:57,2.55,2.6,28700,2.7,16400,0,418200
ONGC30Jan20122.5PE.NFO,07/01/2020,10:20:17,2.55,2.6,28700,2.7,12300,0,418200
ONGC30Jan20122.5PE.NFO,07/01/2020,10:20:21,2.55,2.6,24600,2.7,12300,0,418200
ONGC30Jan20122.5PE.NFO,07/01/2020,10:20:31,2.55,2.6,20500,2.7,12300,0,418200
ONGC30Jan20122.5PE.NFO,07/01/2020,10:20:35,2.55,2.6,20500,2.7,16400,0,418200
ONGC30Jan20122.5PE.NFO,07/01/2020,10:20:43,2.55,2.6,20500,2.7,12300,0,418200
ONGC30Jan20122.5PE.NFO,07/01/2020,10:20:51,2.55,2.6,20500,2.7,16400,0,418200
ONGC30Jan20122.5PE.NFO,07/01/2020,10:21:05,2.55,2.6,8200,2.7,20500,0,418200
ONGC30Jan20122.5PE.NFO,07/01/2020,10:21:24,2.55,2.6,8200,2.7,12300,0,418200
ONGC30Jan20122.5PE.NFO,07/01/2020,10:21:39,2.55,2.6,8200,2.7,16400,0,418200
ONGC30Jan20122.5PE.NFO,07/01/2020,10:22:05,2.55,2.7,24600,2.8,28700,0,418200
ONGC30Jan20122.5PE.NFO,07/01/2020,10:22:11,2.55,2.7,4100,2.8,32800,0,418200
ONGC30Jan20122.5PE.NFO,07/01/2020,10:22:20,2.55,2.75,4100,2.85,36900,0,418200
ONGC30Jan20122.5PE.NFO,07/01/2020,10:22:25,2.8,2.75,16400,2.8,4100,4100,422300
ONGC30Jan20122.5PE.NFO,07/01/2020,10:22:29,2.8,2.75,16400,2.8,4100,0,422300
ONGC30Jan20122.5PE.NFO,07/01/2020,10:22:33,2.8,2.7,24600,2.8,12300,0,422300
ONGC30Jan20122.5PE.NFO,07/01/2020,10:22:42,2.8,2.7,32800,2.8,16400,0,422300
ONGC30Jan20122.5PE.NFO,07/01/2020,10:22:56,2.8,2.7,28700,2.8,16400,0,422300
ONGC30Jan20122.5PE.NFO,07/01/2020,10:23:00,2.75,2.7,24600,2.8,12300,4100,422300
ONGC30Jan20122.5PE.NFO,07/01/2020,10:24:28,2.75,2.7,32800,2.8,12300,0,422300
ONGC30Jan20122.5PE.NFO,07/01/2020,10:24:50,2.75,2.7,28700,2.8,12300,0,422300
ONGC30Jan20122.5PE.NFO,07/01/2020,10:25:03,2.75,2.7,32800,2.8,12300,0,422300
ONGC30Jan20122.5PE.NFO,07/01/2020,10:25:11,2.75,2.7,16400,2.8,12300,0,422300
ONGC30Jan20122.5PE.NFO,07/01/2020,10:25:40,2.75,2.7,20500,2.8,12300,0,422300
ONGC30Jan20122.5PE.NFO,07/01/2020,10:25:49,2.75,2.7,32800,2.85,32800,0,422300
ONGC30Jan20122.5PE.NFO,07/01/2020,10:26:00,2.75,2.7,32800,2.8,16400,0,422300
ONGC30Jan20122.5PE.NFO,07/01/2020,10:26:09,2.75,2.7,28700,2.8,16400,0,422300
ONGC30Jan20122.5PE.NFO,07/01/2020,10:26:30,2.75,2.7,24600,2.8,16400,0,422300
ONGC30Jan20122.5PE.NFO,07/01/2020,10:26:45,2.75,2.7,32800,2.8,16400,0,422300
ONGC30Jan20122.5PE.NFO,07/01/2020,10:26:54,2.75,2.7,28700,2.8,16400,0,422300
ONGC30Jan20122.5PE.NFO,07/01/2020,10:26:58,2.75,2.7,28700,2.8,24600,0,422300
ONGC30Jan20122.5PE.NFO,07/01/2020,10:27:03,2.75,2.7,4100,2.75,12300,0,422300
ONGC30Jan20122.5PE.NFO,07/01/2020,10:27:07,2.75,2.7,12300,2.8,24600,0,422300
ONGC30Jan20122.5PE.NFO,07/01/2020,10:27:15,2.75,2.7,12300,2.75,12300,0,422300
ONGC30Jan20122.5PE.NFO,07/01/2020,10:27:23,2.75,2.7,12300,2.8,24600,0,422300
ONGC30Jan20122.5PE.NFO,07/01/2020,10:27:31,2.75,2.7,12300,2.8,20500,0,422300
ONGC30Jan20122.5PE.NFO,07/01/2020,10:27:48,2.75,2.7,16400,2.8,20500,0,422300
ONGC30Jan20122.5PE.NFO,07/01/2020,10:27:57,2.75,2.7,12300,2.8,20500,0,422300
ONGC30Jan20122.5PE.NFO,07/01/2020,10:28:01,2.75,2.7,12300,2.8,24600,0,422300
ONGC30Jan20122.5PE.NFO,07/01/2020,10:28:14,2.75,2.7,4100,2.8,24600,0,422300
ONGC30Jan20122.5PE.NFO,07/01/2020,10:28:33,2.75,2.7,4100,2.75,24600,0,422300
ONGC30Jan20122.5PE.NFO,07/01/2020,10:28:41,2.75,2.7,8200,2.75,24600,0,422300
ONGC30Jan20122.5PE.NFO,07/01/2020,10:28:44,2.75,2.7,4100,2.75,24600,0,422300
ONGC30Jan20122.5PE.NFO,07/01/2020,10:29:11,2.75,2.65,28700,2.75,36900,0,422300
ONGC30Jan20122.5PE.NFO,07/01/2020,10:29:26,2.75,2.65,32800,2.75,28700,0,422300
ONGC30Jan20122.5PE.NFO,07/01/2020,10:29:30,2.75,2.7,16400,2.8,36900,0,422300
ONGC30Jan20122.5PE.NFO,07/01/2020,10:29:34,2.75,2.7,16400,2.8,24600,0,422300
ONGC30Jan20122.5PE.NFO,07/01/2020,10:29:41,2.7,2.7,12300,2.8,24600,4100,418200
ONGC30Jan20122.5PE.NFO,07/01/2020,10:29:50,2.7,2.7,4100,2.8,24600,0,418200
ONGC30Jan20122.5PE.NFO,07/01/2020,10:30:02,2.7,2.7,12300,2.8,24600,0,418200
ONGC30Jan20122.5PE.NFO,07/01/2020,10:30:16,2.7,2.7,16400,2.8,24600,0,418200
ONGC30Jan20122.5PE.NFO,07/01/2020,10:31:17,2.7,2.7,12300,2.8,24600,0,418200
ONGC30Jan20122.5PE.NFO,07/01/2020,10:31:29,2.7,2.7,4100,2.8,24600,0,418200
ONGC30Jan20122.5PE.NFO,07/01/2020,10:31:33,2.7,2.65,36900,2.8,24600,0,418200
ONGC30Jan20122.5PE.NFO,07/01/2020,10:31:45,2.7,2.7,20500,2.8,12300,0,418200
ONGC30Jan20122.5PE.NFO,07/01/2020,10:31:49,2.7,2.7,20500,2.8,16400,0,418200
ONGC30Jan20122.5PE.NFO,07/01/2020,10:31:53,2.7,2.7,24600,2.8,16400,0,418200
ONGC30Jan20122.5PE.NFO,07/01/2020,10:32:11,2.7,2.7,24600,2.8,20500,0,418200
ONGC30Jan20122.5PE.NFO,07/01/2020,10:32:16,2.7,2.7,28700,2.8,12300,0,418200
ONGC30Jan20122.5PE.NFO,07/01/2020,10:32:48,2.7,2.7,20500,2.8,16400,0,418200
ONGC30Jan20122.5PE.NFO,07/01/2020,10:34:22,2.7,2.65,28700,2.75,32800,0,418200
ONGC30Jan20122.5PE.NFO,07/01/2020,10:34:31,2.7,2.65,12300,2.75,32800,0,418200
ONGC30Jan20122.5PE.NFO,07/01/2020,10:34:34,2.7,2.65,12300,2.75,36900,0,418200
ONGC30Jan20122.5PE.NFO,07/01/2020,10:34:38,2.7,2.65,8200,2.75,36900,0,418200
ONGC30Jan20122.5PE.NFO,07/01/2020,10:35:08,2.7,2.65,8200,2.75,32800,0,418200
ONGC30Jan20122.5PE.NFO,07/01/2020,10:35:21,2.7,2.6,16400,2.75,41000,0,418200
ONGC30Jan20122.5PE.NFO,07/01/2020,10:35:32,2.7,2.6,12300,2.75,41000,0,418200
ONGC30Jan20122.5PE.NFO,07/01/2020,10:35:59,2.7,2.6,16400,2.7,16400,0,418200
ONGC30Jan20122.5PE.NFO,07/01/2020,10:36:06,2.7,2.6,12300,2.7,16400,0,418200
ONGC30Jan20122.5PE.NFO,07/01/2020,10:36:20,2.7,2.6,12300,2.7,20500,0,418200
ONGC30Jan20122.5PE.NFO,07/01/2020,10:37:20,2.7,2.6,8200,2.7,20500,0,418200
ONGC30Jan20122.5PE.NFO,07/01/2020,10:37:46,2.7,2.6,4100,2.7,28700,0,418200
ONGC30Jan20122.5PE.NFO,07/01/2020,10:39:17,2.7,2.55,41000,2.7,32800,0,418200
ONGC30Jan20122.5PE.NFO,07/01/2020,10:39:33,2.7,2.55,45100,2.7,32800,0,418200
ONGC30Jan20122.5PE.NFO,07/01/2020,10:39:39,2.7,2.6,4100,2.7,32800,0,418200
ONGC30Jan20122.5PE.NFO,07/01/2020,10:39:49,2.7,2.6,8200,2.7,32800,0,418200
ONGC30Jan20122.5PE.NFO,07/01/2020,10:40:03,2.7,2.6,4100,2.7,32800,0,418200
ONGC30Jan20122.5PE.NFO,07/01/2020,10:40:38,2.7,2.6,12300,2.7,20500,0,418200
ONGC30Jan20122.5PE.NFO,07/01/2020,10:41:31,2.7,2.6,4100,2.7,41000,0,418200
ONGC30Jan20122.5PE.NFO,07/01/2020,10:41:36,2.7,2.6,4100,2.7,28700,0,418200
ONGC30Jan20122.5PE.NFO,07/01/2020,10:41:40,2.7,2.55,28700,2.65,16400,0,418200
ONGC30Jan20122.5PE.NFO,07/01/2020,10:41:47,2.7,2.55,28700,2.65,20500,0,418200
ONGC30Jan20122.5PE.NFO,07/01/2020,10:41:51,2.7,2.55,24600,2.65,20500,0,418200
ONGC30Jan20122.5PE.NFO,07/01/2020,10:41:55,2.7,2.55,32800,2.65,20500,0,418200
ONGC30Jan20122.5PE.NFO,07/01/2020,10:42:03,2.7,2.55,32800,2.65,32800,0,418200
ONGC30Jan20122.5PE.NFO,07/01/2020,10:42:17,2.7,2.55,28700,2.65,32800,0,418200
ONGC30Jan20122.5PE.NFO,07/01/2020,10:42:27,2.7,2.55,36900,2.65,32800,0,418200
ONGC30Jan20122.5PE.NFO,07/01/2020,10:42:30,2.7,2.55,36900,2.7,45100,0,418200
ONGC30Jan20122.5PE.NFO,07/01/2020,10:42:41,2.7,2.55,32800,2.65,24600,0,418200
ONGC30Jan20122.5PE.NFO,07/01/2020,10:43:01,2.7,2.55,36900,2.65,16400,0,418200
ONGC30Jan20122.5PE.NFO,07/01/2020,10:43:04,2.7,2.55,32800,2.65,24600,0,418200
ONGC30Jan20122.5PE.NFO,07/01/2020,10:43:07,2.7,2.55,36900,2.65,24600,0,418200
ONGC30Jan20122.5PE.NFO,07/01/2020,10:43:10,2.7,2.55,36900,2.65,16400,0,418200
ONGC30Jan20122.5PE.NFO,07/01/2020,10:43:23,2.7,2.55,32800,2.65,16400,0,418200
ONGC30Jan20122.5PE.NFO,07/01/2020,10:43:35,2.7,2.55,32800,2.65,20500,0,418200
ONGC30Jan20122.5PE.NFO,07/01/2020,10:43:46,2.7,2.55,32800,2.65,28700,0,418200
ONGC30Jan20122.5PE.NFO,07/01/2020,10:44:20,2.7,2.55,32800,2.65,20500,0,418200
ONGC30Jan20122.5PE.NFO,07/01/2020,10:44:46,2.7,2.6,4100,2.65,20500,0,418200
ONGC30Jan20122.5PE.NFO,07/01/2020,10:44:49,2.7,2.55,32800,2.65,20500,0,418200
ONGC30Jan20122.5PE.NFO,07/01/2020,10:45:05,2.7,2.55,36900,2.65,20500,0,418200
ONGC30Jan20122.5PE.NFO,07/01/2020,10:45:09,2.7,2.55,32800,2.65,28700,0,418200
ONGC30Jan20122.5PE.NFO,07/01/2020,10:45:28,2.7,2.55,4100,2.65,32800,0,418200
ONGC30Jan20122.5PE.NFO,07/01/2020,10:45:40,2.7,2.55,16400,2.65,24600,0,418200
ONGC30Jan20122.5PE.NFO,07/01/2020,10:45:43,2.7,2.55,8200,2.65,28700,0,418200
ONGC30Jan20122.5PE.NFO,07/01/2020,10:45:49,2.7,2.55,12300,2.65,28700,0,418200
ONGC30Jan20122.5PE.NFO,07/01/2020,10:45:53,2.7,2.55,12300,2.65,24600,0,418200
ONGC30Jan20122.5PE.NFO,07/01/2020,10:46:08,2.7,2.55,16400,2.65,24600,0,418200
ONGC30Jan20122.5PE.NFO,07/01/2020,10:46:18,2.7,2.55,12300,2.65,24600,0,418200
ONGC30Jan20122.5PE.NFO,07/01/2020,10:46:25,2.7,2.55,16400,2.65,24600,0,418200
ONGC30Jan20122.5PE.NFO,07/01/2020,10:46:35,2.7,2.55,12300,2.65,24600,0,418200
ONGC30Jan20122.5PE.NFO,07/01/2020,10:46:47,2.7,2.55,8200,2.65,24600,0,418200
ONGC30Jan20122.5PE.NFO,07/01/2020,10:47:40,2.7,2.5,32800,2.6,16400,0,418200
ONGC30Jan20122.5PE.NFO,07/01/2020,10:47:44,2.7,2.55,4100,2.6,16400,0,418200
ONGC30Jan20122.5PE.NFO,07/01/2020,10:47:51,2.7,2.5,32800,2.6,16400,0,418200
ONGC30Jan20122.5PE.NFO,07/01/2020,10:47:55,2.7,2.5,36900,2.6,16400,0,418200
ONGC30Jan20122.5PE.NFO,07/01/2020,10:48:15,2.7,2.55,16400,2.65,28700,0,418200
ONGC30Jan20122.5PE.NFO,07/01/2020,10:48:42,2.7,2.55,8200,2.65,28700,0,418200
ONGC30Jan20122.5PE.NFO,07/01/2020,10:48:50,2.7,2.55,12300,2.65,16400,0,418200
ONGC30Jan20122.5PE.NFO,07/01/2020,10:49:08,2.7,2.55,16400,2.65,16400,0,418200
ONGC30Jan20122.5PE.NFO,07/01/2020,10:49:15,2.7,2.6,4100,2.65,16400,0,418200
ONGC30Jan20122.5PE.NFO,07/01/2020,10:49:31,2.7,2.6,8200,2.65,16400,0,418200
ONGC30Jan20122.5PE.NFO,07/01/2020,10:49:39,2.7,2.55,12300,2.65,20500,0,418200
ONGC30Jan20122.5PE.NFO,07/01/2020,10:49:59,2.7,2.6,8200,2.65,16400,0,418200
ONGC30Jan20122.5PE.NFO,07/01/2020,10:50:04,2.7,2.6,16400,2.7,28700,0,418200
ONGC30Jan20122.5PE.NFO,07/01/2020,10:50:10,2.7,2.6,8200,2.7,28700,0,418200
ONGC30Jan20122.5PE.NFO,07/01/2020,10:50:26,2.7,2.6,8200,2.7,24600,0,418200
ONGC30Jan20122.5PE.NFO,07/01/2020,10:50:31,2.7,2.6,8200,2.7,20500,0,418200
ONGC30Jan20122.5PE.NFO,07/01/2020,10:50:37,2.7,2.6,8200,2.7,24600,0,418200
ONGC30Jan20122.5PE.NFO,07/01/2020,10:50:42,2.7,2.6,8200,2.7,20500,0,418200
ONGC30Jan20122.5PE.NFO,07/01/2020,10:51:24,2.7,2.6,8200,2.7,24600,0,418200
ONGC30Jan20122.5PE.NFO,07/01/2020,10:51:47,2.7,2.6,8200,2.7,32800,0,418200
ONGC30Jan20122.5PE.NFO,07/01/2020,10:51:56,2.7,2.6,8200,2.7,24600,0,418200
ONGC30Jan20122.5PE.NFO,07/01/2020,10:52:13,2.7,2.6,8200,2.7,28700,0,418200
ONGC30Jan20122.5PE.NFO,07/01/2020,10:52:18,2.7,2.6,8200,2.7,32800,0,418200
ONGC30Jan20122.5PE.NFO,07/01/2020,10:52:23,2.7,2.6,8200,2.7,28700,0,418200
ONGC30Jan20122.5PE.NFO,07/01/2020,10:52:56,2.7,2.6,8200,2.7,24600,0,418200
ONGC30Jan20122.5PE.NFO,07/01/2020,10:53:15,2.7,2.65,8200,2.7,16400,0,418200
ONGC30Jan20122.5PE.NFO,07/01/2020,10:53:22,2.7,2.65,16400,2.75,24600,0,418200
ONGC30Jan20122.5PE.NFO,07/01/2020,10:53:28,2.7,2.65,16400,2.7,4100,0,418200
ONGC30Jan20122.5PE.NFO,07/01/2020,10:53:33,2.7,2.65,8200,2.7,4100,0,418200
ONGC30Jan20122.5PE.NFO,07/01/2020,10:53:50,2.7,2.65,8200,2.75,20500,0,418200
ONGC30Jan20122.5PE.NFO,07/01/2020,10:54:35,2.7,2.65,8200,2.75,24600,0,418200
ONGC30Jan20122.5PE.NFO,07/01/2020,10:54:40,2.7,2.65,8200,2.75,20500,0,418200
ONGC30Jan20122.5PE.NFO,07/01/2020,10:54:45,2.7,2.65,8200,2.75,28700,0,418200
ONGC30Jan20122.5PE.NFO,07/01/2020,10:54:54,2.7,2.65,8200,2.75,20500,0,418200
ONGC30Jan20122.5PE.NFO,07/01/2020,10:55:08,2.7,2.65,8200,2.75,24600,0,418200
ONGC30Jan20122.5PE.NFO,07/01/2020,10:55:25,2.7,2.65,16400,2.75,20500,0,418200
ONGC30Jan20122.5PE.NFO,07/01/2020,10:55:30,2.7,2.65,16400,2.75,24600,0,418200
ONGC30Jan20122.5PE.NFO,07/01/2020,10:57:24,2.7,2.7,16400,2.8,16400,4100,418200
ONGC30Jan20122.5PE.NFO,07/01/2020,10:57:31,2.7,2.7,12300,2.8,20500,0,418200
ONGC30Jan20122.5PE.NFO,07/01/2020,10:57:37,2.7,2.65,20500,2.75,16400,0,418200
ONGC30Jan20122.5PE.NFO,07/01/2020,10:57:49,2.7,2.7,8200,2.75,16400,0,418200
ONGC30Jan20122.5PE.NFO,07/01/2020,10:58:08,2.7,2.65,28700,2.75,16400,0,418200
ONGC30Jan20122.5PE.NFO,07/01/2020,10:58:29,2.7,2.7,12300,2.75,16400,0,418200
ONGC30Jan20122.5PE.NFO,07/01/2020,10:58:40,2.7,2.65,16400,2.75,20500,0,418200
ONGC30Jan20122.5PE.NFO,07/01/2020,10:58:57,2.7,2.6,36900,2.7,20500,0,418200
ONGC30Jan20122.5PE.NFO,07/01/2020,10:59:03,2.7,2.6,28700,2.7,4100,16400,418200
ONGC30Jan20122.5PE.NFO,07/01/2020,10:59:09,2.7,2.6,28700,2.7,4100,0,418200
ONGC30Jan20122.5PE.NFO,07/01/2020,10:59:14,2.7,2.6,32800,2.7,4100,0,418200
ONGC30Jan20122.5PE.NFO,07/01/2020,10:59:23,2.7,2.65,32800,2.75,4100,0,418200
ONGC30Jan20122.5PE.NFO,07/01/2020,10:59:34,2.7,2.7,28700,2.8,16400,0,418200
ONGC30Jan20122.5PE.NFO,07/01/2020,10:59:46,2.7,2.7,36900,2.8,4100,0,418200
ONGC30Jan20122.5PE.NFO,07/01/2020,11:00:08,2.7,2.7,24600,2.8,8200,0,418200
ONGC30Jan20122.5PE.NFO,07/01/2020,11:00:21,2.7,2.65,36900,2.75,4100,0,418200
ONGC30Jan20122.5PE.NFO,07/01/2020,11:00:27,2.7,2.7,36900,2.8,12300,0,418200
ONGC30Jan20122.5PE.NFO,07/01/2020,11:00:42,2.7,2.7,32800,2.8,12300,0,418200
ONGC30Jan20122.5PE.NFO,07/01/2020,11:00:55,2.7,2.7,32800,2.8,8200,0,418200
ONGC30Jan20122.5PE.NFO,07/01/2020,11:01:03,2.7,2.7,36900,2.8,16400,0,418200
ONGC30Jan20122.5PE.NFO,07/01/2020,11:01:11,2.7,2.7,36900,2.8,8200,0,418200
ONGC30Jan20122.5PE.NFO,07/01/2020,11:01:18,2.7,2.7,36900,2.8,12300,0,418200
ONGC30Jan20122.5PE.NFO,07/01/2020,11:01:40,2.7,2.7,36900,2.8,8200,0,418200
ONGC30Jan20122.5PE.NFO,07/01/2020,11:01:48,2.7,2.65,36900,2.8,16400,0,418200
ONGC30Jan20122.5PE.NFO,07/01/2020,11:02:03,2.7,2.65,36900,2.8,12300,0,418200
ONGC30Jan20122.5PE.NFO,07/01/2020,11:02:10,2.7,2.65,32800,2.75,4100,0,418200
ONGC30Jan20122.5PE.NFO,07/01/2020,11:02:17,2.7,2.65,24600,2.75,4100,0,418200
ONGC30Jan20122.5PE.NFO,07/01/2020,11:02:24,2.7,2.65,20500,2.75,4100,0,418200
ONGC30Jan20122.5PE.NFO,07/01/2020,11:02:30,2.7,2.65,24600,2.75,4100,0,418200
ONGC30Jan20122.5PE.NFO,07/01/2020,11:02:38,2.7,2.65,32800,2.75,4100,0,418200
ONGC30Jan20122.5PE.NFO,07/01/2020,11:02:44,2.7,2.7,8200,2.8,16400,0,418200
ONGC30Jan20122.5PE.NFO,07/01/2020,11:02:57,2.7,2.7,16400,2.8,12300,0,418200
ONGC30Jan20122.5PE.NFO,07/01/2020,11:03:41,2.7,2.75,20500,2.85,24600,0,418200
ONGC30Jan20122.5PE.NFO,07/01/2020,11:03:49,2.7,2.75,4100,2.85,24600,0,418200
ONGC30Jan20122.5PE.NFO,07/01/2020,11:04:16,2.7,2.7,16400,2.8,24600,0,418200
ONGC30Jan20122.5PE.NFO,07/01/2020,11:04:34,2.7,2.7,12300,2.8,20500,0,418200
ONGC30Jan20122.5PE.NFO,07/01/2020,11:04:49,2.7,2.7,12300,2.8,24600,0,418200
ONGC30Jan20122.5PE.NFO,07/01/2020,11:05:03,2.7,2.7,12300,2.8,20500,0,418200
ONGC30Jan20122.5PE.NFO,07/01/2020,11:05:16,2.7,2.7,12300,2.8,24600,0,418200
ONGC30Jan20122.5PE.NFO,07/01/2020,11:05:36,2.7,2.7,12300,2.8,20500,0,418200
ONGC30Jan20122.5PE.NFO,07/01/2020,11:05:42,2.7,2.7,12300,2.8,24600,0,418200
ONGC30Jan20122.5PE.NFO,07/01/2020,11:05:48,2.7,2.7,12300,2.8,20500,0,418200
ONGC30Jan20122.5PE.NFO,07/01/2020,11:05:56,2.7,2.7,12300,2.8,32800,0,418200
ONGC30Jan20122.5PE.NFO,07/01/2020,11:06:09,2.7,2.65,36900,2.8,32800,0,418200
ONGC30Jan20122.5PE.NFO,07/01/2020,11:06:16,2.7,2.65,32800,2.8,32800,0,418200
ONGC30Jan20122.5PE.NFO,07/01/2020,11:06:45,2.7,2.7,24600,2.8,32800,0,418200
ONGC30Jan20122.5PE.NFO,07/01/2020,11:07:33,2.7,2.7,24600,2.8,28700,0,418200
ONGC30Jan20122.5PE.NFO,07/01/2020,11:07:38,2.7,2.7,24600,2.8,32800,0,418200
ONGC30Jan20122.5PE.NFO,07/01/2020,11:08:27,2.7,2.7,12300,2.8,32800,0,418200
ONGC30Jan20122.5PE.NFO,07/01/2020,11:09:31,2.7,2.65,32800,2.8,32800,0,418200
ONGC30Jan20122.5PE.NFO,07/01/2020,11:09:36,2.7,2.7,4100,2.8,32800,0,418200
ONGC30Jan20122.5PE.NFO,07/01/2020,11:10:22,2.7,2.7,12300,2.8,32800,0,418200
ONGC30Jan20122.5PE.NFO,07/01/2020,11:11:02,2.7,2.7,12300,2.8,28700,0,418200
ONGC30Jan20122.5PE.NFO,07/01/2020,11:11:12,2.7,2.7,12300,2.8,16400,0,418200
ONGC30Jan20122.5PE.NFO,07/01/2020,11:11:18,2.7,2.75,20500,2.85,32800,0,418200
ONGC30Jan20122.5PE.NFO,07/01/2020,11:11:25,2.7,2.75,12300,2.85,4100,0,418200
ONGC30Jan20122.5PE.NFO,07/01/2020,11:11:34,2.7,2.75,20500,2.85,8200,0,418200
ONGC30Jan20122.5PE.NFO,07/01/2020,11:11:48,2.7,2.75,12300,2.8,20500,0,418200
ONGC30Jan20122.5PE.NFO,07/01/2020,11:11:54,2.7,2.75,12300,2.8,4100,0,418200
ONGC30Jan20122.5PE.NFO,07/01/2020,11:12:01,2.7,2.75,24600,2.85,12300,0,418200
ONGC30Jan20122.5PE.NFO,07/01/2020,11:12:17,2.7,2.75,12300,2.85,16400,0,418200
ONGC30Jan20122.5PE.NFO,07/01/2020,11:12:40,2.7,2.75,12300,2.85,8200,0,418200
ONGC30Jan20122.5PE.NFO,07/01/2020,11:12:46,2.7,2.75,12300,2.85,12300,0,418200
ONGC30Jan20122.5PE.NFO,07/01/2020,11:12:57,2.7,2.75,12300,2.85,8200,0,418200
ONGC30Jan20122.5PE.NFO,07/01/2020,11:13:02,2.7,2.8,12300,2.85,4100,0,418200
ONGC30Jan20122.5PE.NFO,07/01/2020,11:13:06,2.7,2.75,12300,2.85,28700,0,418200
ONGC30Jan20122.5PE.NFO,07/01/2020,11:13:17,2.8,2.8,8200,2.85,24600,4100,397700
ONGC30Jan20122.5PE.NFO,07/01/2020,11:13:23,2.8,2.75,12300,2.85,32800,0,397700
ONGC30Jan20122.5PE.NFO,07/01/2020,11:13:46,2.8,2.75,12300,2.85,24600,0,397700
ONGC30Jan20122.5PE.NFO,07/01/2020,11:13:52,2.8,2.75,12300,2.85,32800,0,397700
ONGC30Jan20122.5PE.NFO,07/01/2020,11:14:33,2.8,2.75,4100,2.85,32800,0,397700
ONGC30Jan20122.5PE.NFO,07/01/2020,11:14:37,2.8,2.75,12300,2.85,32800,0,397700
ONGC30Jan20122.5PE.NFO,07/01/2020,11:14:46,2.8,2.7,12300,2.85,32800,0,397700
ONGC30Jan20122.5PE.NFO,07/01/2020,11:14:51,2.8,2.75,8200,2.85,32800,0,397700
ONGC30Jan20122.5PE.NFO,07/01/2020,11:15:09,2.8,2.75,12300,2.85,32800,0,397700
ONGC30Jan20122.5PE.NFO,07/01/2020,11:15:26,2.8,2.75,12300,2.85,28700,0,397700
ONGC30Jan20122.5PE.NFO,07/01/2020,11:15:32,2.8,2.75,12300,2.85,32800,0,397700
ONGC30Jan20122.5PE.NFO,07/01/2020,11:17:26,2.8,2.75,12300,2.8,16400,0,397700
ONGC30Jan20122.5PE.NFO,07/01/2020,11:17:44,2.8,2.75,12300,2.8,12300,0,397700
ONGC30Jan20122.5PE.NFO,07/01/2020,11:17:55,2.8,2.7,12300,2.8,20500,0,397700
ONGC30Jan20122.5PE.NFO,07/01/2020,11:18:18,2.8,2.7,12300,2.8,16400,0,397700
ONGC30Jan20122.5PE.NFO,07/01/2020,11:18:27,2.8,2.75,8200,2.8,12300,0,397700
ONGC30Jan20122.5PE.NFO,07/01/2020,11:18:37,2.8,2.7,12300,2.8,12300,0,397700
ONGC30Jan20122.5PE.NFO,07/01/2020,11:18:45,2.8,2.6,28700,2.7,45100,0,397700
ONGC30Jan20122.5PE.NFO,07/01/2020,11:18:52,2.8,2.6,12300,2.7,41000,0,397700
ONGC30Jan20122.5PE.NFO,07/01/2020,11:18:58,2.8,2.6,12300,2.7,45100,0,397700
ONGC30Jan20122.5PE.NFO,07/01/2020,11:19:15,2.65,2.65,20500,2.7,32800,12300,393600
ONGC30Jan20122.5PE.NFO,07/01/2020,11:19:23,2.65,2.65,20500,2.75,32800,12300,393600
ONGC30Jan20122.5PE.NFO,07/01/2020,11:19:31,2.65,2.65,8200,2.75,41000,0,393600
ONGC30Jan20122.5PE.NFO,07/01/2020,11:19:38,2.65,2.65,8200,2.75,32800,0,393600
ONGC30Jan20122.5PE.NFO,07/01/2020,11:19:43,2.65,2.65,8200,2.75,41000,0,393600
ONGC30Jan20122.5PE.NFO,07/01/2020,11:19:54,2.65,2.65,8200,2.75,36900,0,393600
ONGC30Jan20122.5PE.NFO,07/01/2020,11:19:57,2.65,2.6,28700,2.7,24600,0,393600
ONGC30Jan20122.5PE.NFO,07/01/2020,11:20:01,2.65,2.6,24600,2.7,24600,0,393600
ONGC30Jan20122.5PE.NFO,07/01/2020,11:20:51,2.55,2.55,24600,2.65,28700,16400,397700
ONGC30Jan20122.5PE.NFO,07/01/2020,11:20:57,2.55,2.55,24600,2.65,36900,0,397700
ONGC30Jan20122.5PE.NFO,07/01/2020,11:21:17,2.55,2.55,20500,2.65,36900,0,397700
ONGC30Jan20122.5PE.NFO,07/01/2020,11:21:26,2.55,2.55,24600,2.65,36900,0,397700
ONGC30Jan20122.5PE.NFO,07/01/2020,11:21:31,2.55,2.55,28700,2.65,20500,0,397700
ONGC30Jan20122.5PE.NFO,07/01/2020,11:21:51,2.55,2.55,24600,2.65,20500,0,397700
ONGC30Jan20122.5PE.NFO,07/01/2020,11:22:00,2.55,2.55,16400,2.65,24600,0,397700
ONGC30Jan20122.5PE.NFO,07/01/2020,11:22:09,2.55,2.55,8200,2.65,41000,0,397700
ONGC30Jan20122.5PE.NFO,07/01/2020,11:22:16,2.55,2.55,8200,2.65,45100,0,397700
ONGC30Jan20122.5PE.NFO,07/01/2020,11:22:20,2.55,2.55,12300,2.65,45100,0,397700
ONGC30Jan20122.5PE.NFO,07/01/2020,11:22:24,2.55,2.5,36900,2.6,16400,0,397700
ONGC30Jan20122.5PE.NFO,07/01/2020,11:22:29,2.55,2.5,36900,2.6,24600,0,397700
ONGC30Jan20122.5PE.NFO,07/01/2020,11:22:44,2.55,2.55,16400,2.65,36900,0,397700
ONGC30Jan20122.5PE.NFO,07/01/2020,11:22:51,2.55,2.5,32800,2.6,16400,0,397700
ONGC30Jan20122.5PE.NFO,07/01/2020,11:22:59,2.55,2.5,28700,2.6,28700,0,397700
ONGC30Jan20122.5PE.NFO,07/01/2020,11:23:09,2.55,2.5,32800,2.6,28700,0,397700
ONGC30Jan20122.5PE.NFO,07/01/2020,11:23:23,2.55,2.5,32800,2.6,32800,0,397700
ONGC30Jan20122.5PE.NFO,07/01/2020,11:23:33,2.55,2.5,20500,2.6,32800,0,397700
ONGC30Jan20122.5PE.NFO,07/01/2020,11:23:37,2.55,2.5,28700,2.6,32800,0,397700
ONGC30Jan20122.5PE.NFO,07/01/2020,11:23:42,2.55,2.5,24600,2.6,32800,0,397700
ONGC30Jan20122.5PE.NFO,07/01/2020,11:23:51,2.55,2.5,28700,2.6,32800,0,397700
ONGC30Jan20122.5PE.NFO,07/01/2020,11:23:54,2.55,2.5,32800,2.6,32800,0,397700
ONGC30Jan20122.5PE.NFO,07/01/2020,11:23:59,2.55,2.5,32800,2.6,20500,0,397700
ONGC30Jan20122.5PE.NFO,07/01/2020,11:24:27,2.55,2.55,16400,2.6,8200,0,397700
ONGC30Jan20122.5PE.NFO,07/01/2020,11:24:32,2.55,2.5,28700,2.6,28700,0,397700
ONGC30Jan20122.5PE.NFO,07/01/2020,11:24:37,2.55,2.5,16400,2.55,12300,0,397700
ONGC30Jan20122.5PE.NFO,07/01/2020,11:24:46,2.55,2.5,20500,2.55,12300,0,397700
ONGC30Jan20122.5PE.NFO,07/01/2020,11:24:51,2.55,2.5,24600,2.55,12300,0,397700
ONGC30Jan20122.5PE.NFO,07/01/2020,11:24:55,2.55,2.5,24600,2.55,8200,0,397700
ONGC30Jan20122.5PE.NFO,07/01/2020,11:25:14,2.55,2.5,28700,2.6,32800,0,397700
ONGC30Jan20122.5PE.NFO,07/01/2020,11:25:22,2.55,2.5,41000,2.6,32800,0,397700
ONGC30Jan20122.5PE.NFO,07/01/2020,11:25:29,2.55,2.5,41000,2.6,28700,0,397700
ONGC30Jan20122.5PE.NFO,07/01/2020,11:25:41,2.55,2.5,24600,2.6,32800,0,397700
ONGC30Jan20122.5PE.NFO,07/01/2020,11:25:59,2.55,2.5,24600,2.6,28700,0,397700
ONGC30Jan20122.5PE.NFO,07/01/2020,11:26:07,2.55,2.5,24600,2.6,32800,0,397700
ONGC30Jan20122.5PE.NFO,07/01/2020,11:26:14,2.55,2.5,24600,2.6,28700,0,397700
ONGC30Jan20122.5PE.NFO,07/01/2020,11:26:17,2.55,2.5,24600,2.6,32800,0,397700
ONGC30Jan20122.5PE.NFO,07/01/2020,11:26:23,2.55,2.5,41000,2.6,28700,0,397700
ONGC30Jan20122.5PE.NFO,07/01/2020,11:26:40,2.55,2.55,20500,2.6,4100,0,397700
ONGC30Jan20122.5PE.NFO,07/01/2020,11:27:17,2.55,2.55,20500,2.65,36900,0,397700
ONGC30Jan20122.5PE.NFO,07/01/2020,11:27:35,2.55,2.55,20500,2.65,32800,0,397700
ONGC30Jan20122.5PE.NFO,07/01/2020,11:27:38,2.55,2.55,24600,2.65,36900,0,397700
ONGC30Jan20122.5PE.NFO,07/01/2020,11:27:41,2.55,2.55,28700,2.65,28700,0,397700
ONGC30Jan20122.5PE.NFO,07/01/2020,11:27:53,2.55,2.55,28700,2.65,32800,0,397700
ONGC30Jan20122.5PE.NFO,07/01/2020,11:28:01,2.55,2.55,28700,2.65,36900,0,397700
ONGC30Jan20122.5PE.NFO,07/01/2020,11:28:07,2.55,2.55,32800,2.65,36900,0,397700
ONGC30Jan20122.5PE.NFO,07/01/2020,11:28:11,2.55,2.55,24600,2.6,8200,0,397700
ONGC30Jan20122.5PE.NFO,07/01/2020,11:28:19,2.55,2.55,28700,2.65,32800,0,397700
ONGC30Jan20122.5PE.NFO,07/01/2020,11:28:23,2.55,2.55,32800,2.65,36900,0,397700
ONGC30Jan20122.5PE.NFO,07/01/2020,11:28:26,2.55,2.55,12300,2.6,16400,0,397700
ONGC30Jan20122.5PE.NFO,07/01/2020,11:28:34,2.55,2.55,16400,2.6,16400,0,397700
ONGC30Jan20122.5PE.NFO,07/01/2020,11:28:45,2.55,2.55,16400,2.6,8200,0,397700
ONGC30Jan20122.5PE.NFO,07/01/2020,11:28:57,2.55,2.55,12300,2.6,8200,0,397700
ONGC30Jan20122.5PE.NFO,07/01/2020,11:29:01,2.55,2.5,41000,2.6,20500,0,397700
ONGC30Jan20122.5PE.NFO,07/01/2020,11:29:09,2.55,2.5,45100,2.6,20500,0,397700
ONGC30Jan20122.5PE.NFO,07/01/2020,11:29:13,2.55,2.5,41000,2.6,20500,0,397700
ONGC30Jan20122.5PE.NFO,07/01/2020,11:29:20,2.55,2.5,45100,2.6,8200,0,397700
ONGC30Jan20122.5PE.NFO,07/01/2020,11:29:48,2.55,2.55,24600,2.65,32800,0,397700
ONGC30Jan20122.5PE.NFO,07/01/2020,11:29:52,2.55,2.55,24600,2.6,16400,0,397700
ONGC30Jan20122.5PE.NFO,07/01/2020,11:29:55,2.55,2.55,16400,2.65,36900,0,397700
ONGC30Jan20122.5PE.NFO,07/01/2020,11:29:57,2.55,2.55,20500,2.65,36900,0,397700
ONGC30Jan20122.5PE.NFO,07/01/2020,11:29:59,2.55,2.55,16400,2.6,8200,0,397700
ONGC30Jan20122.5PE.NFO,07/01/2020,11:30:20,2.55,2.55,8200,2.6,8200,0,397700
ONGC30Jan20122.5PE.NFO,07/01/2020,11:30:46,2.55,2.55,16400,2.6,8200,0,397700
ONGC30Jan20122.5PE.NFO,07/01/2020,11:30:55,2.55,2.55,16400,2.65,36900,0,397700
ONGC30Jan20122.5PE.NFO,07/01/2020,11:30:58,2.55,2.55,16400,2.65,41000,0,397700
ONGC30Jan20122.5PE.NFO,07/01/2020,11:31:03,2.55,2.5,24600,2.55,8200,0,397700
ONGC30Jan20122.5PE.NFO,07/01/2020,11:31:10,2.55,2.5,8200,2.55,20500,0,397700
ONGC30Jan20122.5PE.NFO,07/01/2020,11:31:15,2.55,2.5,20500,2.6,41000,0,397700
ONGC30Jan20122.5PE.NFO,07/01/2020,11:31:30,2.55,2.5,12300,2.55,8200,0,397700
ONGC30Jan20122.5PE.NFO,07/01/2020,11:31:51,2.55,2.5,20500,2.55,8200,0,397700
ONGC30Jan20122.5PE.NFO,07/01/2020,11:32:59,2.55,2.5,12300,2.55,8200,0,397700
ONGC30Jan20122.5PE.NFO,07/01/2020,11:33:10,2.55,2.5,20500,2.55,8200,0,397700
ONGC30Jan20122.5PE.NFO,07/01/2020,11:33:13,2.55,2.45,28700,2.55,32800,0,397700
ONGC30Jan20122.5PE.NFO,07/01/2020,11:33:17,2.55,2.45,28700,2.55,28700,0,397700
ONGC30Jan20122.5PE.NFO,07/01/2020,11:33:21,2.55,2.45,41000,2.55,24600,0,397700
ONGC30Jan20122.5PE.NFO,07/01/2020,11:33:34,2.55,2.45,36900,2.55,8200,0,397700
ONGC30Jan20122.5PE.NFO,07/01/2020,11:33:38,2.55,2.45,28700,2.55,12300,0,397700
ONGC30Jan20122.5PE.NFO,07/01/2020,11:33:55,2.55,2.45,24600,2.55,24600,0,397700
ONGC30Jan20122.5PE.NFO,07/01/2020,11:34:01,2.55,2.45,32800,2.55,20500,0,397700
ONGC30Jan20122.5PE.NFO,07/01/2020,11:34:15,2.55,2.45,24600,2.55,32800,0,397700
ONGC30Jan20122.5PE.NFO,07/01/2020,11:34:22,2.55,2.5,4100,2.55,28700,0,397700
ONGC30Jan20122.5PE.NFO,07/01/2020,11:34:28,2.55,2.5,4100,2.55,24600,0,397700
ONGC30Jan20122.5PE.NFO,07/01/2020,11:34:34,2.5,2.45,20500,2.55,24600,4100,405900
ONGC30Jan20122.5PE.NFO,07/01/2020,11:34:34,2.5,2.45,20500,2.55,24600,0,405900
ONGC30Jan20122.5PE.NFO,07/01/2020,11:34:41,2.5,2.45,32800,2.55,12300,0,405900
ONGC30Jan20122.5PE.NFO,07/01/2020,11:35:05,2.5,2.5,8200,2.55,8200,0,405900
ONGC30Jan20122.5PE.NFO,07/01/2020,11:35:11,2.5,2.45,20500,2.55,32800,0,405900
ONGC30Jan20122.5PE.NFO,07/01/2020,11:35:18,2.5,2.45,20500,2.55,28700,0,405900
ONGC30Jan20122.5PE.NFO,07/01/2020,11:35:24,2.5,2.45,20500,2.5,8200,0,405900
ONGC30Jan20122.5PE.NFO,07/01/2020,11:35:35,2.5,2.45,24600,2.5,8200,0,405900
ONGC30Jan20122.5PE.NFO,07/01/2020,11:35:42,2.5,2.45,24600,2.55,28700,0,405900
ONGC30Jan20122.5PE.NFO,07/01/2020,11:35:48,2.5,2.45,20500,2.55,28700,0,405900
ONGC30Jan20122.5PE.NFO,07/01/2020,11:35:53,2.5,2.45,20500,2.55,24600,0,405900
ONGC30Jan20122.5PE.NFO,07/01/2020,11:36:04,2.5,2.45,24600,2.55,24600,0,405900
ONGC30Jan20122.5PE.NFO,07/01/2020,11:36:13,2.5,2.45,24600,2.55,28700,0,405900
ONGC30Jan20122.5PE.NFO,07/01/2020,11:36:17,2.5,2.45,20500,2.55,28700,0,405900
ONGC30Jan20122.5PE.NFO,07/01/2020,11:36:22,2.5,2.45,36900,2.55,24600,0,405900
ONGC30Jan20122.5PE.NFO,07/01/2020,11:36:28,2.5,2.45,32800,2.55,24600,0,405900
ONGC30Jan20122.5PE.NFO,07/01/2020,11:36:34,2.5,2.45,28700,2.55,24600,0,405900
ONGC30Jan20122.5PE.NFO,07/01/2020,11:36:43,2.5,2.45,24600,2.55,24600,0,405900
ONGC30Jan20122.5PE.NFO,07/01/2020,11:37:03,2.5,2.45,28700,2.55,8200,0,405900
ONGC30Jan20122.5PE.NFO,07/01/2020,11:37:18,2.5,2.5,20500,2.6,28700,0,405900
ONGC30Jan20122.5PE.NFO,07/01/2020,11:37:27,2.5,2.5,20500,2.6,32800,0,405900
ONGC30Jan20122.5PE.NFO,07/01/2020,11:37:36,2.5,2.5,20500,2.55,8200,0,405900
ONGC30Jan20122.5PE.NFO,07/01/2020,11:37:42,2.5,2.5,4100,2.55,8200,0,405900
ONGC30Jan20122.5PE.NFO,07/01/2020,11:37:52,2.5,2.5,20500,2.55,8200,0,405900
ONGC30Jan20122.5PE.NFO,07/01/2020,11:38:06,2.5,2.5,16400,2.55,8200,0,405900
ONGC30Jan20122.5PE.NFO,07/01/2020,11:38:35,2.5,2.5,20500,2.6,49200,0,405900
ONGC30Jan20122.5PE.NFO,07/01/2020,11:38:38,2.5,2.5,20500,2.55,8200,0,405900
ONGC30Jan20122.5PE.NFO,07/01/2020,11:38:56,2.5,2.45,24600,2.55,28700,0,405900
ONGC30Jan20122.5PE.NFO,07/01/2020,11:39:00,2.5,2.45,24600,2.55,24600,0,405900
ONGC30Jan20122.5PE.NFO,07/01/2020,11:39:07,2.5,2.45,28700,2.55,24600,0,405900
ONGC30Jan20122.5PE.NFO,07/01/2020,11:39:18,2.5,2.45,20500,2.55,28700,0,405900
ONGC30Jan20122.5PE.NFO,07/01/2020,11:39:32,2.5,2.45,24600,2.55,28700,0,405900
ONGC30Jan20122.5PE.NFO,07/01/2020,11:39:38,2.5,2.45,28700,2.55,28700,0,405900
ONGC30Jan20122.5PE.NFO,07/01/2020,11:39:47,2.5,2.45,36900,2.55,24600,0,405900
ONGC30Jan20122.5PE.NFO,07/01/2020,11:39:55,2.5,2.45,36900,2.55,16400,0,405900
ONGC30Jan20122.5PE.NFO,07/01/2020,11:41:11,2.5,2.5,8200,2.55,16400,0,405900
ONGC30Jan20122.5PE.NFO,07/01/2020,11:41:34,2.5,2.45,36900,2.55,16400,0,405900
ONGC30Jan20122.5PE.NFO,07/01/2020,11:42:03,2.5,2.5,8200,2.55,16400,0,405900
ONGC30Jan20122.5PE.NFO,07/01/2020,11:42:15,2.5,2.45,36900,2.55,16400,0,405900
ONGC30Jan20122.5PE.NFO,07/01/2020,11:42:36,2.5,2.45,28700,2.55,8200,0,405900
ONGC30Jan20122.5PE.NFO,07/01/2020,11:42:42,2.5,2.45,36900,2.55,16400,0,405900
ONGC30Jan20122.5PE.NFO,07/01/2020,11:43:19,2.5,2.45,32800,2.55,8200,0,405900
ONGC30Jan20122.5PE.NFO,07/01/2020,11:43:24,2.5,2.5,16400,2.55,16400,0,405900
ONGC30Jan20122.5PE.NFO,07/01/2020,11:43:27,2.5,2.5,8200,2.55,8200,0,405900
ONGC30Jan20122.5PE.NFO,07/01/2020,11:43:31,2.5,2.45,28700,2.55,8200,0,405900
ONGC30Jan20122.5PE.NFO,07/01/2020,11:43:36,2.5,2.45,36900,2.55,16400,0,405900
ONGC30Jan20122.5PE.NFO,07/01/2020,11:44:01,2.5,2.45,32800,2.55,16400,0,405900
ONGC30Jan20122.5PE.NFO,07/01/2020,11:44:38,2.5,2.45,36900,2.55,16400,0,405900
ONGC30Jan20122.5PE.NFO,07/01/2020,11:45:37,2.5,2.5,4100,2.55,16400,0,405900
ONGC30Jan20122.5PE.NFO,07/01/2020,11:45:50,2.5,2.5,4100,2.55,8200,0,405900
ONGC30Jan20122.5PE.NFO,07/01/2020,11:46:29,2.55,2.5,8200,2.55,4100,4100,410000
ONGC30Jan20122.5PE.NFO,07/01/2020,11:46:35,2.55,2.5,8200,2.6,32800,0,410000
ONGC30Jan20122.5PE.NFO,07/01/2020,11:46:42,2.55,2.5,8200,2.6,36900,0,410000
ONGC30Jan20122.5PE.NFO,07/01/2020,11:46:45,2.55,2.5,8200,2.6,32800,0,410000
ONGC30Jan20122.5PE.NFO,07/01/2020,11:46:49,2.55,2.55,4100,2.6,32800,0,410000
ONGC30Jan20122.5PE.NFO,07/01/2020,11:46:54,2.55,2.5,8200,2.6,32800,4100,410000
ONGC30Jan20122.5PE.NFO,07/01/2020,11:46:56,2.55,2.5,8200,2.6,32800,0,410000
ONGC30Jan20122.5PE.NFO,07/01/2020,11:46:59,2.55,2.5,8200,2.6,28700,0,410000
ONGC30Jan20122.5PE.NFO,07/01/2020,11:47:19,2.55,2.5,8200,2.6,32800,0,410000
ONGC30Jan20122.5PE.NFO,07/01/2020,11:47:23,2.55,2.5,8200,2.6,28700,0,410000
ONGC30Jan20122.5PE.NFO,07/01/2020,11:47:32,2.55,2.5,16400,2.6,28700,0,410000
ONGC30Jan20122.5PE.NFO,07/01/2020,11:47:37,2.55,2.5,16400,2.6,20500,0,410000
ONGC30Jan20122.5PE.NFO,07/01/2020,11:47:41,2.55,2.5,20500,2.6,24600,0,410000
ONGC30Jan20122.5PE.NFO,07/01/2020,11:48:07,2.55,2.5,20500,2.6,32800,0,410000
ONGC30Jan20122.5PE.NFO,07/01/2020,11:48:49,2.55,2.5,20500,2.6,28700,0,410000
ONGC30Jan20122.5PE.NFO,07/01/2020,11:48:57,2.55,2.5,16400,2.6,28700,0,410000
ONGC30Jan20122.5PE.NFO,07/01/2020,11:49:07,2.55,2.5,16400,2.6,32800,0,410000
ONGC30Jan20122.5PE.NFO,07/01/2020,11:49:29,2.55,2.5,20500,2.6,8200,0,410000
ONGC30Jan20122.5PE.NFO,07/01/2020,11:49:33,2.55,2.5,20500,2.6,12300,0,410000
ONGC30Jan20122.5PE.NFO,07/01/2020,11:49:41,2.55,2.5,20500,2.6,8200,0,410000
ONGC30Jan20122.5PE.NFO,07/01/2020,11:49:55,2.55,2.5,20500,2.6,12300,0,410000
ONGC30Jan20122.5PE.NFO,07/01/2020,11:49:59,2.55,2.55,12300,2.6,8200,0,410000
ONGC30Jan20122.5PE.NFO,07/01/2020,11:50:04,2.55,2.55,12300,2.65,24600,0,410000
ONGC30Jan20122.5PE.NFO,07/01/2020,11:50:19,2.55,2.55,24600,2.65,24600,0,410000
ONGC30Jan20122.5PE.NFO,07/01/2020,11:50:24,2.55,2.55,24600,2.65,20500,0,410000
ONGC30Jan20122.5PE.NFO,07/01/2020,11:50:52,2.55,2.55,24600,2.65,24600,0,410000
ONGC30Jan20122.5PE.NFO,07/01/2020,11:51:28,2.55,2.55,20500,2.65,24600,0,410000
ONGC30Jan20122.5PE.NFO,07/01/2020,11:51:43,2.55,2.5,28700,2.6,16400,0,410000
ONGC30Jan20122.5PE.NFO,07/01/2020,11:51:52,2.55,2.5,28700,2.6,12300,0,410000
ONGC30Jan20122.5PE.NFO,07/01/2020,11:52:25,2.55,2.5,28700,2.6,8200,0,410000
ONGC30Jan20122.5PE.NFO,07/01/2020,11:52:30,2.55,2.5,28700,2.6,12300,0,410000
ONGC30Jan20122.5PE.NFO,07/01/2020,11:54:04,2.55,2.55,16400,2.65,24600,0,410000
ONGC30Jan20122.5PE.NFO,07/01/2020,11:54:23,2.55,2.55,16400,2.65,28700,0,410000
ONGC30Jan20122.5PE.NFO,07/01/2020,11:54:33,2.55,2.55,8200,2.65,32800,0,410000
ONGC30Jan20122.5PE.NFO,07/01/2020,11:54:36,2.55,2.5,28700,2.65,32800,0,410000
ONGC30Jan20122.5PE.NFO,07/01/2020,11:55:10,2.55,2.5,24600,2.65,28700,0,410000
ONGC30Jan20122.5PE.NFO,07/01/2020,11:55:13,2.55,2.5,28700,2.65,28700,0,410000
ONGC30Jan20122.5PE.NFO,07/01/2020,11:55:23,2.55,2.55,24600,2.65,20500,0,410000
ONGC30Jan20122.5PE.NFO,07/01/2020,11:55:42,2.55,2.55,28700,2.65,20500,0,410000
ONGC30Jan20122.5PE.NFO,07/01/2020,11:55:52,2.55,2.55,28700,2.65,24600,0,410000
ONGC30Jan20122.5PE.NFO,07/01/2020,11:55:59,2.55,2.55,24600,2.65,24600,0,410000
ONGC30Jan20122.5PE.NFO,07/01/2020,11:56:03,2.55,2.55,24600,2.65,32800,0,410000
ONGC30Jan20122.5PE.NFO,07/01/2020,11:56:31,2.55,2.55,28700,2.65,24600,0,410000
ONGC30Jan20122.5PE.NFO,07/01/2020,11:57:18,2.55,2.55,28700,2.65,20500,0,410000
ONGC30Jan20122.5PE.NFO,07/01/2020,11:57:29,2.55,2.55,28700,2.65,24600,0,410000
ONGC30Jan20122.5PE.NFO,07/01/2020,11:58:46,2.55,2.55,28700,2.65,20500,0,410000
ONGC30Jan20122.5PE.NFO,07/01/2020,11:58:55,2.55,2.55,24600,2.65,28700,0,410000
ONGC30Jan20122.5PE.NFO,07/01/2020,12:00:09,2.55,2.55,32800,2.65,24600,0,410000
ONGC30Jan20122.5PE.NFO,07/01/2020,12:00:34,2.55,2.55,28700,2.65,24600,0,410000
ONGC30Jan20122.5PE.NFO,07/01/2020,12:01:05,2.55,2.55,24600,2.65,24600,0,410000
ONGC30Jan20122.5PE.NFO,07/01/2020,12:01:32,2.55,2.55,24600,2.65,28700,0,410000
ONGC30Jan20122.5PE.NFO,07/01/2020,12:02:26,2.55,2.55,24600,2.65,32800,0,410000
ONGC30Jan20122.5PE.NFO,07/01/2020,12:02:34,2.55,2.5,24600,2.6,24600,0,410000
ONGC30Jan20122.5PE.NFO,07/01/2020,12:02:41,2.55,2.5,16400,2.6,24600,0,410000
ONGC30Jan20122.5PE.NFO,07/01/2020,12:02:54,2.55,2.5,24600,2.6,20500,0,410000
ONGC30Jan20122.5PE.NFO,07/01/2020,12:03:09,2.55,2.5,24600,2.6,8200,0,410000
ONGC30Jan20122.5PE.NFO,07/01/2020,12:03:21,2.55,2.5,16400,2.6,12300,0,410000
ONGC30Jan20122.5PE.NFO,07/01/2020,12:03:27,2.55,2.5,28700,2.6,12300,0,410000
ONGC30Jan20122.5PE.NFO,07/01/2020,12:03:53,2.55,2.5,28700,2.6,8200,0,410000
ONGC30Jan20122.5PE.NFO,07/01/2020,12:04:03,2.55,2.5,28700,2.6,12300,0,410000
ONGC30Jan20122.5PE.NFO,07/01/2020,12:04:32,2.55,2.5,24600,2.6,12300,0,410000
ONGC30Jan20122.5PE.NFO,07/01/2020,12:04:55,2.55,2.5,16400,2.6,12300,0,410000
ONGC30Jan20122.5PE.NFO,07/01/2020,12:05:06,2.55,2.5,16400,2.6,16400,0,410000
ONGC30Jan20122.5PE.NFO,07/01/2020,12:05:28,2.55,2.5,20500,2.6,16400,0,410000
ONGC30Jan20122.5PE.NFO,07/01/2020,12:05:32,2.55,2.5,28700,2.6,12300,0,410000
ONGC30Jan20122.5PE.NFO,07/01/2020,12:05:39,2.55,2.5,20500,2.6,12300,0,410000
ONGC30Jan20122.5PE.NFO,07/01/2020,12:05:50,2.55,2.5,28700,2.6,12300,0,410000
ONGC30Jan20122.5PE.NFO,07/01/2020,12:06:29,2.55,2.5,20500,2.6,12300,0,410000
ONGC30Jan20122.5PE.NFO,07/01/2020,12:06:38,2.55,2.5,24600,2.6,12300,0,410000
ONGC30Jan20122.5PE.NFO,07/01/2020,12:06:48,2.55,2.5,20500,2.6,12300,0,410000
ONGC30Jan20122.5PE.NFO,07/01/2020,12:06:53,2.55,2.5,20500,2.6,16400,0,410000
ONGC30Jan20122.5PE.NFO,07/01/2020,12:07:02,2.55,2.5,20500,2.6,12300,0,410000
ONGC30Jan20122.5PE.NFO,07/01/2020,12:08:06,2.55,2.5,24600,2.6,12300,0,410000
ONGC30Jan20122.5PE.NFO,07/01/2020,12:08:09,2.55,2.5,24600,2.6,16400,0,410000
ONGC30Jan20122.5PE.NFO,07/01/2020,12:08:13,2.55,2.5,20500,2.6,16400,0,410000
ONGC30Jan20122.5PE.NFO,07/01/2020,12:08:53,2.55,2.5,16400,2.55,16400,0,410000
ONGC30Jan20122.5PE.NFO,07/01/2020,12:09:10,2.55,2.5,20500,2.6,24600,0,410000
ONGC30Jan20122.5PE.NFO,07/01/2020,12:09:13,2.55,2.5,16400,2.6,20500,0,410000
ONGC30Jan20122.5PE.NFO,07/01/2020,12:09:15,2.55,2.5,12300,2.55,8200,0,410000
ONGC30Jan20122.5PE.NFO,07/01/2020,12:09:18,2.55,2.5,8200,2.55,8200,0,410000
ONGC30Jan20122.5PE.NFO,07/01/2020,12:10:59,2.55,2.5,16400,2.55,8200,0,410000
ONGC30Jan20122.5PE.NFO,07/01/2020,12:11:59,2.55,2.5,20500,2.6,20500,0,410000
ONGC30Jan20122.5PE.NFO,07/01/2020,12:12:05,2.55,2.5,20500,2.6,32800,0,410000
ONGC30Jan20122.5PE.NFO,07/01/2020,12:12:34,2.55,2.5,24600,2.6,24600,0,410000
ONGC30Jan20122.5PE.NFO,07/01/2020,12:13:22,2.55,2.5,20500,2.6,32800,0,410000
ONGC30Jan20122.5PE.NFO,07/01/2020,12:13:27,2.55,2.5,20500,2.6,28700,0,410000
ONGC30Jan20122.5PE.NFO,07/01/2020,12:14:03,2.55,2.5,12300,2.6,20500,0,410000
ONGC30Jan20122.5PE.NFO,07/01/2020,12:14:10,2.55,2.5,20500,2.6,28700,0,410000
ONGC30Jan20122.5PE.NFO,07/01/2020,12:14:15,2.55,2.5,16400,2.6,28700,0,410000
ONGC30Jan20122.5PE.NFO,07/01/2020,12:14:22,2.55,2.5,20500,2.6,28700,0,410000
ONGC30Jan20122.5PE.NFO,07/01/2020,12:14:55,2.55,2.5,24600,2.6,28700,0,410000
ONGC30Jan20122.5PE.NFO,07/01/2020,12:15:22,2.55,2.5,20500,2.6,36900,0,410000
ONGC30Jan20122.5PE.NFO,07/01/2020,12:15:34,2.55,2.5,24600,2.6,36900,0,410000
ONGC30Jan20122.5PE.NFO,07/01/2020,12:15:42,2.55,2.5,24600,2.6,28700,0,410000
ONGC30Jan20122.5PE.NFO,07/01/2020,12:17:03,2.55,2.45,32800,2.55,24600,0,410000
ONGC30Jan20122.5PE.NFO,07/01/2020,12:18:11,2.55,2.5,16400,2.55,20500,0,410000
ONGC30Jan20122.5PE.NFO,07/01/2020,12:19:59,2.55,2.5,16400,2.6,36900,0,410000
ONGC30Jan20122.5PE.NFO,07/01/2020,12:20:06,2.55,2.5,16400,2.55,8200,0,410000
ONGC30Jan20122.5PE.NFO,07/01/2020,12:20:32,2.55,2.45,36900,2.55,20500,0,410000
ONGC30Jan20122.5PE.NFO,07/01/2020,12:20:43,2.55,2.5,16400,2.55,20500,0,410000
ONGC30Jan20122.5PE.NFO,07/01/2020,12:20:53,2.55,2.5,16400,2.55,8200,0,410000
ONGC30Jan20122.5PE.NFO,07/01/2020,12:22:00,2.55,2.45,32800,2.55,20500,0,410000
ONGC30Jan20122.5PE.NFO,07/01/2020,12:22:25,2.55,2.45,36900,2.55,20500,0,410000
ONGC30Jan20122.5PE.NFO,07/01/2020,12:22:31,2.55,2.5,16400,2.55,8200,0,410000
ONGC30Jan20122.5PE.NFO,07/01/2020,12:23:17,2.55,2.45,32800,2.55,20500,0,410000
ONGC30Jan20122.5PE.NFO,07/01/2020,12:23:22,2.55,2.45,32800,2.55,24600,0,410000
ONGC30Jan20122.5PE.NFO,07/01/2020,12:23:31,2.55,2.45,36900,2.55,24600,0,410000
ONGC30Jan20122.5PE.NFO,07/01/2020,12:24:12,2.55,2.45,24600,2.55,28700,0,410000
ONGC30Jan20122.5PE.NFO,07/01/2020,12:24:19,2.55,2.45,28700,2.55,28700,0,410000
ONGC30Jan20122.5PE.NFO,07/01/2020,12:24:23,2.55,2.45,36900,2.55,28700,0,410000
ONGC30Jan20122.5PE.NFO,07/01/2020,12:24:33,2.55,2.45,36900,2.55,32800,0,410000
ONGC30Jan20122.5PE.NFO,07/01/2020,12:24:43,2.55,2.45,36900,2.55,12300,0,410000
ONGC30Jan20122.5PE.NFO,07/01/2020,12:25:03,2.55,2.45,36900,2.55,8200,0,410000
ONGC30Jan20122.5PE.NFO,07/01/2020,12:25:26,2.55,2.45,41000,2.55,8200,0,410000
ONGC30Jan20122.5PE.NFO,07/01/2020,12:25:28,2.55,2.45,41000,2.55,16400,0,410000
ONGC30Jan20122.5PE.NFO,07/01/2020,12:25:42,2.55,2.45,41000,2.55,12300,0,410000
ONGC30Jan20122.5PE.NFO,07/01/2020,12:25:45,2.55,2.45,41000,2.55,4100,0,410000
ONGC30Jan20122.5PE.NFO,07/01/2020,12:26:09,2.55,2.5,4100,2.55,12300,0,410000
ONGC30Jan20122.5PE.NFO,07/01/2020,12:26:22,2.55,2.5,4100,2.55,8200,0,410000
ONGC30Jan20122.5PE.NFO,07/01/2020,12:26:33,2.55,2.5,8200,2.55,8200,0,410000
ONGC30Jan20122.5PE.NFO,07/01/2020,12:27:00,2.55,2.5,4100,2.55,8200,0,410000
ONGC30Jan20122.5PE.NFO,07/01/2020,12:27:18,2.55,2.5,12300,2.55,8200,0,410000
ONGC30Jan20122.5PE.NFO,07/01/2020,12:28:02,2.55,2.5,28700,2.6,36900,0,410000
ONGC30Jan20122.5PE.NFO,07/01/2020,12:28:07,2.55,2.5,24600,2.55,8200,0,410000
ONGC30Jan20122.5PE.NFO,07/01/2020,12:28:17,2.5,2.45,36900,2.55,20500,8200,410000
ONGC30Jan20122.5PE.NFO,07/01/2020,12:28:21,2.5,2.45,36900,2.5,4100,0,410000
ONGC30Jan20122.5PE.NFO,07/01/2020,12:28:24,2.5,2.45,32800,2.5,4100,0,410000
ONGC30Jan20122.5PE.NFO,07/01/2020,12:28:31,2.5,2.45,24600,2.55,12300,4100,410000
ONGC30Jan20122.5PE.NFO,07/01/2020,12:28:35,2.5,2.45,36900,2.55,20500,0,410000
ONGC30Jan20122.5PE.NFO,07/01/2020,12:28:57,2.5,2.5,16400,2.55,20500,0,410000
ONGC30Jan20122.5PE.NFO,07/01/2020,12:29:04,2.5,2.5,8200,2.55,20500,0,410000
ONGC30Jan20122.5PE.NFO,07/01/2020,12:29:10,2.5,2.45,36900,2.55,20500,0,410000
ONGC30Jan20122.5PE.NFO,07/01/2020,12:29:28,2.5,2.5,8200,2.55,20500,0,410000
ONGC30Jan20122.5PE.NFO,07/01/2020,12:29:37,2.5,2.5,8200,2.55,8200,0,410000
ONGC30Jan20122.5PE.NFO,07/01/2020,12:29:52,2.5,2.5,20500,2.6,36900,0,410000
ONGC30Jan20122.5PE.NFO,07/01/2020,12:30:06,2.5,2.5,20500,2.55,8200,0,410000
ONGC30Jan20122.5PE.NFO,07/01/2020,12:30:17,2.5,2.5,20500,2.55,12300,8200,401800
ONGC30Jan20122.5PE.NFO,07/01/2020,12:30:26,2.5,2.5,8200,2.55,12300,0,401800
ONGC30Jan20122.5PE.NFO,07/01/2020,12:31:15,2.5,2.45,41000,2.55,12300,0,401800
ONGC30Jan20122.5PE.NFO,07/01/2020,12:31:46,2.5,2.45,36900,2.55,12300,0,401800
ONGC30Jan20122.5PE.NFO,07/01/2020,12:31:50,2.5,2.45,41000,2.55,12300,0,401800
ONGC30Jan20122.5PE.NFO,07/01/2020,12:31:54,2.5,2.45,36900,2.55,12300,0,401800
ONGC30Jan20122.5PE.NFO,07/01/2020,12:31:58,2.5,2.45,41000,2.55,12300,0,401800
ONGC30Jan20122.5PE.NFO,07/01/2020,12:32:07,2.5,2.45,36900,2.55,12300,0,401800
ONGC30Jan20122.5PE.NFO,07/01/2020,12:32:11,2.5,2.45,41000,2.55,12300,0,401800
ONGC30Jan20122.5PE.NFO,07/01/2020,12:32:35,2.5,2.5,8200,2.55,12300,0,401800
ONGC30Jan20122.5PE.NFO,07/01/2020,12:32:40,2.5,2.45,41000,2.55,12300,0,401800
ONGC30Jan20122.5PE.NFO,07/01/2020,12:32:46,2.5,2.45,41000,2.55,8200,0,401800
ONGC30Jan20122.5PE.NFO,07/01/2020,12:32:54,2.5,2.5,24600,2.6,20500,0,401800
ONGC30Jan20122.5PE.NFO,07/01/2020,12:32:59,2.5,2.5,24600,2.6,12300,0,401800
ONGC30Jan20122.5PE.NFO,07/01/2020,12:33:04,2.5,2.5,20500,2.6,20500,0,401800
ONGC30Jan20122.5PE.NFO,07/01/2020,12:33:13,2.5,2.5,20500,2.6,16400,0,401800
ONGC30Jan20122.5PE.NFO,07/01/2020,12:33:27,2.5,2.5,20500,2.55,8200,0,401800
ONGC30Jan20122.5PE.NFO,07/01/2020,12:33:40,2.5,2.5,24600,2.6,12300,0,401800
ONGC30Jan20122.5PE.NFO,07/01/2020,12:33:47,2.5,2.5,28700,2.6,16400,0,401800
ONGC30Jan20122.5PE.NFO,07/01/2020,12:33:54,2.5,2.5,20500,2.6,16400,0,401800
ONGC30Jan20122.5PE.NFO,07/01/2020,12:34:13,2.5,2.5,24600,2.6,16400,0,401800
ONGC30Jan20122.5PE.NFO,07/01/2020,12:34:20,2.5,2.5,20500,2.6,16400,0,401800
ONGC30Jan20122.5PE.NFO,07/01/2020,12:34:37,2.5,2.5,24600,2.6,16400,0,401800
ONGC30Jan20122.5PE.NFO,07/01/2020,12:34:46,2.5,2.5,20500,2.6,16400,0,401800
ONGC30Jan20122.5PE.NFO,07/01/2020,12:34:52,2.5,2.5,24600,2.6,16400,0,401800
ONGC30Jan20122.5PE.NFO,07/01/2020,12:35:38,2.5,2.5,20500,2.6,16400,0,401800
ONGC30Jan20122.5PE.NFO,07/01/2020,12:35:57,2.5,2.5,28700,2.6,16400,0,401800
ONGC30Jan20122.5PE.NFO,07/01/2020,12:35:59,2.5,2.5,28700,2.6,8200,0,401800
ONGC30Jan20122.5PE.NFO,07/01/2020,12:36:02,2.5,2.5,28700,2.6,16400,0,401800
ONGC30Jan20122.5PE.NFO,07/01/2020,12:36:05,2.5,2.5,24600,2.6,16400,0,401800
ONGC30Jan20122.5PE.NFO,07/01/2020,12:36:41,2.5,2.5,28700,2.6,8200,0,401800
ONGC30Jan20122.5PE.NFO,07/01/2020,12:36:47,2.5,2.5,32800,2.6,8200,0,401800
ONGC30Jan20122.5PE.NFO,07/01/2020,12:36:50,2.5,2.5,32800,2.6,12300,0,401800
ONGC30Jan20122.5PE.NFO,07/01/2020,12:37:07,2.5,2.5,41000,2.6,12300,0,401800
ONGC30Jan20122.5PE.NFO,07/01/2020,12:37:10,2.5,2.5,41000,2.6,8200,0,401800
ONGC30Jan20122.5PE.NFO,07/01/2020,12:37:38,2.5,2.5,32800,2.6,12300,0,401800
ONGC30Jan20122.5PE.NFO,07/01/2020,12:38:02,2.5,2.5,20500,2.55,8200,0,401800
ONGC30Jan20122.5PE.NFO,07/01/2020,12:38:32,2.5,2.45,32800,2.55,32800,0,401800
ONGC30Jan20122.5PE.NFO,07/01/2020,12:38:37,2.5,2.45,28700,2.55,32800,0,401800
ONGC30Jan20122.5PE.NFO,07/01/2020,12:38:41,2.5,2.45,36900,2.55,28700,0,401800
ONGC30Jan20122.5PE.NFO,07/01/2020,12:38:53,2.5,2.45,32800,2.55,28700,0,401800
ONGC30Jan20122.5PE.NFO,07/01/2020,12:38:57,2.5,2.45,16400,2.5,8200,0,401800
ONGC30Jan20122.5PE.NFO,07/01/2020,12:39:17,2.5,2.45,20500,2.5,8200,0,401800
ONGC30Jan20122.5PE.NFO,07/01/2020,12:39:20,2.5,2.45,32800,2.55,28700,8200,393600
ONGC30Jan20122.5PE.NFO,07/01/2020,12:39:26,2.5,2.45,36900,2.55,28700,0,393600
ONGC30Jan20122.5PE.NFO,07/01/2020,12:40:44,2.5,2.45,32800,2.55,28700,0,393600
ONGC30Jan20122.5PE.NFO,07/01/2020,12:41:21,2.5,2.45,36900,2.55,28700,0,393600
ONGC30Jan20122.5PE.NFO,07/01/2020,12:42:01,2.5,2.45,32800,2.55,28700,0,393600
ONGC30Jan20122.5PE.NFO,07/01/2020,12:42:11,2.5,2.45,36900,2.55,28700,0,393600
ONGC30Jan20122.5PE.NFO,07/01/2020,12:43:53,2.5,2.45,24600,2.55,28700,0,393600
ONGC30Jan20122.5PE.NFO,07/01/2020,12:43:56,2.5,2.45,28700,2.55,28700,0,393600
ONGC30Jan20122.5PE.NFO,07/01/2020,12:44:03,2.5,2.45,32800,2.55,28700,0,393600
ONGC30Jan20122.5PE.NFO,07/01/2020,12:44:40,2.5,2.45,36900,2.55,28700,0,393600
ONGC30Jan20122.5PE.NFO,07/01/2020,12:45:06,2.5,2.45,36900,2.55,12300,0,393600
ONGC30Jan20122.5PE.NFO,07/01/2020,12:45:40,2.5,2.45,28700,2.55,12300,0,393600
ONGC30Jan20122.5PE.NFO,07/01/2020,12:45:46,2.5,2.45,36900,2.55,12300,0,393600
ONGC30Jan20122.5PE.NFO,07/01/2020,12:45:50,2.5,2.45,28700,2.55,4100,0,393600
ONGC30Jan20122.5PE.NFO,07/01/2020,12:45:57,2.5,2.45,36900,2.55,12300,0,393600
ONGC30Jan20122.5PE.NFO,07/01/2020,12:47:04,2.5,2.45,28700,2.55,12300,0,393600
ONGC30Jan20122.5PE.NFO,07/01/2020,12:47:08,2.5,2.45,36900,2.55,12300,0,393600
ONGC30Jan20122.5PE.NFO,07/01/2020,12:47:25,2.5,2.45,32800,2.55,20500,0,393600
ONGC30Jan20122.5PE.NFO,07/01/2020,12:47:36,2.5,2.45,36900,2.55,20500,0,393600
ONGC30Jan20122.5PE.NFO,07/01/2020,12:47:51,2.5,2.45,32800,2.55,20500,0,393600
ONGC30Jan20122.5PE.NFO,07/01/2020,12:47:58,2.5,2.45,36900,2.55,20500,0,393600
ONGC30Jan20122.5PE.NFO,07/01/2020,12:48:14,2.5,2.45,36900,2.55,28700,0,393600
ONGC30Jan20122.5PE.NFO,07/01/2020,12:48:20,2.5,2.5,8200,2.55,12300,0,393600
ONGC30Jan20122.5PE.NFO,07/01/2020,12:48:26,2.5,2.45,36900,2.55,24600,0,393600
ONGC30Jan20122.5PE.NFO,07/01/2020,12:49:45,2.5,2.45,36900,2.55,12300,0,393600
ONGC30Jan20122.5PE.NFO,07/01/2020,12:49:49,2.5,2.45,41000,2.55,12300,0,393600
ONGC30Jan20122.5PE.NFO,07/01/2020,12:50:21,2.5,2.45,32800,2.55,12300,0,393600
ONGC30Jan20122.5PE.NFO,07/01/2020,12:50:26,2.5,2.45,41000,2.55,12300,0,393600
ONGC30Jan20122.5PE.NFO,07/01/2020,12:50:30,2.5,2.45,36900,2.55,12300,0,393600
ONGC30Jan20122.5PE.NFO,07/01/2020,12:50:41,2.5,2.45,36900,2.55,28700,0,393600
ONGC30Jan20122.5PE.NFO,07/01/2020,12:50:43,2.5,2.5,16400,2.55,4100,0,393600
ONGC30Jan20122.5PE.NFO,07/01/2020,12:51:34,2.5,2.5,20500,2.55,12300,0,393600
ONGC30Jan20122.5PE.NFO,07/01/2020,12:51:37,2.5,2.5,12300,2.55,12300,0,393600
ONGC30Jan20122.5PE.NFO,07/01/2020,12:51:41,2.5,2.45,41000,2.55,12300,0,393600
ONGC30Jan20122.5PE.NFO,07/01/2020,12:51:44,2.5,2.5,16400,2.55,12300,0,393600
ONGC30Jan20122.5PE.NFO,07/01/2020,12:51:47,2.5,2.45,41000,2.55,20500,0,393600
ONGC30Jan20122.5PE.NFO,07/01/2020,12:52:14,2.5,2.45,36900,2.55,20500,0,393600
ONGC30Jan20122.5PE.NFO,07/01/2020,12:53:24,2.5,2.45,41000,2.55,20500,0,393600
ONGC30Jan20122.5PE.NFO,07/01/2020,12:53:34,2.5,2.45,36900,2.55,16400,0,393600
ONGC30Jan20122.5PE.NFO,07/01/2020,12:53:40,2.5,2.45,45100,2.55,16400,0,393600
ONGC30Jan20122.5PE.NFO,07/01/2020,12:53:52,2.5,2.45,41000,2.55,16400,0,393600
ONGC30Jan20122.5PE.NFO,07/01/2020,12:54:31,2.5,2.45,45100,2.55,16400,0,393600
ONGC30Jan20122.5PE.NFO,07/01/2020,12:54:40,2.5,2.45,41000,2.55,16400,0,393600
ONGC30Jan20122.5PE.NFO,07/01/2020,12:55:53,2.5,2.45,36900,2.55,16400,0,393600
ONGC30Jan20122.5PE.NFO,07/01/2020,12:56:20,2.5,2.45,41000,2.55,16400,0,393600
ONGC30Jan20122.5PE.NFO,07/01/2020,12:57:58,2.5,2.45,32800,2.55,20500,0,393600
ONGC30Jan20122.5PE.NFO,07/01/2020,12:58:02,2.5,2.45,36900,2.55,20500,0,393600
ONGC30Jan20122.5PE.NFO,07/01/2020,12:58:31,2.5,2.45,41000,2.55,20500,0,393600
ONGC30Jan20122.5PE.NFO,07/01/2020,13:00:07,2.5,2.5,16400,2.55,16400,0,393600
ONGC30Jan20122.5PE.NFO,07/01/2020,13:00:14,2.5,2.55,8200,2.6,16400,0,393600
ONGC30Jan20122.5PE.NFO,07/01/2020,13:00:33,2.5,2.55,12300,2.6,16400,0,393600
ONGC30Jan20122.5PE.NFO,07/01/2020,13:00:42,2.5,2.55,12300,2.6,8200,0,393600
ONGC30Jan20122.5PE.NFO,07/01/2020,13:01:06,2.5,2.55,20500,2.65,41000,0,393600
ONGC30Jan20122.5PE.NFO,07/01/2020,13:01:14,2.5,2.55,16400,2.65,36900,0,393600
ONGC30Jan20122.5PE.NFO,07/01/2020,13:01:20,2.5,2.55,16400,2.65,41000,0,393600
ONGC30Jan20122.5PE.NFO,07/01/2020,13:01:27,2.5,2.55,16400,2.65,36900,0,393600
ONGC30Jan20122.5PE.NFO,07/01/2020,13:01:51,2.5,2.55,16400,2.65,41000,0,393600
ONGC30Jan20122.5PE.NFO,07/01/2020,13:02:15,2.5,2.55,16400,2.65,36900,0,393600
ONGC30Jan20122.5PE.NFO,07/01/2020,13:02:19,2.5,2.55,16400,2.65,41000,0,393600
ONGC30Jan20122.5PE.NFO,07/01/2020,13:02:24,2.5,2.55,16400,2.65,36900,0,393600
ONGC30Jan20122.5PE.NFO,07/01/2020,13:02:39,2.5,2.55,16400,2.65,32800,0,393600
ONGC30Jan20122.5PE.NFO,07/01/2020,13:02:44,2.5,2.55,16400,2.65,28700,0,393600
ONGC30Jan20122.5PE.NFO,07/01/2020,13:02:54,2.5,2.55,16400,2.65,36900,0,393600
ONGC30Jan20122.5PE.NFO,07/01/2020,13:03:21,2.5,2.55,24600,2.65,24600,0,393600
ONGC30Jan20122.5PE.NFO,07/01/2020,13:04:42,2.5,2.55,24600,2.65,20500,0,393600
ONGC30Jan20122.5PE.NFO,07/01/2020,13:04:49,2.5,2.6,8200,2.65,20500,0,393600
ONGC30Jan20122.5PE.NFO,07/01/2020,13:04:56,2.5,2.6,8200,2.65,4100,0,393600
ONGC30Jan20122.5PE.NFO,07/01/2020,13:05:08,2.5,2.6,20500,2.7,36900,0,393600
ONGC30Jan20122.5PE.NFO,07/01/2020,13:05:14,2.5,2.6,20500,2.7,41000,0,393600
ONGC30Jan20122.5PE.NFO,07/01/2020,13:05:25,2.5,2.6,24600,2.7,32800,0,393600
ONGC30Jan20122.5PE.NFO,07/01/2020,13:05:35,2.5,2.6,8200,2.7,41000,0,393600
ONGC30Jan20122.5PE.NFO,07/01/2020,13:05:51,2.5,2.6,8200,2.7,36900,0,393600
ONGC30Jan20122.5PE.NFO,07/01/2020,13:05:57,2.5,2.6,8200,2.7,41000,0,393600
ONGC30Jan20122.5PE.NFO,07/01/2020,13:06:08,2.5,2.6,8200,2.7,36900,0,393600
ONGC30Jan20122.5PE.NFO,07/01/2020,13:06:25,2.5,2.6,12300,2.7,28700,0,393600
ONGC30Jan20122.5PE.NFO,07/01/2020,13:06:31,2.5,2.6,20500,2.7,28700,0,393600
ONGC30Jan20122.5PE.NFO,07/01/2020,13:06:37,2.5,2.6,16400,2.7,16400,0,393600
ONGC30Jan20122.5PE.NFO,07/01/2020,13:06:47,2.5,2.6,8200,2.7,28700,0,393600
ONGC30Jan20122.5PE.NFO,07/01/2020,13:06:51,2.7,2.6,24600,2.7,12300,4100,401800
ONGC30Jan20122.5PE.NFO,07/01/2020,13:06:56,2.7,2.6,20500,2.7,12300,0,401800
ONGC30Jan20122.5PE.NFO,07/01/2020,13:07:01,2.7,2.65,8200,2.7,12300,0,401800
ONGC30Jan20122.5PE.NFO,07/01/2020,13:08:09,2.7,2.65,12300,2.7,4100,0,401800
ONGC30Jan20122.5PE.NFO,07/01/2020,13:08:16,2.7,2.65,16400,2.7,4100,0,401800
ONGC30Jan20122.5PE.NFO,07/01/2020,13:08:24,2.7,2.7,8200,2.8,36900,4100,401800
ONGC30Jan20122.5PE.NFO,07/01/2020,13:08:31,2.7,2.7,8200,2.8,36900,0,401800
ONGC30Jan20122.5PE.NFO,07/01/2020,13:09:03,2.7,2.65,16400,2.75,28700,0,401800
ONGC30Jan20122.5PE.NFO,07/01/2020,13:09:10,2.7,2.7,8200,2.75,20500,0,401800
ONGC30Jan20122.5PE.NFO,07/01/2020,13:09:34,2.7,2.65,16400,2.75,20500,0,401800
ONGC30Jan20122.5PE.NFO,07/01/2020,13:09:53,2.7,2.65,8200,2.75,32800,0,401800
ONGC30Jan20122.5PE.NFO,07/01/2020,13:10:00,2.7,2.65,8200,2.75,24600,0,401800
ONGC30Jan20122.5PE.NFO,07/01/2020,13:10:06,2.7,2.65,16400,2.75,20500,0,401800
ONGC30Jan20122.5PE.NFO,07/01/2020,13:10:30,2.7,2.65,8200,2.75,24600,0,401800
ONGC30Jan20122.5PE.NFO,07/01/2020,13:10:41,2.7,2.65,8200,2.75,36900,0,401800
ONGC30Jan20122.5PE.NFO,07/01/2020,13:10:46,2.7,2.65,8200,2.75,32800,0,401800
ONGC30Jan20122.5PE.NFO,07/01/2020,13:11:00,2.7,2.65,8200,2.75,36900,0,401800
ONGC30Jan20122.5PE.NFO,07/01/2020,13:11:16,2.7,2.65,8200,2.7,12300,0,401800
ONGC30Jan20122.5PE.NFO,07/01/2020,13:11:21,2.7,2.65,12300,2.75,32800,0,401800
ONGC30Jan20122.5PE.NFO,07/01/2020,13:11:25,2.7,2.65,12300,2.7,4100,0,401800
ONGC30Jan20122.5PE.NFO,07/01/2020,13:11:29,2.7,2.65,8200,2.7,4100,0,401800
ONGC30Jan20122.5PE.NFO,07/01/2020,13:11:38,2.7,2.65,16400,2.75,28700,0,401800
ONGC30Jan20122.5PE.NFO,07/01/2020,13:11:48,2.7,2.65,20500,2.75,28700,0,401800
ONGC30Jan20122.5PE.NFO,07/01/2020,13:11:51,2.7,2.65,16400,2.75,28700,0,401800
ONGC30Jan20122.5PE.NFO,07/01/2020,13:11:55,2.7,2.65,24600,2.75,24600,0,401800
ONGC30Jan20122.5PE.NFO,07/01/2020,13:12:01,2.7,2.65,20500,2.75,24600,0,401800
ONGC30Jan20122.5PE.NFO,07/01/2020,13:12:08,2.7,2.65,20500,2.75,28700,0,401800
ONGC30Jan20122.5PE.NFO,07/01/2020,13:12:27,2.7,2.7,4100,2.75,20500,4100,401800
ONGC30Jan20122.5PE.NFO,07/01/2020,13:12:31,2.7,2.7,4100,2.75,20500,0,401800
ONGC30Jan20122.5PE.NFO,07/01/2020,13:12:40,2.7,2.7,8200,2.75,20500,0,401800
ONGC30Jan20122.5PE.NFO,07/01/2020,13:12:45,2.7,2.65,20500,2.75,24600,0,401800
ONGC30Jan20122.5PE.NFO,07/01/2020,13:13:10,2.7,2.65,16400,2.75,24600,0,401800
ONGC30Jan20122.5PE.NFO,07/01/2020,13:13:19,2.7,2.65,28700,2.75,20500,0,401800
ONGC30Jan20122.5PE.NFO,07/01/2020,13:13:23,2.7,2.65,20500,2.75,20500,0,401800
ONGC30Jan20122.5PE.NFO,07/01/2020,13:13:46,2.7,2.65,24600,2.75,24600,0,401800
ONGC30Jan20122.5PE.NFO,07/01/2020,13:14:01,2.7,2.65,20500,2.75,24600,0,401800
ONGC30Jan20122.5PE.NFO,07/01/2020,13:14:12,2.7,2.65,36900,2.75,24600,0,401800
ONGC30Jan20122.5PE.NFO,07/01/2020,13:14:17,2.7,2.65,28700,2.75,24600,0,401800
ONGC30Jan20122.5PE.NFO,07/01/2020,13:14:25,2.7,2.65,24600,2.75,24600,0,401800
ONGC30Jan20122.5PE.NFO,07/01/2020,13:14:43,2.7,2.65,20500,2.75,24600,0,401800
ONGC30Jan20122.5PE.NFO,07/01/2020,13:14:56,2.7,2.65,32800,2.75,24600,0,401800
ONGC30Jan20122.5PE.NFO,07/01/2020,13:15:15,2.7,2.65,36900,2.8,28700,0,401800
ONGC30Jan20122.5PE.NFO,07/01/2020,13:15:37,2.7,2.65,36900,2.8,32800,0,401800
ONGC30Jan20122.5PE.NFO,07/01/2020,13:15:43,2.7,2.65,36900,2.75,20500,0,401800
ONGC30Jan20122.5PE.NFO,07/01/2020,13:15:54,2.7,2.65,16400,2.75,24600,0,401800
ONGC30Jan20122.5PE.NFO,07/01/2020,13:16:00,2.7,2.65,20500,2.75,24600,0,401800
ONGC30Jan20122.5PE.NFO,07/01/2020,13:16:06,2.7,2.65,16400,2.75,24600,0,401800
ONGC30Jan20122.5PE.NFO,07/01/2020,13:16:41,2.7,2.65,16400,2.75,28700,0,401800
ONGC30Jan20122.5PE.NFO,07/01/2020,13:16:47,2.7,2.65,32800,2.75,24600,0,401800
ONGC30Jan20122.5PE.NFO,07/01/2020,13:16:56,2.7,2.65,24600,2.75,24600,0,401800
ONGC30Jan20122.5PE.NFO,07/01/2020,13:17:09,2.7,2.65,16400,2.75,28700,0,401800
ONGC30Jan20122.5PE.NFO,07/01/2020,13:17:27,2.7,2.65,28700,2.75,4100,0,401800
ONGC30Jan20122.5PE.NFO,07/01/2020,13:17:34,2.7,2.65,20500,2.75,4100,0,401800
ONGC30Jan20122.5PE.NFO,07/01/2020,13:17:44,2.7,2.65,24600,2.75,4100,0,401800
ONGC30Jan20122.5PE.NFO,07/01/2020,13:17:49,2.7,2.65,16400,2.75,4100,0,401800
ONGC30Jan20122.5PE.NFO,07/01/2020,13:17:53,2.7,2.65,28700,2.75,4100,0,401800
ONGC30Jan20122.5PE.NFO,07/01/2020,13:18:32,2.7,2.65,8200,2.75,8200,0,401800
ONGC30Jan20122.5PE.NFO,07/01/2020,13:18:44,2.7,2.65,4100,2.75,8200,0,401800
ONGC30Jan20122.5PE.NFO,07/01/2020,13:18:49,2.7,2.6,28700,2.7,28700,0,401800
ONGC30Jan20122.5PE.NFO,07/01/2020,13:18:55,2.7,2.65,20500,2.75,8200,0,401800
ONGC30Jan20122.5PE.NFO,07/01/2020,13:19:00,2.7,2.65,16400,2.75,8200,0,401800
ONGC30Jan20122.5PE.NFO,07/01/2020,13:19:06,2.7,2.65,8200,2.75,8200,0,401800
ONGC30Jan20122.5PE.NFO,07/01/2020,13:19:18,2.7,2.65,12300,2.75,8200,0,401800
ONGC30Jan20122.5PE.NFO,07/01/2020,13:19:24,2.7,2.65,12300,2.75,4100,0,401800
ONGC30Jan20122.5PE.NFO,07/01/2020,13:19:29,2.7,2.65,12300,2.75,8200,0,401800
ONGC30Jan20122.5PE.NFO,07/01/2020,13:19:34,2.7,2.65,8200,2.75,8200,0,401800
ONGC30Jan20122.5PE.NFO,07/01/2020,13:19:42,2.7,2.65,8200,2.7,8200,0,401800
ONGC30Jan20122.5PE.NFO,07/01/2020,13:19:45,2.7,2.65,20500,2.75,8200,0,401800
ONGC30Jan20122.5PE.NFO,07/01/2020,13:19:55,2.7,2.65,16400,2.75,8200,0,401800
ONGC30Jan20122.5PE.NFO,07/01/2020,13:20:11,2.7,2.65,8200,2.75,8200,0,401800
ONGC30Jan20122.5PE.NFO,07/01/2020,13:20:53,2.7,2.65,8200,2.7,8200,0,401800
ONGC30Jan20122.5PE.NFO,07/01/2020,13:21:01,2.7,2.65,16400,2.75,8200,0,401800
ONGC30Jan20122.5PE.NFO,07/01/2020,13:21:13,2.7,2.65,28700,2.75,4100,0,401800
ONGC30Jan20122.5PE.NFO,07/01/2020,13:21:22,2.7,2.65,32800,2.8,28700,0,401800
ONGC30Jan20122.5PE.NFO,07/01/2020,13:21:29,2.7,2.65,36900,2.8,28700,0,401800
ONGC30Jan20122.5PE.NFO,07/01/2020,13:21:51,2.7,2.7,8200,2.8,28700,0,401800
ONGC30Jan20122.5PE.NFO,07/01/2020,13:22:00,2.7,2.65,36900,2.8,28700,0,401800
ONGC30Jan20122.5PE.NFO,07/01/2020,13:22:21,2.7,2.7,8200,2.8,28700,0,401800
ONGC30Jan20122.5PE.NFO,07/01/2020,13:22:53,2.7,2.7,36900,2.85,28700,0,401800
ONGC30Jan20122.5PE.NFO,07/01/2020,13:22:59,2.7,2.7,36900,2.85,41000,0,401800
ONGC30Jan20122.5PE.NFO,07/01/2020,13:23:04,2.7,2.7,36900,2.8,24600,0,401800
ONGC30Jan20122.5PE.NFO,07/01/2020,13:23:14,2.7,2.75,8200,2.8,20500,0,401800
ONGC30Jan20122.5PE.NFO,07/01/2020,13:23:20,2.7,2.7,36900,2.8,24600,0,401800
ONGC30Jan20122.5PE.NFO,07/01/2020,13:23:25,2.7,2.7,8200,2.8,28700,0,401800
ONGC30Jan20122.5PE.NFO,07/01/2020,13:23:43,2.7,2.7,8200,2.8,24600,0,401800
ONGC30Jan20122.5PE.NFO,07/01/2020,13:23:51,2.7,2.7,41000,2.85,41000,0,401800
ONGC30Jan20122.5PE.NFO,07/01/2020,13:23:56,2.7,2.7,45100,2.85,41000,0,401800
ONGC30Jan20122.5PE.NFO,07/01/2020,13:24:01,2.7,2.7,41000,2.8,20500,0,401800
ONGC30Jan20122.5PE.NFO,07/01/2020,13:24:06,2.7,2.7,20500,2.8,20500,0,401800
ONGC30Jan20122.5PE.NFO,07/01/2020,13:24:12,2.7,2.7,8200,2.8,24600,0,401800
ONGC30Jan20122.5PE.NFO,07/01/2020,13:24:18,2.7,2.7,8200,2.8,28700,0,401800
ONGC30Jan20122.5PE.NFO,07/01/2020,13:24:23,2.7,2.7,8200,2.8,24600,0,401800
ONGC30Jan20122.5PE.NFO,07/01/2020,13:24:32,2.7,2.7,24600,2.8,24600,0,401800
ONGC30Jan20122.5PE.NFO,07/01/2020,13:24:38,2.7,2.7,20500,2.8,24600,0,401800
ONGC30Jan20122.5PE.NFO,07/01/2020,13:24:46,2.7,2.7,41000,2.85,41000,0,401800
ONGC30Jan20122.5PE.NFO,07/01/2020,13:24:53,2.7,2.7,41000,2.8,12300,0,401800
ONGC30Jan20122.5PE.NFO,07/01/2020,13:25:05,2.7,2.7,32800,2.8,16400,0,401800
ONGC30Jan20122.5PE.NFO,07/01/2020,13:25:10,2.7,2.7,36900,2.8,16400,0,401800
ONGC30Jan20122.5PE.NFO,07/01/2020,13:25:17,2.7,2.7,8200,2.8,20500,0,401800
ONGC30Jan20122.5PE.NFO,07/01/2020,13:25:41,2.7,2.7,8200,2.8,16400,0,401800
ONGC30Jan20122.5PE.NFO,07/01/2020,13:25:50,2.7,2.7,20500,2.8,16400,0,401800
ONGC30Jan20122.5PE.NFO,07/01/2020,13:25:54,2.7,2.7,16400,2.8,16400,0,401800
ONGC30Jan20122.5PE.NFO,07/01/2020,13:25:58,2.7,2.7,8200,2.8,20500,0,401800
ONGC30Jan20122.5PE.NFO,07/01/2020,13:27:33,2.7,2.7,20500,2.8,16400,0,401800
ONGC30Jan20122.5PE.NFO,07/01/2020,13:27:39,2.7,2.7,12300,2.8,16400,0,401800
ONGC30Jan20122.5PE.NFO,07/01/2020,13:27:51,2.7,2.7,20500,2.8,16400,0,401800
ONGC30Jan20122.5PE.NFO,07/01/2020,13:27:59,2.7,2.7,16400,2.8,16400,0,401800
ONGC30Jan20122.5PE.NFO,07/01/2020,13:28:05,2.7,2.7,20500,2.8,16400,0,401800
ONGC30Jan20122.5PE.NFO,07/01/2020,13:28:16,2.7,2.75,8200,2.8,12300,0,401800
ONGC30Jan20122.5PE.NFO,07/01/2020,13:28:55,2.7,2.75,8200,2.85,28700,0,401800
ONGC30Jan20122.5PE.NFO,07/01/2020,13:29:04,2.7,2.75,12300,2.85,28700,0,401800
ONGC30Jan20122.5PE.NFO,07/01/2020,13:29:12,2.7,2.75,8200,2.85,28700,0,401800
ONGC30Jan20122.5PE.NFO,07/01/2020,13:29:44,2.7,2.75,12300,2.85,28700,0,401800
ONGC30Jan20122.5PE.NFO,07/01/2020,13:30:11,2.7,2.75,12300,2.85,24600,0,401800
ONGC30Jan20122.5PE.NFO,07/01/2020,13:30:37,2.7,2.75,16400,2.85,28700,0,401800
ONGC30Jan20122.5PE.NFO,07/01/2020,13:30:44,2.7,2.75,12300,2.85,24600,0,401800
ONGC30Jan20122.5PE.NFO,07/01/2020,13:31:20,2.7,2.75,12300,2.85,28700,0,401800
ONGC30Jan20122.5PE.NFO,07/01/2020,13:31:33,2.7,2.75,8200,2.85,28700,0,401800
ONGC30Jan20122.5PE.NFO,07/01/2020,13:31:41,2.7,2.75,16400,2.85,24600,0,401800
ONGC30Jan20122.5PE.NFO,07/01/2020,13:31:48,2.7,2.75,8200,2.85,28700,0,401800
ONGC30Jan20122.5PE.NFO,07/01/2020,13:32:11,2.7,2.75,24600,2.85,20500,0,401800
ONGC30Jan20122.5PE.NFO,07/01/2020,13:32:17,2.7,2.75,28700,2.85,20500,0,401800
ONGC30Jan20122.5PE.NFO,07/01/2020,13:32:23,2.7,2.8,8200,2.85,20500,0,401800
ONGC30Jan20122.5PE.NFO,07/01/2020,13:32:28,2.7,2.75,28700,2.85,20500,0,401800
ONGC30Jan20122.5PE.NFO,07/01/2020,13:32:38,2.7,2.75,12300,2.85,24600,0,401800
ONGC30Jan20122.5PE.NFO,07/01/2020,13:32:44,2.7,2.75,24600,2.85,24600,0,401800
ONGC30Jan20122.5PE.NFO,07/01/2020,13:33:15,2.7,2.75,16400,2.85,24600,0,401800
ONGC30Jan20122.5PE.NFO,07/01/2020,13:33:19,2.7,2.75,12300,2.85,24600,0,401800
ONGC30Jan20122.5PE.NFO,07/01/2020,13:33:24,2.7,2.8,8200,2.85,20500,0,401800
ONGC30Jan20122.5PE.NFO,07/01/2020,13:33:31,2.7,2.85,12300,2.95,28700,0,401800
ONGC30Jan20122.5PE.NFO,07/01/2020,13:33:53,2.7,2.85,8200,2.95,28700,0,401800
ONGC30Jan20122.5PE.NFO,07/01/2020,13:34:04,2.7,2.8,28700,2.95,28700,0,401800
ONGC30Jan20122.5PE.NFO,07/01/2020,13:34:08,2.7,2.8,24600,2.9,20500,0,401800
ONGC30Jan20122.5PE.NFO,07/01/2020,13:34:28,2.7,2.8,20500,2.9,20500,0,401800
ONGC30Jan20122.5PE.NFO,07/01/2020,13:34:43,2.7,2.75,20500,2.85,4100,0,401800
ONGC30Jan20122.5PE.NFO,07/01/2020,13:34:49,2.7,2.75,8200,2.85,4100,0,401800
ONGC30Jan20122.5PE.NFO,07/01/2020,13:34:54,2.7,2.75,16400,2.85,4100,0,401800
ONGC30Jan20122.5PE.NFO,07/01/2020,13:35:01,2.7,2.75,8200,2.85,4100,0,401800
ONGC30Jan20122.5PE.NFO,07/01/2020,13:35:15,2.7,2.75,12300,2.85,4100,0,401800
ONGC30Jan20122.5PE.NFO,07/01/2020,13:35:32,2.7,2.75,8200,2.85,4100,0,401800
ONGC30Jan20122.5PE.NFO,07/01/2020,13:35:39,2.7,2.7,36900,2.8,8200,0,401800
ONGC30Jan20122.5PE.NFO,07/01/2020,13:35:45,2.7,2.7,41000,2.8,8200,0,401800
ONGC30Jan20122.5PE.NFO,07/01/2020,13:36:07,2.7,2.7,45100,2.85,4100,0,401800
ONGC30Jan20122.5PE.NFO,07/01/2020,13:36:21,2.7,2.75,16400,2.85,4100,0,401800
ONGC30Jan20122.5PE.NFO,07/01/2020,13:36:46,2.7,2.75,16400,2.85,8200,0,401800
ONGC30Jan20122.5PE.NFO,07/01/2020,13:36:57,2.7,2.7,41000,2.8,8200,0,401800
ONGC30Jan20122.5PE.NFO,07/01/2020,13:37:03,2.7,2.75,8200,2.8,8200,0,401800
ONGC30Jan20122.5PE.NFO,07/01/2020,13:37:17,2.7,2.75,16400,2.85,8200,0,401800
ONGC30Jan20122.5PE.NFO,07/01/2020,13:37:30,2.7,2.75,8200,2.85,8200,0,401800
ONGC30Jan20122.5PE.NFO,07/01/2020,13:37:36,2.7,2.7,36900,2.8,16400,0,401800
ONGC30Jan20122.5PE.NFO,07/01/2020,13:38:05,2.7,2.7,36900,2.8,12300,0,401800
ONGC30Jan20122.5PE.NFO,07/01/2020,13:38:12,2.7,2.7,8200,2.8,24600,0,401800
ONGC30Jan20122.5PE.NFO,07/01/2020,13:38:20,2.7,2.7,20500,2.8,24600,0,401800
ONGC30Jan20122.5PE.NFO,07/01/2020,13:38:26,2.7,2.7,20500,2.8,16400,0,401800
ONGC30Jan20122.5PE.NFO,07/01/2020,13:38:37,2.7,2.7,32800,2.8,12300,0,401800
ONGC30Jan20122.5PE.NFO,07/01/2020,13:38:42,2.7,2.7,28700,2.8,12300,0,401800
ONGC30Jan20122.5PE.NFO,07/01/2020,13:38:46,2.7,2.7,24600,2.8,12300,0,401800
ONGC30Jan20122.5PE.NFO,07/01/2020,13:38:56,2.7,2.7,24600,2.8,16400,0,401800
ONGC30Jan20122.5PE.NFO,07/01/2020,13:39:11,2.7,2.7,24600,2.8,12300,0,401800
ONGC30Jan20122.5PE.NFO,07/01/2020,13:39:15,2.7,2.7,20500,2.8,20500,0,401800
ONGC30Jan20122.5PE.NFO,07/01/2020,13:39:41,2.7,2.7,20500,2.8,16400,0,401800
ONGC30Jan20122.5PE.NFO,07/01/2020,13:39:48,2.7,2.7,24600,2.8,16400,0,401800
ONGC30Jan20122.5PE.NFO,07/01/2020,13:40:22,2.7,2.75,8200,2.8,12300,0,401800
ONGC30Jan20122.5PE.NFO,07/01/2020,13:40:27,2.7,2.75,20500,2.85,12300,0,401800
ONGC30Jan20122.5PE.NFO,07/01/2020,13:40:33,2.7,2.75,8200,2.85,12300,0,401800
ONGC30Jan20122.5PE.NFO,07/01/2020,13:41:09,2.7,2.75,8200,2.85,8200,0,401800
ONGC30Jan20122.5PE.NFO,07/01/2020,13:41:28,2.7,2.75,8200,2.85,12300,0,401800
ONGC30Jan20122.5PE.NFO,07/01/2020,13:41:52,2.7,2.75,8200,2.85,8200,0,401800
ONGC30Jan20122.5PE.NFO,07/01/2020,13:42:02,2.7,2.75,8200,2.85,12300,0,401800
ONGC30Jan20122.5PE.NFO,07/01/2020,13:42:07,2.7,2.7,28700,2.8,12300,0,401800
ONGC30Jan20122.5PE.NFO,07/01/2020,13:42:23,2.7,2.7,12300,2.8,20500,0,401800
ONGC30Jan20122.5PE.NFO,07/01/2020,13:42:30,2.7,2.7,8200,2.8,20500,0,401800
ONGC30Jan20122.5PE.NFO,07/01/2020,13:43:25,2.7,2.7,16400,2.8,20500,0,401800
ONGC30Jan20122.5PE.NFO,07/01/2020,13:43:42,2.7,2.7,16400,2.8,24600,0,401800
ONGC30Jan20122.5PE.NFO,07/01/2020,13:43:58,2.7,2.7,8200,2.8,24600,0,401800
ONGC30Jan20122.5PE.NFO,07/01/2020,13:44:03,2.7,2.7,16400,2.8,24600,0,401800
ONGC30Jan20122.5PE.NFO,07/01/2020,13:44:18,2.7,2.7,16400,2.8,20500,0,401800
ONGC30Jan20122.5PE.NFO,07/01/2020,13:44:21,2.7,2.7,24600,2.8,16400,0,401800
ONGC30Jan20122.5PE.NFO,07/01/2020,13:44:28,2.7,2.7,16400,2.8,20500,0,401800
ONGC30Jan20122.5PE.NFO,07/01/2020,13:44:33,2.7,2.7,8200,2.8,24600,0,401800
ONGC30Jan20122.5PE.NFO,07/01/2020,13:44:36,2.7,2.65,36900,2.8,24600,0,401800
ONGC30Jan20122.5PE.NFO,07/01/2020,13:44:44,2.7,2.7,4100,2.8,20500,0,401800
ONGC30Jan20122.5PE.NFO,07/01/2020,13:44:48,2.7,2.7,4100,2.8,24600,0,401800
ONGC30Jan20122.5PE.NFO,07/01/2020,13:45:02,2.7,2.7,12300,2.8,24600,0,401800
ONGC30Jan20122.5PE.NFO,07/01/2020,13:45:15,2.7,2.7,4100,2.8,24600,0,401800
ONGC30Jan20122.5PE.NFO,07/01/2020,13:45:22,2.7,2.65,28700,2.75,20500,0,401800
ONGC30Jan20122.5PE.NFO,07/01/2020,13:45:28,2.7,2.65,24600,2.75,20500,0,401800
ONGC30Jan20122.5PE.NFO,07/01/2020,13:45:32,2.7,2.65,20500,2.75,20500,0,401800
ONGC30Jan20122.5PE.NFO,07/01/2020,13:45:50,2.7,2.65,24600,2.75,20500,0,401800
ONGC30Jan20122.5PE.NFO,07/01/2020,13:45:59,2.7,2.65,16400,2.75,20500,0,401800
ONGC30Jan20122.5PE.NFO,07/01/2020,13:46:43,2.7,2.65,16400,2.75,4100,0,401800
ONGC30Jan20122.5PE.NFO,07/01/2020,13:47:00,2.7,2.6,28700,2.7,16400,0,401800
ONGC30Jan20122.5PE.NFO,07/01/2020,13:47:07,2.7,2.65,8200,2.7,12300,0,401800
ONGC30Jan20122.5PE.NFO,07/01/2020,13:47:14,2.7,2.65,20500,2.75,12300,0,401800
ONGC30Jan20122.5PE.NFO,07/01/2020,13:47:41,2.7,2.65,16400,2.75,12300,0,401800
ONGC30Jan20122.5PE.NFO,07/01/2020,13:47:46,2.7,2.65,20500,2.75,12300,0,401800
ONGC30Jan20122.5PE.NFO,07/01/2020,13:47:51,2.7,2.65,24600,2.75,12300,0,401800
ONGC30Jan20122.5PE.NFO,07/01/2020,13:48:11,2.7,2.65,24600,2.75,8200,0,401800
ONGC30Jan20122.5PE.NFO,07/01/2020,13:48:47,2.7,2.65,28700,2.75,8200,0,401800
ONGC30Jan20122.5PE.NFO,07/01/2020,13:48:54,2.7,2.65,24600,2.75,8200,0,401800
ONGC30Jan20122.5PE.NFO,07/01/2020,13:49:08,2.7,2.65,24600,2.75,12300,0,401800
ONGC30Jan20122.5PE.NFO,07/01/2020,13:49:25,2.7,2.65,32800,2.75,8200,0,401800
ONGC30Jan20122.5PE.NFO,07/01/2020,13:49:51,2.7,2.7,8200,2.75,8200,0,401800
ONGC30Jan20122.5PE.NFO,07/01/2020,13:49:57,2.7,2.65,20500,2.75,20500,0,401800
ONGC30Jan20122.5PE.NFO,07/01/2020,13:50:16,2.7,2.65,24600,2.75,20500,0,401800
ONGC30Jan20122.5PE.NFO,07/01/2020,13:50:23,2.7,2.65,16400,2.75,24600,0,401800
ONGC30Jan20122.5PE.NFO,07/01/2020,13:50:30,2.7,2.65,8200,2.75,28700,0,401800
ONGC30Jan20122.5PE.NFO,07/01/2020,13:50:37,2.7,2.6,24600,2.75,28700,0,401800
ONGC30Jan20122.5PE.NFO,07/01/2020,13:50:45,2.7,2.6,24600,2.7,16400,0,401800
ONGC30Jan20122.5PE.NFO,07/01/2020,13:50:54,2.7,2.65,8200,2.7,16400,0,401800
ONGC30Jan20122.5PE.NFO,07/01/2020,13:51:02,2.7,2.6,24600,2.75,28700,0,401800
ONGC30Jan20122.5PE.NFO,07/01/2020,13:51:14,2.7,2.6,28700,2.75,28700,0,401800
ONGC30Jan20122.5PE.NFO,07/01/2020,13:51:46,2.7,2.6,24600,2.75,28700,0,401800
ONGC30Jan20122.5PE.NFO,07/01/2020,13:51:50,2.7,2.6,32800,2.75,24600,0,401800
ONGC30Jan20122.5PE.NFO,07/01/2020,13:51:56,2.7,2.65,24600,2.75,20500,0,401800
ONGC30Jan20122.5PE.NFO,07/01/2020,13:52:12,2.7,2.65,20500,2.75,20500,0,401800
ONGC30Jan20122.5PE.NFO,07/01/2020,13:52:21,2.7,2.65,28700,2.75,16400,0,401800
ONGC30Jan20122.5PE.NFO,07/01/2020,13:52:42,2.7,2.65,24600,2.75,28700,0,401800
ONGC30Jan20122.5PE.NFO,07/01/2020,13:53:16,2.7,2.7,8200,2.75,24600,0,401800
ONGC30Jan20122.5PE.NFO,07/01/2020,13:53:26,2.7,2.7,16400,2.8,28700,0,401800
ONGC30Jan20122.5PE.NFO,07/01/2020,13:53:30,2.7,2.7,8200,2.8,28700,0,401800
ONGC30Jan20122.5PE.NFO,07/01/2020,13:54:17,2.7,2.7,12300,2.8,28700,0,401800
ONGC30Jan20122.5PE.NFO,07/01/2020,13:54:22,2.7,2.7,8200,2.8,28700,0,401800
ONGC30Jan20122.5PE.NFO,07/01/2020,13:54:51,2.7,2.7,16400,2.8,28700,0,401800
ONGC30Jan20122.5PE.NFO,07/01/2020,13:54:56,2.7,2.75,8200,2.8,20500,0,401800
ONGC30Jan20122.5PE.NFO,07/01/2020,13:55:07,2.75,2.7,12300,2.8,28700,8200,401800
ONGC30Jan20122.5PE.NFO,07/01/2020,13:55:14,2.75,2.7,12300,2.8,24600,0,401800
ONGC30Jan20122.5PE.NFO,07/01/2020,13:55:54,2.75,2.7,20500,2.8,20500,0,401800
ONGC30Jan20122.5PE.NFO,07/01/2020,13:56:08,2.75,2.7,16400,2.8,28700,0,401800
ONGC30Jan20122.5PE.NFO,07/01/2020,13:56:21,2.75,2.7,8200,2.8,28700,0,401800
ONGC30Jan20122.5PE.NFO,07/01/2020,13:56:26,2.75,2.7,16400,2.8,28700,0,401800
ONGC30Jan20122.5PE.NFO,07/01/2020,13:56:43,2.75,2.7,8200,2.8,28700,0,401800
ONGC30Jan20122.5PE.NFO,07/01/2020,13:57:21,2.75,2.7,16400,2.8,28700,0,401800
ONGC30Jan20122.5PE.NFO,07/01/2020,13:57:29,2.75,2.7,8200,2.8,28700,0,401800
ONGC30Jan20122.5PE.NFO,07/01/2020,13:58:15,2.75,2.7,8200,2.75,16400,0,401800
ONGC30Jan20122.5PE.NFO,07/01/2020,13:58:33,2.75,2.7,8200,2.8,28700,0,401800
ONGC30Jan20122.5PE.NFO,07/01/2020,13:58:53,2.75,2.7,16400,2.8,28700,0,401800
ONGC30Jan20122.5PE.NFO,07/01/2020,13:58:57,2.75,2.7,8200,2.8,28700,0,401800
ONGC30Jan20122.5PE.NFO,07/01/2020,13:59:05,2.75,2.7,8200,2.8,24600,0,401800
ONGC30Jan20122.5PE.NFO,07/01/2020,13:59:49,2.75,2.7,8200,2.8,28700,0,401800
ONGC30Jan20122.5PE.NFO,07/01/2020,14:00:32,2.75,2.7,8200,2.8,24600,0,401800
ONGC30Jan20122.5PE.NFO,07/01/2020,14:00:47,2.75,2.7,8200,2.8,28700,0,401800
ONGC30Jan20122.5PE.NFO,07/01/2020,14:01:00,2.75,2.7,8200,2.75,8200,0,401800
ONGC30Jan20122.5PE.NFO,07/01/2020,14:01:06,2.75,2.7,16400,2.8,28700,0,401800
ONGC30Jan20122.5PE.NFO,07/01/2020,14:01:21,2.75,2.7,24600,2.8,24600,0,401800
ONGC30Jan20122.5PE.NFO,07/01/2020,14:01:29,2.75,2.7,16400,2.8,28700,0,401800
ONGC30Jan20122.5PE.NFO,07/01/2020,14:01:33,2.75,2.65,36900,2.75,28700,0,401800
ONGC30Jan20122.5PE.NFO,07/01/2020,14:01:48,2.75,2.65,41000,2.75,28700,0,401800
ONGC30Jan20122.5PE.NFO,07/01/2020,14:01:53,2.75,2.7,16400,2.75,20500,0,401800
ONGC30Jan20122.5PE.NFO,07/01/2020,14:02:01,2.75,2.65,41000,2.75,28700,0,401800
ONGC30Jan20122.5PE.NFO,07/01/2020,14:02:15,2.75,2.65,32800,2.75,28700,0,401800
ONGC30Jan20122.5PE.NFO,07/01/2020,14:02:34,2.75,2.65,36900,2.75,28700,0,401800
ONGC30Jan20122.5PE.NFO,07/01/2020,14:02:38,2.75,2.65,41000,2.75,28700,0,401800
ONGC30Jan20122.5PE.NFO,07/01/2020,14:02:57,2.75,2.65,41000,2.75,20500,0,401800
ONGC30Jan20122.5PE.NFO,07/01/2020,14:03:00,2.75,2.65,36900,2.75,20500,0,401800
ONGC30Jan20122.5PE.NFO,07/01/2020,14:03:51,2.75,2.6,24600,2.7,20500,0,401800
ONGC30Jan20122.5PE.NFO,07/01/2020,14:03:56,2.75,2.6,20500,2.7,20500,0,401800
ONGC30Jan20122.5PE.NFO,07/01/2020,14:04:12,2.75,2.6,28700,2.7,20500,0,401800
ONGC30Jan20122.5PE.NFO,07/01/2020,14:04:28,2.75,2.6,20500,2.7,20500,0,401800
ONGC30Jan20122.5PE.NFO,07/01/2020,14:04:40,2.75,2.6,24600,2.7,20500,0,401800
ONGC30Jan20122.5PE.NFO,07/01/2020,14:04:48,2.75,2.6,28700,2.7,20500,0,401800
ONGC30Jan20122.5PE.NFO,07/01/2020,14:05:12,2.75,2.6,32800,2.7,12300,0,401800
ONGC30Jan20122.5PE.NFO,07/01/2020,14:05:15,2.75,2.6,16400,2.65,8200,0,401800
ONGC30Jan20122.5PE.NFO,07/01/2020,14:05:35,2.75,2.6,20500,2.7,12300,0,401800
ONGC30Jan20122.5PE.NFO,07/01/2020,14:05:45,2.75,2.6,28700,2.7,12300,0,401800
ONGC30Jan20122.5PE.NFO,07/01/2020,14:05:50,2.75,2.6,24600,2.7,12300,0,401800
