Ticker,Date,Time,LTP,BuyPrice,BuyQty,SellPrice,SellQty,LTQ,OpenInterest
PEL30Jan201317.8PE.NFO,07/01/2020,09:24:24,12,7,3708,11.6,618,309,4635
PEL30Jan201317.8PE.NFO,07/01/2020,09:24:24,12,7,3708,11.6,618,0,4635
PEL30Jan201317.8PE.NFO,07/01/2020,09:24:24,12,7,3708,11.6,618,0,4635
PEL30Jan201317.8PE.NFO,07/01/2020,09:24:24,12,7,3708,11.6,618,0,4635
PEL30Jan201317.8PE.NFO,07/01/2020,09:24:30,12,7,3708,11.6,618,0,4635
PEL30Jan201317.8PE.NFO,07/01/2020,09:24:55,12,7,4635,11.6,618,0,4635
PEL30Jan201317.8PE.NFO,07/01/2020,09:25:02,12,7.1,3090,11.6,618,0,4635
PEL30Jan201317.8PE.NFO,07/01/2020,09:25:17,12,7.1,2472,11.6,618,0,4635
PEL30Jan201317.8PE.NFO,07/01/2020,09:25:24,12,7.1,1854,11.6,618,0,4635
PEL30Jan201317.8PE.NFO,07/01/2020,09:25:38,12,7.1,1236,11.6,618,0,4635
PEL30Jan201317.8PE.NFO,07/01/2020,09:25:46,12,7.25,618,11.6,618,0,4635
PEL30Jan201317.8PE.NFO,07/01/2020,09:26:09,12,7.25,1236,11.6,618,0,4635
PEL30Jan201317.8PE.NFO,07/01/2020,09:26:17,12,7.25,618,11.6,618,0,4635
PEL30Jan201317.8PE.NFO,07/01/2020,09:37:32,12,7.4,618,11.6,618,0,4635
PEL30Jan201317.8PE.NFO,07/01/2020,09:39:17,12,7.4,618,9.95,618,0,4635
PEL30Jan201317.8PE.NFO,07/01/2020,09:40:50,12,7.4,618,9.85,618,0,4635
PEL30Jan201317.8PE.NFO,07/01/2020,09:41:17,12,7.4,618,9.75,618,0,4635
PEL30Jan201317.8PE.NFO,07/01/2020,09:41:43,12,7.4,618,9.55,618,0,4635
PEL30Jan201317.8PE.NFO,07/01/2020,09:41:54,12,7.4,618,9.55,309,0,4635
PEL30Jan201317.8PE.NFO,07/01/2020,09:42:29,12,7.4,618,9.5,618,0,4635
PEL30Jan201317.8PE.NFO,07/01/2020,09:42:50,12,7.4,618,9.5,309,0,4635
PEL30Jan201317.8PE.NFO,07/01/2020,09:43:03,12,7.4,618,9.9,309,0,4635
PEL30Jan201317.8PE.NFO,07/01/2020,09:43:08,12,7.4,618,9.9,618,0,4635
PEL30Jan201317.8PE.NFO,07/01/2020,09:43:29,12,7.4,618,9.9,309,0,4635
PEL30Jan201317.8PE.NFO,07/01/2020,09:44:33,12,7.4,618,9.9,618,0,4635
PEL30Jan201317.8PE.NFO,07/01/2020,09:45:52,12,7.55,618,9.9,618,0,4635
PEL30Jan201317.8PE.NFO,07/01/2020,09:45:58,12,7.75,618,9.9,618,0,4635
PEL30Jan201317.8PE.NFO,07/01/2020,09:46:03,12,7.85,618,9.9,618,0,4635
PEL30Jan201317.8PE.NFO,07/01/2020,09:46:09,12,8.05,618,9.9,618,0,4635
PEL30Jan201317.8PE.NFO,07/01/2020,09:46:19,12,8.35,618,9.9,618,0,4635
PEL30Jan201317.8PE.NFO,07/01/2020,09:46:24,12,8.65,618,9.9,618,0,4635
PEL30Jan201317.8PE.NFO,07/01/2020,09:46:30,12,8.85,618,9.9,618,0,4635
PEL30Jan201317.8PE.NFO,07/01/2020,09:46:36,12,9.15,618,9.95,309,0,4635
PEL30Jan201317.8PE.NFO,07/01/2020,09:46:42,12,9.35,618,9.95,309,0,4635
PEL30Jan201317.8PE.NFO,07/01/2020,09:46:48,12,9.55,309,10,618,0,4635
PEL30Jan201317.8PE.NFO,07/01/2020,09:46:58,12,9.55,309,10,309,0,4635
PEL30Jan201317.8PE.NFO,07/01/2020,09:47:03,12,9.55,309,10,618,0,4635
PEL30Jan201317.8PE.NFO,07/01/2020,09:47:08,12,7.35,309,9.95,309,0,4635
PEL30Jan201317.8PE.NFO,07/01/2020,09:52:17,9.95,7.35,309,10,309,309,4635
PEL30Jan201317.8PE.NFO,07/01/2020,09:52:17,9.95,7.35,309,10,309,0,4635
PEL30Jan201317.8PE.NFO,07/01/2020,09:52:22,9.95,7.4,618,10,309,0,4635
PEL30Jan201317.8PE.NFO,07/01/2020,10:00:53,10,7.4,618,15.45,1854,309,4326
PEL30Jan201317.8PE.NFO,07/01/2020,10:00:59,10,7.4,618,15.45,1854,0,4326
PEL30Jan201317.8PE.NFO,07/01/2020,10:01:05,10,7.4,618,15.45,1236,0,4326
PEL30Jan201317.8PE.NFO,07/01/2020,10:01:18,10,7.4,618,15.45,1854,0,4326
PEL30Jan201317.8PE.NFO,07/01/2020,10:01:41,10,7.4,618,15.45,1236,0,4326
PEL30Jan201317.8PE.NFO,07/01/2020,10:02:10,10,7.4,618,15.45,618,0,4326
PEL30Jan201317.8PE.NFO,07/01/2020,10:02:25,10,7.4,927,15.45,618,0,4326
PEL30Jan201317.8PE.NFO,07/01/2020,10:02:40,10,7.5,618,15.45,618,0,4326
PEL30Jan201317.8PE.NFO,07/01/2020,10:02:45,10,7.5,927,15.45,618,0,4326
PEL30Jan201317.8PE.NFO,07/01/2020,10:02:50,10,7.5,618,15.45,618,0,4326
PEL30Jan201317.8PE.NFO,07/01/2020,10:02:56,10,7.5,927,15.45,618,0,4326
PEL30Jan201317.8PE.NFO,07/01/2020,10:03:01,10,7.7,618,15.45,618,0,4326
PEL30Jan201317.8PE.NFO,07/01/2020,10:03:24,10,7.9,618,15.45,618,0,4326
PEL30Jan201317.8PE.NFO,07/01/2020,10:05:55,10,10.05,618,15.45,618,0,4326
PEL30Jan201317.8PE.NFO,07/01/2020,10:06:50,10,10.25,618,15.45,618,0,4326
PEL30Jan201317.8PE.NFO,07/01/2020,10:06:55,10,11.05,618,15.45,618,0,4326
PEL30Jan201317.8PE.NFO,07/01/2020,10:07:34,10,12.05,618,15.45,618,0,4326
PEL30Jan201317.8PE.NFO,07/01/2020,10:15:24,10,7.35,2163,16.3,309,0,4326
PEL30Jan201317.8PE.NFO,07/01/2020,10:15:29,10,7.35,1545,16.3,309,0,4326
PEL30Jan201317.8PE.NFO,07/01/2020,10:15:45,10,7.35,2163,16.3,309,0,4326
PEL30Jan201317.8PE.NFO,07/01/2020,10:15:57,10,7.35,2781,16.3,309,0,4326
PEL30Jan201317.8PE.NFO,07/01/2020,10:16:54,10,7.35,3399,16.3,309,0,4326
PEL30Jan201317.8PE.NFO,07/01/2020,10:17:31,10,7.35,4017,16.3,309,0,4326
PEL30Jan201317.8PE.NFO,07/01/2020,10:17:58,10,7.35,4635,16.3,309,0,4326
PEL30Jan201317.8PE.NFO,07/01/2020,10:18:10,10,7.35,2781,16.3,309,0,4326
PEL30Jan201317.8PE.NFO,07/01/2020,10:18:17,10,7.35,4635,16.3,309,0,4326
PEL30Jan201317.8PE.NFO,07/01/2020,10:18:38,10,7.35,2781,16.3,309,0,4326
PEL30Jan201317.8PE.NFO,07/01/2020,10:18:43,10,7.35,4635,16.3,309,0,4326
PEL30Jan201317.8PE.NFO,07/01/2020,10:18:48,10,7.35,2781,16.3,309,0,4326
PEL30Jan201317.8PE.NFO,07/01/2020,10:20:47,10,10,309,16.3,309,0,4326
PEL30Jan201317.8PE.NFO,07/01/2020,10:21:58,10,10,309,18,2472,0,4326
PEL30Jan201317.8PE.NFO,07/01/2020,10:24:38,10,10,309,18,618,0,4326
PEL30Jan201317.8PE.NFO,07/01/2020,10:24:42,10,10,309,18,2472,0,4326
PEL30Jan201317.8PE.NFO,07/01/2020,10:24:50,10,10,309,18,1854,0,4326
PEL30Jan201317.8PE.NFO,07/01/2020,10:30:37,10,10,309,18,1236,0,4326
PEL30Jan201317.8PE.NFO,07/01/2020,10:30:52,10,10,309,18,618,0,4326
PEL30Jan201317.8PE.NFO,07/01/2020,10:31:08,10,10,309,15,309,0,4326
PEL30Jan201317.8PE.NFO,07/01/2020,10:32:53,10,7.35,5871,15,309,0,4326
PEL30Jan201317.8PE.NFO,07/01/2020,10:40:46,10,7.35,3399,15,309,0,4326
PEL30Jan201317.8PE.NFO,07/01/2020,10:40:50,10,7.35,2781,15,309,0,4326
PEL30Jan201317.8PE.NFO,07/01/2020,10:40:58,10,7.35,2163,15,309,0,4326
PEL30Jan201317.8PE.NFO,07/01/2020,10:41:25,10,7.35,2781,15,309,0,4326
PEL30Jan201317.8PE.NFO,07/01/2020,10:42:44,10,7.35,3399,15,309,0,4326
PEL30Jan201317.8PE.NFO,07/01/2020,10:43:01,10,7.35,2781,15,309,0,4326
PEL30Jan201317.8PE.NFO,07/01/2020,10:43:53,10,7.35,2163,15,309,0,4326
PEL30Jan201317.8PE.NFO,07/01/2020,10:44:07,10,7.35,1545,15,309,0,4326
PEL30Jan201317.8PE.NFO,07/01/2020,10:44:17,10,7.35,2163,15,309,0,4326
PEL30Jan201317.8PE.NFO,07/01/2020,10:44:23,10,7.35,1545,15,309,0,4326
PEL30Jan201317.8PE.NFO,07/01/2020,10:46:53,10,7.35,2163,15,309,0,4326
PEL30Jan201317.8PE.NFO,07/01/2020,10:47:03,10,7.35,1545,15,309,0,4326
PEL30Jan201317.8PE.NFO,07/01/2020,10:48:11,10,7.35,2781,15,309,0,4326
PEL30Jan201317.8PE.NFO,07/01/2020,10:48:15,10,7.35,1545,15,309,0,4326
PEL30Jan201317.8PE.NFO,07/01/2020,10:48:19,10,7.35,2781,15,309,0,4326
PEL30Jan201317.8PE.NFO,07/01/2020,10:48:28,10,7.35,2163,15,309,0,4326
PEL30Jan201317.8PE.NFO,07/01/2020,10:48:37,10,7.35,2781,15,309,0,4326
PEL30Jan201317.8PE.NFO,07/01/2020,10:48:42,10,7.35,1545,15,309,0,4326
PEL30Jan201317.8PE.NFO,07/01/2020,10:48:46,10,7.35,2163,15,309,0,4326
PEL30Jan201317.8PE.NFO,07/01/2020,10:48:53,10,7.35,2781,15,309,0,4326
PEL30Jan201317.8PE.NFO,07/01/2020,10:49:01,10,7.35,2163,15,309,0,4326
PEL30Jan201317.8PE.NFO,07/01/2020,10:49:15,10,7.35,2781,15,309,0,4326
PEL30Jan201317.8PE.NFO,07/01/2020,10:49:25,10,7.35,3399,15,309,0,4326
PEL30Jan201317.8PE.NFO,07/01/2020,10:49:37,10,7.35,2781,15,309,0,4326
PEL30Jan201317.8PE.NFO,07/01/2020,10:49:43,10,7.35,3399,15,309,0,4326
PEL30Jan201317.8PE.NFO,07/01/2020,10:49:47,10,7.35,2781,15,309,0,4326
PEL30Jan201317.8PE.NFO,07/01/2020,10:49:50,10,7.35,3399,15,309,0,4326
PEL30Jan201317.8PE.NFO,07/01/2020,10:49:59,10,7.35,4017,15,309,0,4326
PEL30Jan201317.8PE.NFO,07/01/2020,10:50:10,10,7.35,5253,15,309,0,4326
PEL30Jan201317.8PE.NFO,07/01/2020,10:50:15,10,7.35,4017,15,309,0,4326
PEL30Jan201317.8PE.NFO,07/01/2020,10:50:26,10,10,309,15,309,0,4326
PEL30Jan201317.8PE.NFO,07/01/2020,11:03:42,10,10,927,15,309,0,4326
PEL30Jan201317.8PE.NFO,07/01/2020,11:03:49,10,10,309,15,309,0,4326
PEL30Jan201317.8PE.NFO,07/01/2020,11:05:03,10,10,927,15,309,0,4326
PEL30Jan201317.8PE.NFO,07/01/2020,11:05:09,10,10,309,15,309,0,4326
PEL30Jan201317.8PE.NFO,07/01/2020,11:10:37,10,10,309,15,618,0,4326
PEL30Jan201317.8PE.NFO,07/01/2020,11:12:23,10,10,1545,15,618,0,4326
PEL30Jan201317.8PE.NFO,07/01/2020,11:12:29,10,10,309,15,618,0,4326
PEL30Jan201317.8PE.NFO,07/01/2020,11:13:07,10,10,927,15,618,0,4326
PEL30Jan201317.8PE.NFO,07/01/2020,11:13:12,10,10,309,15,618,0,4326
PEL30Jan201317.8PE.NFO,07/01/2020,11:13:23,10,10,927,15,618,0,4326
PEL30Jan201317.8PE.NFO,07/01/2020,11:13:28,10,10,309,15,618,0,4326
PEL30Jan201317.8PE.NFO,07/01/2020,11:14:23,10,10,927,15,618,0,4326
PEL30Jan201317.8PE.NFO,07/01/2020,11:14:28,10,10,1545,15,618,0,4326
PEL30Jan201317.8PE.NFO,07/01/2020,11:15:32,10,10,927,15,618,0,4326
PEL30Jan201317.8PE.NFO,07/01/2020,11:15:36,10,10,309,15,618,0,4326
PEL30Jan201317.8PE.NFO,07/01/2020,11:15:50,10,10,927,15,618,0,4326
PEL30Jan201317.8PE.NFO,07/01/2020,11:15:54,10,10,309,15,618,0,4326
PEL30Jan201317.8PE.NFO,07/01/2020,11:16:04,10,10,927,15,618,0,4326
PEL30Jan201317.8PE.NFO,07/01/2020,11:16:16,10,10,309,15,618,0,4326
PEL30Jan201317.8PE.NFO,07/01/2020,11:16:34,10,10,927,15,618,0,4326
PEL30Jan201317.8PE.NFO,07/01/2020,11:18:27,10,10,309,15,618,0,4326
PEL30Jan201317.8PE.NFO,07/01/2020,11:18:37,10,10,927,15,618,0,4326
PEL30Jan201317.8PE.NFO,07/01/2020,11:18:45,10,10,309,15,618,0,4326
PEL30Jan201317.8PE.NFO,07/01/2020,11:19:23,10,10,927,15,618,0,4326
PEL30Jan201317.8PE.NFO,07/01/2020,11:19:32,10,10,309,15,618,0,4326
PEL30Jan201317.8PE.NFO,07/01/2020,11:22:25,10,10,927,15,618,0,4326
PEL30Jan201317.8PE.NFO,07/01/2020,11:22:29,10,10,1545,15,618,0,4326
PEL30Jan201317.8PE.NFO,07/01/2020,11:22:48,10,10,927,15,618,0,4326
PEL30Jan201317.8PE.NFO,07/01/2020,11:22:55,10,10,309,15,618,0,4326
PEL30Jan201317.8PE.NFO,07/01/2020,11:23:14,10,10,1545,15,618,0,4326
PEL30Jan201317.8PE.NFO,07/01/2020,11:23:54,10,10,927,15,618,0,4326
PEL30Jan201317.8PE.NFO,07/01/2020,11:23:59,10,10,309,15,618,0,4326
PEL30Jan201317.8PE.NFO,07/01/2020,11:24:55,10,10,927,15,618,0,4326
PEL30Jan201317.8PE.NFO,07/01/2020,11:24:59,10,10,309,15,618,0,4326
PEL30Jan201317.8PE.NFO,07/01/2020,11:25:37,10,10,927,15,618,0,4326
PEL30Jan201317.8PE.NFO,07/01/2020,11:26:19,10,10,309,15,618,0,4326
PEL30Jan201317.8PE.NFO,07/01/2020,11:26:23,10,10,927,15,618,0,4326
PEL30Jan201317.8PE.NFO,07/01/2020,11:29:20,10,10,1545,15,618,0,4326
PEL30Jan201317.8PE.NFO,07/01/2020,11:31:46,10,10,927,15,618,0,4326
PEL30Jan201317.8PE.NFO,07/01/2020,11:31:58,10,10,1545,15,618,0,4326
PEL30Jan201317.8PE.NFO,07/01/2020,11:32:04,10,10,927,15,618,0,4326
PEL30Jan201317.8PE.NFO,07/01/2020,11:36:13,10,10,309,15,618,0,4326
PEL30Jan201317.8PE.NFO,07/01/2020,11:46:01,10,10,309,14.95,309,0,4326
PEL30Jan201317.8PE.NFO,07/01/2020,11:53:02,10,10,927,14.95,309,0,4326
PEL30Jan201317.8PE.NFO,07/01/2020,11:53:23,10,10,309,14.95,309,0,4326
PEL30Jan201317.8PE.NFO,07/01/2020,11:53:43,10,10,927,14.95,309,0,4326
PEL30Jan201317.8PE.NFO,07/01/2020,11:55:10,10,10,1545,14.95,309,0,4326
PEL30Jan201317.8PE.NFO,07/01/2020,11:55:33,10,10,927,14.95,309,0,4326
PEL30Jan201317.8PE.NFO,07/01/2020,11:55:39,10,10,1545,14.95,309,0,4326
PEL30Jan201317.8PE.NFO,07/01/2020,11:55:42,10,10,927,14.95,309,0,4326
PEL30Jan201317.8PE.NFO,07/01/2020,11:56:23,10,10,1545,14.95,309,0,4326
PEL30Jan201317.8PE.NFO,07/01/2020,11:59:05,10,10,927,14.95,309,0,4326
PEL30Jan201317.8PE.NFO,07/01/2020,11:59:08,10,10,1545,14.95,309,0,4326
PEL30Jan201317.8PE.NFO,07/01/2020,11:59:21,10,10,927,14.95,309,0,4326
PEL30Jan201317.8PE.NFO,07/01/2020,11:59:26,10,10,1545,14.95,309,0,4326
PEL30Jan201317.8PE.NFO,07/01/2020,12:00:29,10,10,927,14.95,309,0,4326
PEL30Jan201317.8PE.NFO,07/01/2020,12:00:38,10,10,1545,14.95,309,0,4326
PEL30Jan201317.8PE.NFO,07/01/2020,12:02:41,10,10,927,14.95,309,0,4326
PEL30Jan201317.8PE.NFO,07/01/2020,12:03:32,10,10,1545,14.95,309,0,4326
PEL30Jan201317.8PE.NFO,07/01/2020,12:04:13,10,10,927,14.95,309,0,4326
PEL30Jan201317.8PE.NFO,07/01/2020,12:04:16,10,10,1545,14.95,309,0,4326
PEL30Jan201317.8PE.NFO,07/01/2020,12:04:23,10,10,927,14.95,309,0,4326
PEL30Jan201317.8PE.NFO,07/01/2020,12:04:40,10,10,1545,14.95,309,0,4326
PEL30Jan201317.8PE.NFO,07/01/2020,12:04:43,10,10,927,14.95,309,0,4326
PEL30Jan201317.8PE.NFO,07/01/2020,12:04:48,10,10,1545,14.95,309,0,4326
PEL30Jan201317.8PE.NFO,07/01/2020,12:05:14,10,10,927,14.95,309,0,4326
PEL30Jan201317.8PE.NFO,07/01/2020,12:05:17,10,10,309,14.95,309,0,4326
PEL30Jan201317.8PE.NFO,07/01/2020,12:29:14,10,10,927,14.95,309,0,4326
PEL30Jan201317.8PE.NFO,07/01/2020,12:29:19,10,10,309,14.95,309,0,4326
PEL30Jan201317.8PE.NFO,07/01/2020,12:29:22,10,10,927,14.95,309,0,4326
PEL30Jan201317.8PE.NFO,07/01/2020,12:30:31,10,10,2163,14.95,309,0,4326
PEL30Jan201317.8PE.NFO,07/01/2020,12:30:36,10,10,927,14.95,309,0,4326
PEL30Jan201317.8PE.NFO,07/01/2020,12:31:22,10,10,2163,14.95,309,0,4326
PEL30Jan201317.8PE.NFO,07/01/2020,12:31:32,10,10,1545,14.95,309,0,4326
PEL30Jan201317.8PE.NFO,07/01/2020,12:31:39,10,10,2163,14.95,309,0,4326
PEL30Jan201317.8PE.NFO,07/01/2020,12:31:46,10,10,927,14.95,309,0,4326
PEL30Jan201317.8PE.NFO,07/01/2020,12:31:50,10,10,1545,14.95,309,0,4326
PEL30Jan201317.8PE.NFO,07/01/2020,12:31:58,10,10,927,14.95,309,0,4326
PEL30Jan201317.8PE.NFO,07/01/2020,12:32:03,10,10,2163,14.95,309,0,4326
PEL30Jan201317.8PE.NFO,07/01/2020,12:32:07,10,10,1545,14.95,309,0,4326
PEL30Jan201317.8PE.NFO,07/01/2020,12:32:11,10,10,927,14.95,309,0,4326
PEL30Jan201317.8PE.NFO,07/01/2020,12:32:30,10,10,2163,14.95,309,0,4326
PEL30Jan201317.8PE.NFO,07/01/2020,12:33:04,10,10,927,14.95,309,0,4326
PEL30Jan201317.8PE.NFO,07/01/2020,12:33:27,10,10,2163,14.95,309,0,4326
PEL30Jan201317.8PE.NFO,07/01/2020,12:33:31,10,10,927,14.95,309,0,4326
PEL30Jan201317.8PE.NFO,07/01/2020,12:33:36,10,10,2163,14.95,309,0,4326
PEL30Jan201317.8PE.NFO,07/01/2020,12:34:09,10,10,1545,14.95,309,0,4326
PEL30Jan201317.8PE.NFO,07/01/2020,12:34:31,10,10,927,14.95,309,0,4326
PEL30Jan201317.8PE.NFO,07/01/2020,12:40:18,10,10,309,14.95,309,0,4326
PEL30Jan201317.8PE.NFO,07/01/2020,13:01:14,10,10,927,14.95,309,0,4326
PEL30Jan201317.8PE.NFO,07/01/2020,13:01:28,10,10,1545,14.95,309,0,4326
PEL30Jan201317.8PE.NFO,07/01/2020,13:01:41,10,10,927,14.95,309,0,4326
PEL30Jan201317.8PE.NFO,07/01/2020,13:01:52,10,10,1545,14.95,309,0,4326
PEL30Jan201317.8PE.NFO,07/01/2020,13:01:57,10,10,927,14.95,309,0,4326
PEL30Jan201317.8PE.NFO,07/01/2020,13:02:29,10,10,1545,14.95,309,0,4326
PEL30Jan201317.8PE.NFO,07/01/2020,13:03:03,10,10,927,14.95,309,0,4326
PEL30Jan201317.8PE.NFO,07/01/2020,13:03:07,10,10,1545,14.95,309,0,4326
PEL30Jan201317.8PE.NFO,07/01/2020,13:04:00,10,10,927,14.95,309,0,4326
PEL30Jan201317.8PE.NFO,07/01/2020,13:05:08,10,10,1545,14.95,309,0,4326
PEL30Jan201317.8PE.NFO,07/01/2020,13:06:20,10,10,927,14.95,309,0,4326
PEL30Jan201317.8PE.NFO,07/01/2020,13:06:51,10,10,1545,14.95,309,0,4326
PEL30Jan201317.8PE.NFO,07/01/2020,13:08:01,10,10,3399,14.95,309,0,4326
PEL30Jan201317.8PE.NFO,07/01/2020,13:08:09,10,10,2163,14.95,309,0,4326
PEL30Jan201317.8PE.NFO,07/01/2020,13:08:24,10,10,5871,14.95,309,0,4326
PEL30Jan201317.8PE.NFO,07/01/2020,13:08:51,10,14,309,14.95,309,0,4326
PEL30Jan201317.8PE.NFO,07/01/2020,13:08:57,15,14,309,16,309,927,4326
PEL30Jan201317.8PE.NFO,07/01/2020,13:08:57,15,14,309,16,309,0,4326
PEL30Jan201317.8PE.NFO,07/01/2020,13:09:03,15,10,5871,16,309,0,4326
PEL30Jan201317.8PE.NFO,07/01/2020,13:09:10,15,10.05,5871,16,309,0,4326
PEL30Jan201317.8PE.NFO,07/01/2020,13:09:26,16,10.05,5871,21.9,4017,309,4944
PEL30Jan201317.8PE.NFO,07/01/2020,13:09:26,16,10.05,5871,21.9,4017,0,4944
PEL30Jan201317.8PE.NFO,07/01/2020,13:09:34,16,10.05,5871,21.9,3399,0,4944
PEL30Jan201317.8PE.NFO,07/01/2020,13:09:46,16,10.05,5871,21.9,4017,0,4944
PEL30Jan201317.8PE.NFO,07/01/2020,13:09:53,16,10.05,5871,21.9,3399,0,4944
PEL30Jan201317.8PE.NFO,07/01/2020,13:10:13,16,10.05,5871,21.9,2781,0,4944
PEL30Jan201317.8PE.NFO,07/01/2020,13:11:06,16,10.05,5871,21.9,4017,0,4944
PEL30Jan201317.8PE.NFO,07/01/2020,13:11:55,16,10.05,5871,21.9,3399,0,4944
PEL30Jan201317.8PE.NFO,07/01/2020,13:12:27,16,10.05,5871,21.9,2781,0,4944
PEL30Jan201317.8PE.NFO,07/01/2020,13:13:07,16,11.35,3399,21.9,2781,0,4944
PEL30Jan201317.8PE.NFO,07/01/2020,13:14:56,16,11.35,3399,21.9,2163,0,4944
PEL30Jan201317.8PE.NFO,07/01/2020,13:15:01,16,11.35,4017,21.9,2163,0,4944
PEL30Jan201317.8PE.NFO,07/01/2020,13:15:15,16,11.35,2781,21.9,2163,0,4944
PEL30Jan201317.8PE.NFO,07/01/2020,13:15:23,16,11.35,4017,21.9,2163,0,4944
PEL30Jan201317.8PE.NFO,07/01/2020,13:17:34,16,11.35,5253,21.9,309,0,4944
PEL30Jan201317.8PE.NFO,07/01/2020,13:18:05,16,11.35,5871,21.9,309,0,4944
PEL30Jan201317.8PE.NFO,07/01/2020,13:19:34,16,15.05,309,21.9,309,0,4944
PEL30Jan201317.8PE.NFO,07/01/2020,13:46:43,16,15.05,309,21.9,927,0,4944
PEL30Jan201317.8PE.NFO,07/01/2020,13:47:00,16,15.05,309,21.9,309,0,4944
PEL30Jan201317.8PE.NFO,07/01/2020,13:47:08,16,15.05,309,21.9,927,0,4944
PEL30Jan201317.8PE.NFO,07/01/2020,13:49:01,16,15.05,309,21.9,1545,0,4944
PEL30Jan201317.8PE.NFO,07/01/2020,13:49:08,16,15.05,309,21.9,927,0,4944
PEL30Jan201317.8PE.NFO,07/01/2020,13:49:25,16,15.05,309,21.9,1545,0,4944
PEL30Jan201317.8PE.NFO,07/01/2020,13:49:38,16,15.05,309,21.9,2163,0,4944
PEL30Jan201317.8PE.NFO,07/01/2020,13:49:47,16,15.05,309,21.9,3399,0,4944
PEL30Jan201317.8PE.NFO,07/01/2020,13:50:16,16,15.05,309,21.9,4017,0,4944
PEL30Jan201317.8PE.NFO,07/01/2020,13:50:37,16,15.05,309,21.9,4635,0,4944
PEL30Jan201317.8PE.NFO,07/01/2020,13:50:45,16,15.05,309,21.8,5253,0,4944
PEL30Jan201317.8PE.NFO,07/01/2020,13:51:08,16,15.05,309,21.8,5871,0,4944
PEL30Jan201317.8PE.NFO,07/01/2020,13:51:46,16,15.05,309,21.8,5253,0,4944
PEL30Jan201317.8PE.NFO,07/01/2020,13:52:26,16,15.05,309,21.8,4017,0,4944
PEL30Jan201317.8PE.NFO,07/01/2020,13:52:39,16,15.05,309,21.8,5253,0,4944
PEL30Jan201317.8PE.NFO,07/01/2020,13:52:51,16,15.05,309,21.8,4635,0,4944
PEL30Jan201317.8PE.NFO,07/01/2020,13:52:55,16,15.05,309,21.8,5253,0,4944
PEL30Jan201317.8PE.NFO,07/01/2020,13:52:59,16,15.05,309,21.8,4635,0,4944
PEL30Jan201317.8PE.NFO,07/01/2020,13:53:07,16,15.05,309,21.8,4017,0,4944
PEL30Jan201317.8PE.NFO,07/01/2020,13:54:06,16,15.05,309,21.8,4635,0,4944
PEL30Jan201317.8PE.NFO,07/01/2020,13:55:31,16,15.05,309,19.9,309,0,4944
PEL30Jan201317.8PE.NFO,07/01/2020,14:01:29,16,15,618,19.9,309,0,4944
PEL30Jan201317.8PE.NFO,07/01/2020,14:13:40,16,15,618,19.9,927,0,4944
PEL30Jan201317.8PE.NFO,07/01/2020,14:13:46,16,15,618,19.9,309,0,4944
PEL30Jan201317.8PE.NFO,07/01/2020,14:13:56,16,15,309,19.9,1545,0,4944
PEL30Jan201317.8PE.NFO,07/01/2020,14:14:02,15,14.85,309,19.9,927,309,5253
PEL30Jan201317.8PE.NFO,07/01/2020,14:14:09,15,14.8,309,19.9,927,0,5253
PEL30Jan201317.8PE.NFO,07/01/2020,14:14:14,15,14.75,309,19.9,927,0,5253
PEL30Jan201317.8PE.NFO,07/01/2020,14:14:19,15,14.75,309,19.9,1545,0,5253
PEL30Jan201317.8PE.NFO,07/01/2020,14:14:24,15,14.7,309,19.9,927,0,5253
PEL30Jan201317.8PE.NFO,07/01/2020,14:14:44,15,14.65,309,19.9,1545,0,5253
PEL30Jan201317.8PE.NFO,07/01/2020,14:14:58,15,14.65,309,19.9,927,0,5253
PEL30Jan201317.8PE.NFO,07/01/2020,14:15:04,15,14.65,309,19.9,1545,0,5253
PEL30Jan201317.8PE.NFO,07/01/2020,14:15:23,15,14.6,309,19.9,1545,0,5253
PEL30Jan201317.8PE.NFO,07/01/2020,14:15:30,15,14.55,309,19.9,1545,0,5253
PEL30Jan201317.8PE.NFO,07/01/2020,14:16:03,15,14.55,309,19.9,927,0,5253
PEL30Jan201317.8PE.NFO,07/01/2020,14:16:10,15,14.55,309,19.9,1545,0,5253
PEL30Jan201317.8PE.NFO,07/01/2020,14:16:15,15,14.45,309,19.9,1545,0,5253
PEL30Jan201317.8PE.NFO,07/01/2020,14:22:22,15,14.4,309,19.9,1545,0,5253
PEL30Jan201317.8PE.NFO,07/01/2020,14:23:44,15,14.4,309,19.9,927,0,5253
PEL30Jan201317.8PE.NFO,07/01/2020,14:24:01,15,14.4,309,19.9,1545,0,5253
PEL30Jan201317.8PE.NFO,07/01/2020,14:24:05,15,14.4,309,19.9,927,0,5253
PEL30Jan201317.8PE.NFO,07/01/2020,14:25:27,15,14.4,309,19.9,1545,0,5253
PEL30Jan201317.8PE.NFO,07/01/2020,14:25:32,15,14.4,309,19.9,927,0,5253
PEL30Jan201317.8PE.NFO,07/01/2020,14:26:18,15,14.4,309,19.9,1545,0,5253
PEL30Jan201317.8PE.NFO,07/01/2020,14:27:12,15,14.4,309,19.9,2163,0,5253
PEL30Jan201317.8PE.NFO,07/01/2020,14:27:20,15,14.3,309,19.9,1545,0,5253
PEL30Jan201317.8PE.NFO,07/01/2020,14:27:26,15,14.3,309,19.9,2163,0,5253
PEL30Jan201317.8PE.NFO,07/01/2020,14:27:31,15,14.3,309,19.9,2781,0,5253
PEL30Jan201317.8PE.NFO,07/01/2020,14:27:36,15,14.3,309,19.9,2163,0,5253
PEL30Jan201317.8PE.NFO,07/01/2020,14:27:42,15,14.25,309,19.9,2781,0,5253
PEL30Jan201317.8PE.NFO,07/01/2020,14:27:53,15,14.2,309,19.9,2781,0,5253
PEL30Jan201317.8PE.NFO,07/01/2020,14:27:58,15,14.2,309,19.9,2163,0,5253
PEL30Jan201317.8PE.NFO,07/01/2020,14:28:16,15,14.15,309,19.9,2163,0,5253
PEL30Jan201317.8PE.NFO,07/01/2020,14:28:20,15,14.15,309,19.9,1545,0,5253
PEL30Jan201317.8PE.NFO,07/01/2020,14:28:24,15,14.15,309,19.9,2163,0,5253
PEL30Jan201317.8PE.NFO,07/01/2020,14:30:26,15,14.1,309,19.9,4017,0,5253
PEL30Jan201317.8PE.NFO,07/01/2020,14:30:35,15,10.15,1236,19.9,4017,0,5253
PEL30Jan201317.8PE.NFO,07/01/2020,14:30:45,15,10.15,618,19.9,4017,0,5253
PEL30Jan201317.8PE.NFO,07/01/2020,14:32:29,15,10.15,1236,19.9,4017,0,5253
PEL30Jan201317.8PE.NFO,07/01/2020,14:32:51,15,10.15,618,19.9,4017,0,5253
PEL30Jan201317.8PE.NFO,07/01/2020,14:32:57,15,10.15,1236,19.9,4017,0,5253
PEL30Jan201317.8PE.NFO,07/01/2020,14:33:20,15,10.15,618,19.9,4017,0,5253
PEL30Jan201317.8PE.NFO,07/01/2020,14:34:05,15,10.15,1236,19.9,4017,0,5253
PEL30Jan201317.8PE.NFO,07/01/2020,14:34:50,15,10.15,1236,19.9,2163,0,5253
PEL30Jan201317.8PE.NFO,07/01/2020,14:35:24,15,10.15,1236,19.9,2781,0,5253
PEL30Jan201317.8PE.NFO,07/01/2020,14:35:30,15,10.15,1236,19.9,3399,0,5253
PEL30Jan201317.8PE.NFO,07/01/2020,14:35:36,15,10.15,1236,19.9,2163,0,5253
PEL30Jan201317.8PE.NFO,07/01/2020,14:35:53,15,10.15,1236,19.9,3399,0,5253
PEL30Jan201317.8PE.NFO,07/01/2020,14:35:58,15,10.15,1236,19.9,4017,0,5253
PEL30Jan201317.8PE.NFO,07/01/2020,14:36:07,15,10.15,1236,19.9,4635,0,5253
PEL30Jan201317.8PE.NFO,07/01/2020,14:36:25,15,10.15,1236,19.9,3399,0,5253
PEL30Jan201317.8PE.NFO,07/01/2020,14:36:36,15,10.15,1236,19.9,4635,0,5253
PEL30Jan201317.8PE.NFO,07/01/2020,14:36:50,15,10.15,1236,19.9,3399,0,5253
PEL30Jan201317.8PE.NFO,07/01/2020,14:37:02,15,10.15,1236,19.9,4635,0,5253
PEL30Jan201317.8PE.NFO,07/01/2020,14:38:14,15,10.15,618,19.9,4635,0,5253
PEL30Jan201317.8PE.NFO,07/01/2020,14:38:19,15,10.15,618,19.9,5253,0,5253
PEL30Jan201317.8PE.NFO,07/01/2020,14:39:25,15,10.15,618,19.9,5871,0,5253
PEL30Jan201317.8PE.NFO,07/01/2020,14:43:38,15,10.15,618,19.9,5253,0,5253
PEL30Jan201317.8PE.NFO,07/01/2020,14:43:49,15,10.15,618,19.9,4017,0,5253
PEL30Jan201317.8PE.NFO,07/01/2020,14:44:30,15,10.15,618,19.9,3399,0,5253
PEL30Jan201317.8PE.NFO,07/01/2020,14:44:40,15,10.15,618,19.9,2781,0,5253
PEL30Jan201317.8PE.NFO,07/01/2020,14:45:00,15,10.15,618,19.9,3399,0,5253
PEL30Jan201317.8PE.NFO,07/01/2020,14:45:05,15,10.15,618,19.9,5253,0,5253
PEL30Jan201317.8PE.NFO,07/01/2020,14:45:12,15,10.15,618,19.9,2781,0,5253
PEL30Jan201317.8PE.NFO,07/01/2020,14:45:49,15,10.15,618,14.95,618,0,5253
PEL30Jan201317.8PE.NFO,07/01/2020,15:07:38,15,10.15,618,13,309,0,5253
PEL30Jan201317.8PE.NFO,07/01/2020,15:07:43,15,10.15,618,13.95,618,0,5253
PEL30Jan201317.8PE.NFO,07/01/2020,15:28:41,15,7.05,5562,13.95,618,0,5253
PEL30Jan201317.8PE.NFO,07/01/2020,15:28:48,15,7.05,4326,13.95,618,0,5253
PEL30Jan201317.8PE.NFO,07/01/2020,15:29:13,15,7.05,3708,13.95,618,0,5253
PEL30Jan201317.8PE.NFO,07/01/2020,15:29:20,15,7.05,4326,13.95,618,0,5253
PEL30Jan201317.8PE.NFO,07/01/2020,15:29:41,15,7.05,4326,17.95,2472,0,5253
PEL30Jan201317.8PE.NFO,07/01/2020,15:29:48,15,7.05,3708,17.95,1854,0,5253
PEL30Jan201317.8PE.NFO,07/01/2020,15:29:53,15,7.05,4326,17.95,1854,0,5253
PEL30Jan201317.8PE.NFO,07/01/2020,15:30:01,15,7.05,3708,17.95,1854,0,5253
