Ticker,Date,Time,LTP,BuyPrice,BuyQty,SellPrice,SellQty,LTQ,OpenInterest
PEL30Jan201300PE.NFO,07/01/2020,09:42:49,9.6,3.75,1236,13.6,3090,309,309
PEL30Jan201300PE.NFO,07/01/2020,09:42:49,9.6,3.75,1236,13.6,3090,0,309
PEL30Jan201300PE.NFO,07/01/2020,09:42:49,9.6,3.75,1236,13.6,3090,0,309
PEL30Jan201300PE.NFO,07/01/2020,09:42:49,9.6,3.75,1236,13.6,3090,0,309
PEL30Jan201300PE.NFO,07/01/2020,09:43:01,9.6,3.75,1236,13.6,3090,0,309
PEL30Jan201300PE.NFO,07/01/2020,09:43:12,9.6,3.75,618,13.6,3090,0,309
PEL30Jan201300PE.NFO,07/01/2020,09:43:16,9.6,3.75,618,13.6,3708,0,309
PEL30Jan201300PE.NFO,07/01/2020,09:43:22,9.6,3.75,618,13.6,4017,0,309
PEL30Jan201300PE.NFO,07/01/2020,09:44:05,9.6,3.75,618,13.5,3708,0,309
PEL30Jan201300PE.NFO,07/01/2020,09:44:32,9.6,3.75,618,13.4,3708,0,309
PEL30Jan201300PE.NFO,07/01/2020,09:44:42,9.6,3.75,618,13.4,4326,0,309
PEL30Jan201300PE.NFO,07/01/2020,09:44:47,9.6,3.75,618,13.4,3708,0,309
PEL30Jan201300PE.NFO,07/01/2020,09:45:08,9.6,3.75,618,13.4,4635,0,309
PEL30Jan201300PE.NFO,07/01/2020,09:45:35,9.6,3.75,618,13.4,5253,0,309
PEL30Jan201300PE.NFO,07/01/2020,09:45:40,9.6,3.75,618,13.4,4017,0,309
PEL30Jan201300PE.NFO,07/01/2020,09:45:46,9.6,3.75,618,13.4,4635,0,309
PEL30Jan201300PE.NFO,07/01/2020,09:45:51,9.6,3.75,618,13.4,5253,0,309
PEL30Jan201300PE.NFO,07/01/2020,09:46:02,9.6,3.75,618,13.4,4635,0,309
PEL30Jan201300PE.NFO,07/01/2020,09:46:07,9.6,3.75,618,13.4,4017,0,309
PEL30Jan201300PE.NFO,07/01/2020,09:46:41,9.6,3.75,618,13.4,4635,0,309
PEL30Jan201300PE.NFO,07/01/2020,09:46:46,9.6,3.75,618,13.4,5253,0,309
PEL30Jan201300PE.NFO,07/01/2020,09:47:07,9.6,1.55,4944,13.4,4635,0,309
PEL30Jan201300PE.NFO,07/01/2020,09:47:16,9.6,1.55,4944,13.4,3399,0,309
PEL30Jan201300PE.NFO,07/01/2020,09:47:26,9.6,1.55,4944,13.4,4635,0,309
PEL30Jan201300PE.NFO,07/01/2020,09:47:31,9.6,1.55,4944,13.4,4017,0,309
PEL30Jan201300PE.NFO,07/01/2020,09:47:35,9.6,1.55,4944,13.4,3399,0,309
PEL30Jan201300PE.NFO,07/01/2020,09:48:51,9.6,1.55,4944,13.4,4017,0,309
PEL30Jan201300PE.NFO,07/01/2020,09:48:57,9.6,1.55,4944,13.4,3399,0,309
PEL30Jan201300PE.NFO,07/01/2020,09:49:04,9.6,2.3,5562,13.4,4017,0,309
PEL30Jan201300PE.NFO,07/01/2020,09:49:15,9.6,2.3,4944,13.4,4017,0,309
PEL30Jan201300PE.NFO,07/01/2020,09:49:32,9.6,2.3,5562,13.4,4017,0,309
PEL30Jan201300PE.NFO,07/01/2020,09:49:38,9.6,2.3,5562,13.4,3399,0,309
PEL30Jan201300PE.NFO,07/01/2020,09:49:53,9.6,2.3,4944,13.4,4635,0,309
PEL30Jan201300PE.NFO,07/01/2020,09:49:58,9.6,2.3,4944,13.4,4017,0,309
PEL30Jan201300PE.NFO,07/01/2020,09:50:32,9.6,2.3,4944,13.4,4635,0,309
PEL30Jan201300PE.NFO,07/01/2020,09:50:36,9.6,2.3,4944,13.4,5253,0,309
PEL30Jan201300PE.NFO,07/01/2020,09:50:46,9.6,2.3,5562,13.4,5253,0,309
PEL30Jan201300PE.NFO,07/01/2020,09:51:11,9.6,2.3,5562,13.4,4635,0,309
PEL30Jan201300PE.NFO,07/01/2020,09:51:16,9.6,3.45,618,13.4,4635,0,309
PEL30Jan201300PE.NFO,07/01/2020,09:51:56,9.6,3.45,618,13.4,4017,0,309
PEL30Jan201300PE.NFO,07/01/2020,09:52:16,9.6,3.45,618,13.4,2781,0,309
PEL30Jan201300PE.NFO,07/01/2020,09:52:26,9.6,3.45,1236,13.4,2781,0,309
PEL30Jan201300PE.NFO,07/01/2020,09:52:32,9.6,3.45,1236,13.4,3399,0,309
PEL30Jan201300PE.NFO,07/01/2020,09:52:50,9.6,3.45,618,13.4,3399,0,309
PEL30Jan201300PE.NFO,07/01/2020,09:52:59,9.6,3.45,1236,13.4,3399,0,309
PEL30Jan201300PE.NFO,07/01/2020,09:53:37,9.6,3.45,1236,13.4,2781,0,309
PEL30Jan201300PE.NFO,07/01/2020,09:54:03,9.6,3.45,1236,13.4,2163,0,309
PEL30Jan201300PE.NFO,07/01/2020,09:54:48,9.6,3.45,618,13.4,3399,0,309
PEL30Jan201300PE.NFO,07/01/2020,09:54:53,9.6,3.45,1236,13.4,3399,0,309
PEL30Jan201300PE.NFO,07/01/2020,09:54:59,9.6,3.45,1236,13.4,2163,0,309
PEL30Jan201300PE.NFO,07/01/2020,09:55:04,9.6,3.45,1236,13.4,4017,0,309
PEL30Jan201300PE.NFO,07/01/2020,09:55:10,9.6,5.5,1236,13.4,3399,0,309
PEL30Jan201300PE.NFO,07/01/2020,09:55:16,9.6,5.5,1236,13.4,1545,0,309
PEL30Jan201300PE.NFO,07/01/2020,09:57:40,9.6,6,927,13.4,1545,0,309
PEL30Jan201300PE.NFO,07/01/2020,09:58:23,9.6,6,927,13.4,2163,0,309
PEL30Jan201300PE.NFO,07/01/2020,09:58:46,9.6,6,927,13.4,1545,0,309
PEL30Jan201300PE.NFO,07/01/2020,09:59:42,9.6,6,927,13.4,2781,0,309
PEL30Jan201300PE.NFO,07/01/2020,09:59:46,9.6,6,927,13.4,2163,0,309
PEL30Jan201300PE.NFO,07/01/2020,09:59:50,9.6,6,927,13.4,1545,0,309
PEL30Jan201300PE.NFO,07/01/2020,10:00:44,9.6,6,927,13.4,927,0,309
PEL30Jan201300PE.NFO,07/01/2020,10:00:57,9.6,6,927,13.4,1545,0,309
PEL30Jan201300PE.NFO,07/01/2020,10:01:09,9.6,6,927,13.4,927,0,309
PEL30Jan201300PE.NFO,07/01/2020,10:01:23,9.6,6,927,13.4,1545,0,309
PEL30Jan201300PE.NFO,07/01/2020,10:01:29,9.6,6,927,13.4,927,0,309
PEL30Jan201300PE.NFO,07/01/2020,10:02:29,9.6,6,927,13.4,309,0,309
PEL30Jan201300PE.NFO,07/01/2020,10:02:39,9.6,6,927,13.4,927,0,309
PEL30Jan201300PE.NFO,07/01/2020,10:02:44,9.6,6,927,13.4,309,0,309
PEL30Jan201300PE.NFO,07/01/2020,10:15:18,6,6,618,15.65,3090,309,618
PEL30Jan201300PE.NFO,07/01/2020,10:15:18,6,6,618,15.65,3090,0,618
PEL30Jan201300PE.NFO,07/01/2020,10:15:23,6,6,618,15.65,3090,0,618
PEL30Jan201300PE.NFO,07/01/2020,10:16:19,6,6,618,15.65,2472,0,618
PEL30Jan201300PE.NFO,07/01/2020,10:16:53,6,6,618,15.65,1854,0,618
PEL30Jan201300PE.NFO,07/01/2020,10:18:37,6,6,618,15.65,1236,0,618
PEL30Jan201300PE.NFO,07/01/2020,10:18:47,6,6,1236,15.65,1236,0,618
PEL30Jan201300PE.NFO,07/01/2020,10:18:52,6,6,618,15.65,1236,0,618
PEL30Jan201300PE.NFO,07/01/2020,10:19:05,6,6,1236,15.65,1236,0,618
PEL30Jan201300PE.NFO,07/01/2020,10:19:09,6,6,618,15.5,2472,0,618
PEL30Jan201300PE.NFO,07/01/2020,10:22:41,6,6.5,1236,15.5,2472,0,618
PEL30Jan201300PE.NFO,07/01/2020,10:23:44,6,6.5,1236,15.5,618,0,618
PEL30Jan201300PE.NFO,07/01/2020,10:23:49,6,6.5,1236,15.5,2472,0,618
PEL30Jan201300PE.NFO,07/01/2020,10:23:57,6,6.5,1236,15.5,618,0,618
PEL30Jan201300PE.NFO,07/01/2020,10:24:09,6,6.5,1236,15.5,2472,0,618
PEL30Jan201300PE.NFO,07/01/2020,10:24:41,6,6.5,1236,15.5,618,0,618
PEL30Jan201300PE.NFO,07/01/2020,10:25:11,6,6.5,1236,15.5,1236,0,618
PEL30Jan201300PE.NFO,07/01/2020,10:25:14,6,6.5,1236,15.5,1854,0,618
PEL30Jan201300PE.NFO,07/01/2020,10:25:26,6,6.5,1236,15.5,618,0,618
PEL30Jan201300PE.NFO,07/01/2020,10:26:40,6,6.6,309,15.5,618,0,618
PEL30Jan201300PE.NFO,07/01/2020,10:26:53,6,6.6,309,15.5,1854,0,618
PEL30Jan201300PE.NFO,07/01/2020,10:27:02,6,6.6,309,15.5,618,0,618
PEL30Jan201300PE.NFO,07/01/2020,10:27:06,6,6.6,309,15.5,1854,0,618
PEL30Jan201300PE.NFO,07/01/2020,10:27:18,6,6.6,309,15.5,618,0,618
PEL30Jan201300PE.NFO,07/01/2020,10:27:26,6,6.6,309,15.5,1854,0,618
PEL30Jan201300PE.NFO,07/01/2020,10:27:34,6,6.6,309,15.5,618,0,618
PEL30Jan201300PE.NFO,07/01/2020,10:27:38,6,6.6,309,15.5,1236,0,618
PEL30Jan201300PE.NFO,07/01/2020,10:27:43,6,6.6,309,15.5,1854,0,618
PEL30Jan201300PE.NFO,07/01/2020,10:27:52,6,6.6,309,15.5,618,0,618
PEL30Jan201300PE.NFO,07/01/2020,10:28:00,6,6.6,309,15.5,1854,0,618
PEL30Jan201300PE.NFO,07/01/2020,10:28:32,6,7,2472,15.5,1854,0,618
PEL30Jan201300PE.NFO,07/01/2020,10:29:25,6,7.1,309,15.5,1854,0,618
PEL30Jan201300PE.NFO,07/01/2020,10:30:36,6,7.1,309,15.5,1236,0,618
PEL30Jan201300PE.NFO,07/01/2020,10:30:51,6,7.1,309,15.5,618,0,618
PEL30Jan201300PE.NFO,07/01/2020,10:31:13,6,7.2,1236,15.5,618,0,618
PEL30Jan201300PE.NFO,07/01/2020,10:31:32,6,7.2,1236,17.9,2472,0,618
PEL30Jan201300PE.NFO,07/01/2020,10:40:26,6,7.2,1236,15.5,618,0,618
PEL30Jan201300PE.NFO,07/01/2020,10:40:44,6,7.2,1236,15.5,1854,0,618
PEL30Jan201300PE.NFO,07/01/2020,10:40:49,6,7.2,1236,15.5,2472,0,618
PEL30Jan201300PE.NFO,07/01/2020,10:40:53,6,7.2,1236,15.5,3090,0,618
PEL30Jan201300PE.NFO,07/01/2020,10:41:50,6,7.2,1236,15.5,2472,0,618
PEL30Jan201300PE.NFO,07/01/2020,10:41:54,6,7.2,1236,15.5,3090,0,618
PEL30Jan201300PE.NFO,07/01/2020,10:42:29,6,7.2,1236,15.5,2472,0,618
PEL30Jan201300PE.NFO,07/01/2020,10:43:13,6,7.2,1236,15.5,3090,0,618
PEL30Jan201300PE.NFO,07/01/2020,10:43:15,6,7.2,1236,15.5,2472,0,618
PEL30Jan201300PE.NFO,07/01/2020,10:43:26,6,7.2,1236,15.5,3090,0,618
PEL30Jan201300PE.NFO,07/01/2020,10:43:31,6,7.2,1236,15.5,2472,0,618
PEL30Jan201300PE.NFO,07/01/2020,10:44:01,6,7.2,1236,15.5,3090,0,618
PEL30Jan201300PE.NFO,07/01/2020,10:44:06,6,7.2,1236,15.5,3708,0,618
PEL30Jan201300PE.NFO,07/01/2020,10:44:23,6,7.2,1236,15.5,3090,0,618
PEL30Jan201300PE.NFO,07/01/2020,10:44:26,6,7.2,1236,15.5,1854,0,618
PEL30Jan201300PE.NFO,07/01/2020,10:44:28,6,7.2,1236,15.5,3090,0,618
PEL30Jan201300PE.NFO,07/01/2020,10:44:30,6,7.25,309,15.5,2472,0,618
PEL30Jan201300PE.NFO,07/01/2020,10:44:34,6,7.25,309,15.5,3090,0,618
PEL30Jan201300PE.NFO,07/01/2020,10:44:37,6,7.25,309,15.5,2472,0,618
PEL30Jan201300PE.NFO,07/01/2020,10:44:48,6,7.25,309,15.5,4326,0,618
PEL30Jan201300PE.NFO,07/01/2020,10:44:51,6,7.25,309,15.5,3708,0,618
PEL30Jan201300PE.NFO,07/01/2020,10:44:55,6,7.25,309,15.5,4326,0,618
PEL30Jan201300PE.NFO,07/01/2020,10:44:58,6,7.25,309,15.5,3708,0,618
PEL30Jan201300PE.NFO,07/01/2020,10:45:09,6,7.25,309,15.5,3090,0,618
PEL30Jan201300PE.NFO,07/01/2020,10:45:13,6,7.25,309,15.5,4326,0,618
PEL30Jan201300PE.NFO,07/01/2020,10:45:23,6,7.25,309,15.5,3708,0,618
PEL30Jan201300PE.NFO,07/01/2020,10:45:27,6,7.25,309,15.5,4326,0,618
PEL30Jan201300PE.NFO,07/01/2020,10:45:31,6,7.25,309,15.5,3708,0,618
PEL30Jan201300PE.NFO,07/01/2020,10:45:34,6,7.25,309,15.5,3090,0,618
PEL30Jan201300PE.NFO,07/01/2020,10:45:48,6,7.25,309,15.5,4326,0,618
PEL30Jan201300PE.NFO,07/01/2020,10:46:21,6,7.25,309,15.5,3708,0,618
PEL30Jan201300PE.NFO,07/01/2020,10:46:24,6,7.25,309,15.5,3090,0,618
PEL30Jan201300PE.NFO,07/01/2020,10:46:44,6,7.25,309,15.5,2472,0,618
PEL30Jan201300PE.NFO,07/01/2020,10:46:52,6,7.25,309,15.5,1854,0,618
PEL30Jan201300PE.NFO,07/01/2020,10:47:05,6,7.25,309,15.5,2472,0,618
PEL30Jan201300PE.NFO,07/01/2020,10:47:08,6,7.25,309,15.5,3090,0,618
PEL30Jan201300PE.NFO,07/01/2020,10:47:13,6,7.25,309,15.5,1854,0,618
PEL30Jan201300PE.NFO,07/01/2020,10:47:19,6,7.25,309,15.5,3090,0,618
PEL30Jan201300PE.NFO,07/01/2020,10:47:24,6,7.25,309,15.5,4326,0,618
PEL30Jan201300PE.NFO,07/01/2020,10:47:28,6,7.25,309,15.5,3090,0,618
PEL30Jan201300PE.NFO,07/01/2020,10:47:32,6,7.25,309,15.5,3708,0,618
PEL30Jan201300PE.NFO,07/01/2020,10:47:35,6,7.25,309,15.5,4326,0,618
PEL30Jan201300PE.NFO,07/01/2020,10:48:06,6,7.25,309,15.5,3090,0,618
PEL30Jan201300PE.NFO,07/01/2020,10:48:14,6,7.25,309,15.5,1854,0,618
PEL30Jan201300PE.NFO,07/01/2020,10:49:57,6,7.25,309,15.5,1236,0,618
PEL30Jan201300PE.NFO,07/01/2020,10:51:55,6,7.25,309,15.5,618,0,618
PEL30Jan201300PE.NFO,07/01/2020,10:52:00,6,7.25,309,15.5,1236,0,618
PEL30Jan201300PE.NFO,07/01/2020,10:52:03,6,7.25,309,15.5,618,0,618
PEL30Jan201300PE.NFO,07/01/2020,10:52:21,6,7.25,309,17.9,618,0,618
PEL30Jan201300PE.NFO,07/01/2020,10:54:20,6,7.25,309,17.85,618,0,618
PEL30Jan201300PE.NFO,07/01/2020,10:55:40,6,7.25,309,15.5,1236,0,618
PEL30Jan201300PE.NFO,07/01/2020,10:55:49,6,7.25,309,15.5,618,0,618
PEL30Jan201300PE.NFO,07/01/2020,10:56:03,6,7.25,309,15.5,1236,0,618
PEL30Jan201300PE.NFO,07/01/2020,10:56:08,6,7.25,309,15.5,1854,0,618
PEL30Jan201300PE.NFO,07/01/2020,10:56:19,6,7.25,309,15.5,1236,0,618
PEL30Jan201300PE.NFO,07/01/2020,10:56:24,6,7.25,309,15.5,1854,0,618
PEL30Jan201300PE.NFO,07/01/2020,10:56:57,6,7.25,309,15.5,1236,0,618
PEL30Jan201300PE.NFO,07/01/2020,10:57:23,6,7.25,309,15.5,618,0,618
PEL30Jan201300PE.NFO,07/01/2020,10:58:07,6,7.25,309,17.9,1236,0,618
PEL30Jan201300PE.NFO,07/01/2020,11:01:38,6,7.25,1545,17.9,1236,0,618
PEL30Jan201300PE.NFO,07/01/2020,11:01:46,6,7.25,309,17.9,1236,0,618
PEL30Jan201300PE.NFO,07/01/2020,11:03:09,6,7.25,1545,17.9,618,0,618
PEL30Jan201300PE.NFO,07/01/2020,11:03:28,6,7.25,927,17.9,618,0,618
PEL30Jan201300PE.NFO,07/01/2020,11:03:33,6,7.25,1545,17.9,618,0,618
PEL30Jan201300PE.NFO,07/01/2020,11:05:21,6,7.25,927,17.9,618,0,618
PEL30Jan201300PE.NFO,07/01/2020,11:05:28,6,7.25,309,17.9,618,0,618
PEL30Jan201300PE.NFO,07/01/2020,11:05:41,6,7.25,927,17.9,618,0,618
PEL30Jan201300PE.NFO,07/01/2020,11:05:47,6,7.25,309,17.9,618,0,618
PEL30Jan201300PE.NFO,07/01/2020,11:07:11,6,7.25,927,17.9,618,0,618
PEL30Jan201300PE.NFO,07/01/2020,11:07:16,6,7.25,309,17.9,618,0,618
PEL30Jan201300PE.NFO,07/01/2020,11:07:42,6,7.25,927,17.9,618,0,618
PEL30Jan201300PE.NFO,07/01/2020,11:08:31,6,7.25,309,17.9,618,0,618
PEL30Jan201300PE.NFO,07/01/2020,11:08:37,6,7.25,927,17.9,618,0,618
PEL30Jan201300PE.NFO,07/01/2020,11:08:42,6,7.25,309,17.9,618,0,618
PEL30Jan201300PE.NFO,07/01/2020,11:09:30,6,7.25,927,17.9,618,0,618
PEL30Jan201300PE.NFO,07/01/2020,11:09:35,6,7.25,309,17.9,618,0,618
PEL30Jan201300PE.NFO,07/01/2020,11:09:54,6,7.25,927,17.9,618,0,618
PEL30Jan201300PE.NFO,07/01/2020,11:10:06,6,7.25,309,17.9,618,0,618
PEL30Jan201300PE.NFO,07/01/2020,11:12:08,6,7.25,927,17.9,618,0,618
PEL30Jan201300PE.NFO,07/01/2020,11:12:22,6,7.25,1545,17.9,618,0,618
PEL30Jan201300PE.NFO,07/01/2020,11:12:51,6,7.25,927,17.9,618,0,618
PEL30Jan201300PE.NFO,07/01/2020,11:12:56,6,7.25,1545,17.9,618,0,618
PEL30Jan201300PE.NFO,07/01/2020,11:13:56,6,7.25,927,17.9,618,0,618
PEL30Jan201300PE.NFO,07/01/2020,11:14:01,6,7.25,1545,17.9,618,0,618
PEL30Jan201300PE.NFO,07/01/2020,11:19:03,6,7.25,927,17.9,618,0,618
PEL30Jan201300PE.NFO,07/01/2020,11:19:09,6,7.25,1545,17.9,618,0,618
PEL30Jan201300PE.NFO,07/01/2020,11:19:14,6,7.25,927,17.9,618,0,618
PEL30Jan201300PE.NFO,07/01/2020,11:19:21,6,7.25,1545,17.9,618,0,618
PEL30Jan201300PE.NFO,07/01/2020,11:20:50,6,7.25,927,17.9,618,0,618
PEL30Jan201300PE.NFO,07/01/2020,11:21:01,6,7.25,1545,17.9,618,0,618
PEL30Jan201300PE.NFO,07/01/2020,11:21:07,6,7.25,927,17.9,618,0,618
PEL30Jan201300PE.NFO,07/01/2020,11:21:21,6,7.25,1545,17.9,618,0,618
PEL30Jan201300PE.NFO,07/01/2020,11:23:58,6,7.25,927,17.9,618,0,618
PEL30Jan201300PE.NFO,07/01/2020,11:28:34,6,7.25,1545,17.9,618,0,618
PEL30Jan201300PE.NFO,07/01/2020,11:28:38,6,7.25,927,17.9,618,0,618
PEL30Jan201300PE.NFO,07/01/2020,11:28:40,6,7.25,1545,17.9,618,0,618
PEL30Jan201300PE.NFO,07/01/2020,11:33:54,6,7.25,1545,17.85,7107,0,618
PEL30Jan201300PE.NFO,07/01/2020,11:34:00,6,7.25,927,17.9,618,0,618
PEL30Jan201300PE.NFO,07/01/2020,11:34:33,6,7.25,927,17.85,7107,0,618
PEL30Jan201300PE.NFO,07/01/2020,11:34:52,6,7.25,927,17.9,618,0,618
PEL30Jan201300PE.NFO,07/01/2020,11:35:16,6,7.25,927,17.85,7107,0,618
PEL30Jan201300PE.NFO,07/01/2020,11:35:29,6,7.25,927,17.9,618,0,618
PEL30Jan201300PE.NFO,07/01/2020,11:35:58,6,7.25,927,17.85,7107,0,618
PEL30Jan201300PE.NFO,07/01/2020,11:36:12,6,7.25,309,17.85,7107,0,618
PEL30Jan201300PE.NFO,07/01/2020,11:36:17,6,7.25,309,17.9,618,0,618
PEL30Jan201300PE.NFO,07/01/2020,11:36:21,6,7.25,309,17.85,7107,0,618
PEL30Jan201300PE.NFO,07/01/2020,11:36:33,6,7.25,309,17.9,618,0,618
PEL30Jan201300PE.NFO,07/01/2020,11:36:37,6,7.25,309,17.85,7107,0,618
PEL30Jan201300PE.NFO,07/01/2020,11:36:48,6,7.25,309,17.9,618,0,618
PEL30Jan201300PE.NFO,07/01/2020,11:36:55,6,7.25,309,17.85,7107,0,618
PEL30Jan201300PE.NFO,07/01/2020,11:37:08,6,7.25,309,17.85,7725,0,618
PEL30Jan201300PE.NFO,07/01/2020,11:42:31,6,7.25,927,17.85,7725,0,618
PEL30Jan201300PE.NFO,07/01/2020,11:42:41,6,7.25,309,17.85,7725,0,618
PEL30Jan201300PE.NFO,07/01/2020,11:42:50,6,7.25,927,17.85,7725,0,618
PEL30Jan201300PE.NFO,07/01/2020,11:43:05,6,7.25,309,17.85,7725,0,618
PEL30Jan201300PE.NFO,07/01/2020,11:43:18,6,7.25,927,17.85,7725,0,618
PEL30Jan201300PE.NFO,07/01/2020,11:43:46,6,7.25,309,17.85,7725,0,618
PEL30Jan201300PE.NFO,07/01/2020,11:43:50,6,7.25,309,15.5,618,0,618
PEL30Jan201300PE.NFO,07/01/2020,11:45:46,6,7.25,309,11.95,309,0,618
PEL30Jan201300PE.NFO,07/01/2020,11:48:52,6,7.25,927,11.95,309,0,618
PEL30Jan201300PE.NFO,07/01/2020,11:49:04,6,7.25,309,11.95,309,0,618
PEL30Jan201300PE.NFO,07/01/2020,11:49:43,6,7.25,927,11.95,309,0,618
PEL30Jan201300PE.NFO,07/01/2020,11:54:22,6,7.25,1545,11.95,309,0,618
PEL30Jan201300PE.NFO,07/01/2020,11:54:26,6,7.25,927,11.95,309,0,618
PEL30Jan201300PE.NFO,07/01/2020,11:54:58,6,7.25,1545,11.95,309,0,618
PEL30Jan201300PE.NFO,07/01/2020,11:55:32,11.95,7.25,1545,16.6,2163,309,618
PEL30Jan201300PE.NFO,07/01/2020,11:55:32,11.95,7.25,1545,16.6,2163,0,618
PEL30Jan201300PE.NFO,07/01/2020,11:55:38,11.95,7.25,1545,16.6,2163,0,618
PEL30Jan201300PE.NFO,07/01/2020,11:55:51,11.95,7.25,927,16.6,2163,0,618
PEL30Jan201300PE.NFO,07/01/2020,11:55:54,11.95,7.25,1545,16.6,2163,0,618
PEL30Jan201300PE.NFO,07/01/2020,11:56:30,11.95,7.25,1545,16.6,1545,0,618
PEL30Jan201300PE.NFO,07/01/2020,11:56:33,11.95,7.25,1545,16.6,2163,0,618
PEL30Jan201300PE.NFO,07/01/2020,11:57:53,11.95,7.25,1545,16.6,1854,0,618
PEL30Jan201300PE.NFO,07/01/2020,12:00:33,11.95,7.5,1545,16.6,1854,0,618
PEL30Jan201300PE.NFO,07/01/2020,12:00:37,11.95,7.5,2163,16.6,1854,0,618
PEL30Jan201300PE.NFO,07/01/2020,12:02:33,11.95,8,1545,16.6,1854,0,618
PEL30Jan201300PE.NFO,07/01/2020,12:05:27,11.95,8,1545,16.6,3090,0,618
PEL30Jan201300PE.NFO,07/01/2020,12:06:50,11.95,8,1545,16.6,2472,0,618
PEL30Jan201300PE.NFO,07/01/2020,12:06:58,11.95,8,1545,16.6,3090,0,618
PEL30Jan201300PE.NFO,07/01/2020,12:07:25,11.95,8,1545,16.6,2472,0,618
PEL30Jan201300PE.NFO,07/01/2020,12:07:37,11.95,8,1545,16.6,3090,0,618
PEL30Jan201300PE.NFO,07/01/2020,12:07:43,11.95,8,1545,16.6,2472,0,618
PEL30Jan201300PE.NFO,07/01/2020,12:08:01,11.95,8,1545,16.6,3090,0,618
PEL30Jan201300PE.NFO,07/01/2020,12:10:38,11.95,8,1545,16.6,3708,0,618
PEL30Jan201300PE.NFO,07/01/2020,12:11:10,11.95,8,1545,16.6,4326,0,618
PEL30Jan201300PE.NFO,07/01/2020,12:11:48,11.95,8,1545,16.6,3708,0,618
PEL30Jan201300PE.NFO,07/01/2020,12:12:01,11.95,8,1545,16.6,4326,0,618
PEL30Jan201300PE.NFO,07/01/2020,12:13:41,11.95,8,1545,16.6,3708,0,618
PEL30Jan201300PE.NFO,07/01/2020,12:13:49,11.95,8,1545,16.6,4326,0,618
PEL30Jan201300PE.NFO,07/01/2020,12:13:52,11.95,8,1545,16.6,3708,0,618
PEL30Jan201300PE.NFO,07/01/2020,12:15:22,11.95,8,1545,16.6,2472,0,618
PEL30Jan201300PE.NFO,07/01/2020,12:15:26,11.95,8,1545,16.6,3708,0,618
PEL30Jan201300PE.NFO,07/01/2020,12:15:30,11.95,8,1545,16.6,3090,0,618
PEL30Jan201300PE.NFO,07/01/2020,12:15:41,11.95,8,1545,16.6,2472,0,618
PEL30Jan201300PE.NFO,07/01/2020,12:15:47,11.95,8,1545,16.6,3708,0,618
PEL30Jan201300PE.NFO,07/01/2020,12:15:49,11.95,8,1545,16.6,2472,0,618
PEL30Jan201300PE.NFO,07/01/2020,12:16:02,11.95,8,1545,16.6,3708,0,618
PEL30Jan201300PE.NFO,07/01/2020,12:16:06,11.95,8,1545,16.6,2472,0,618
PEL30Jan201300PE.NFO,07/01/2020,12:17:23,11.95,8,1545,16.6,3090,0,618
PEL30Jan201300PE.NFO,07/01/2020,12:17:27,11.95,8,1545,16.6,2472,0,618
PEL30Jan201300PE.NFO,07/01/2020,12:17:37,11.95,8,1545,16.6,3090,0,618
PEL30Jan201300PE.NFO,07/01/2020,12:18:26,11.95,8,1545,16.6,2472,0,618
PEL30Jan201300PE.NFO,07/01/2020,12:19:39,11.95,8,1545,16.6,3708,0,618
PEL30Jan201300PE.NFO,07/01/2020,12:19:45,11.95,8,1545,16.6,3090,0,618
PEL30Jan201300PE.NFO,07/01/2020,12:19:50,11.95,8,1545,16.6,3708,0,618
PEL30Jan201300PE.NFO,07/01/2020,12:19:54,11.95,8,1545,16.6,3090,0,618
PEL30Jan201300PE.NFO,07/01/2020,12:20:05,11.95,8,1545,16.6,3708,0,618
PEL30Jan201300PE.NFO,07/01/2020,12:20:20,11.95,8,1545,16.6,2472,0,618
PEL30Jan201300PE.NFO,07/01/2020,12:22:06,11.95,8,1545,16.6,1854,0,618
PEL30Jan201300PE.NFO,07/01/2020,12:22:44,11.95,8,1545,16.6,2472,0,618
PEL30Jan201300PE.NFO,07/01/2020,12:22:46,11.95,8,1545,16.6,1854,0,618
PEL30Jan201300PE.NFO,07/01/2020,12:23:42,11.95,8,1545,16.6,2472,0,618
PEL30Jan201300PE.NFO,07/01/2020,12:23:45,11.95,8,1545,16.6,1854,0,618
PEL30Jan201300PE.NFO,07/01/2020,12:23:51,11.95,8,1545,16.6,2472,0,618
PEL30Jan201300PE.NFO,07/01/2020,12:24:00,11.95,8,1545,16.6,1854,0,618
PEL30Jan201300PE.NFO,07/01/2020,12:24:18,11.95,8,1545,16.6,2472,0,618
PEL30Jan201300PE.NFO,07/01/2020,12:26:51,11.95,8,1545,16.6,3090,0,618
PEL30Jan201300PE.NFO,07/01/2020,12:26:54,11.95,8,1545,16.6,2472,0,618
PEL30Jan201300PE.NFO,07/01/2020,12:29:03,11.95,8,1545,16.6,1854,0,618
PEL30Jan201300PE.NFO,07/01/2020,12:29:13,11.95,8,1545,16.6,1236,0,618
PEL30Jan201300PE.NFO,07/01/2020,12:30:20,11.95,8,1545,16.6,618,0,618
PEL30Jan201300PE.NFO,07/01/2020,12:30:25,11.95,8,1545,16.6,1236,0,618
PEL30Jan201300PE.NFO,07/01/2020,12:31:21,11.95,8,1545,16.6,618,0,618
PEL30Jan201300PE.NFO,07/01/2020,12:32:01,11.95,8,1545,16.6,1236,0,618
PEL30Jan201300PE.NFO,07/01/2020,12:32:28,11.95,8,2163,16.6,1236,0,618
PEL30Jan201300PE.NFO,07/01/2020,12:32:39,11.95,8,1545,16.6,1236,0,618
PEL30Jan201300PE.NFO,07/01/2020,12:32:45,11.95,8,2163,16.6,1236,0,618
PEL30Jan201300PE.NFO,07/01/2020,12:32:58,11.95,8,1545,16.6,1236,0,618
PEL30Jan201300PE.NFO,07/01/2020,12:33:16,11.95,8,1545,16.6,1854,0,618
PEL30Jan201300PE.NFO,07/01/2020,12:33:23,11.95,8,1545,16.6,1236,0,618
PEL30Jan201300PE.NFO,07/01/2020,12:33:43,11.95,8,1545,16.6,1854,0,618
PEL30Jan201300PE.NFO,07/01/2020,12:33:54,11.95,8,2163,16.6,1854,0,618
PEL30Jan201300PE.NFO,07/01/2020,12:34:00,11.95,8,1545,16.6,1854,0,618
PEL30Jan201300PE.NFO,07/01/2020,12:34:04,11.95,8,2163,16.6,1854,0,618
PEL30Jan201300PE.NFO,07/01/2020,12:34:15,11.95,8,1545,16.6,1854,0,618
PEL30Jan201300PE.NFO,07/01/2020,12:34:23,11.95,8,1545,16.6,2472,0,618
PEL30Jan201300PE.NFO,07/01/2020,12:34:30,11.95,8,1545,16.6,3090,0,618
PEL30Jan201300PE.NFO,07/01/2020,12:40:31,11.95,8,1545,16.6,3708,0,618
PEL30Jan201300PE.NFO,07/01/2020,12:41:02,11.95,8,1545,16.6,3090,0,618
PEL30Jan201300PE.NFO,07/01/2020,12:44:29,11.95,8,1545,16.6,3708,0,618
PEL30Jan201300PE.NFO,07/01/2020,12:44:37,11.95,8,1545,16.6,3090,0,618
PEL30Jan201300PE.NFO,07/01/2020,12:44:53,11.95,8,1545,16.6,3708,0,618
PEL30Jan201300PE.NFO,07/01/2020,12:45:03,11.95,10.05,1545,16.6,3708,0,618
PEL30Jan201300PE.NFO,07/01/2020,12:45:28,11.95,10.05,1545,16.6,3090,0,618
PEL30Jan201300PE.NFO,07/01/2020,12:45:42,11.95,10.05,1545,16.6,3708,0,618
PEL30Jan201300PE.NFO,07/01/2020,12:48:19,11.95,10.05,1545,16.6,4326,0,618
PEL30Jan201300PE.NFO,07/01/2020,12:56:44,11.95,10.05,1545,16.6,3708,0,618
PEL30Jan201300PE.NFO,07/01/2020,12:56:54,11.95,7.25,309,16.6,3708,0,618
PEL30Jan201300PE.NFO,07/01/2020,12:57:48,11.95,7.25,309,16.6,4326,0,618
PEL30Jan201300PE.NFO,07/01/2020,12:57:54,11.95,7.25,309,16.6,3708,0,618
PEL30Jan201300PE.NFO,07/01/2020,12:59:12,11.95,7.25,309,16.6,3090,0,618
PEL30Jan201300PE.NFO,07/01/2020,13:00:13,11.95,7.25,927,16.6,3090,0,618
PEL30Jan201300PE.NFO,07/01/2020,13:00:37,11.95,7.25,309,16.6,3090,0,618
PEL30Jan201300PE.NFO,07/01/2020,13:00:45,11.95,7.25,927,16.6,3090,0,618
PEL30Jan201300PE.NFO,07/01/2020,13:05:07,11.95,7.25,1545,18.4,4326,0,618
PEL30Jan201300PE.NFO,07/01/2020,13:05:13,11.95,7.25,1545,18.4,4944,0,618
PEL30Jan201300PE.NFO,07/01/2020,13:05:19,11.95,7.25,1545,18.4,5562,0,618
PEL30Jan201300PE.NFO,07/01/2020,13:05:29,11.95,7.25,1545,18.4,4944,0,618
PEL30Jan201300PE.NFO,07/01/2020,13:05:34,11.95,7.25,1545,18.4,5562,0,618
PEL30Jan201300PE.NFO,07/01/2020,13:05:50,11.95,7.25,1545,18.4,4326,0,618
PEL30Jan201300PE.NFO,07/01/2020,13:06:02,11.95,7.25,1545,18.4,4944,0,618
PEL30Jan201300PE.NFO,07/01/2020,13:07:44,11.95,7.25,2163,18.4,4944,0,618
PEL30Jan201300PE.NFO,07/01/2020,13:08:07,11.95,7.25,3399,18.4,4326,0,618
PEL30Jan201300PE.NFO,07/01/2020,13:08:15,11.95,7.25,2163,18.4,4326,0,618
PEL30Jan201300PE.NFO,07/01/2020,13:08:37,11.95,7.25,3399,18.4,3708,0,618
PEL30Jan201300PE.NFO,07/01/2020,13:08:56,11.95,7.25,5871,18.4,3090,0,618
PEL30Jan201300PE.NFO,07/01/2020,13:09:09,11.95,7.25,5871,18.4,2472,0,618
PEL30Jan201300PE.NFO,07/01/2020,13:09:16,11.95,7.25,5871,18.4,1854,0,618
PEL30Jan201300PE.NFO,07/01/2020,13:09:32,11.95,7.25,5871,18.4,618,0,618
PEL30Jan201300PE.NFO,07/01/2020,13:09:51,11.95,7.25,5871,18.4,1854,0,618
PEL30Jan201300PE.NFO,07/01/2020,13:09:58,11.95,7.25,5871,18.4,2472,0,618
PEL30Jan201300PE.NFO,07/01/2020,13:10:05,11.95,7.25,5871,18.4,618,0,618
PEL30Jan201300PE.NFO,07/01/2020,13:10:29,11.95,7.25,5871,18.4,1236,0,618
PEL30Jan201300PE.NFO,07/01/2020,13:11:10,11.95,7.25,5871,18.4,1854,0,618
PEL30Jan201300PE.NFO,07/01/2020,13:11:24,11.95,7.25,5871,18.4,2472,0,618
PEL30Jan201300PE.NFO,07/01/2020,13:12:22,11.95,7.25,5871,18.4,1854,0,618
PEL30Jan201300PE.NFO,07/01/2020,13:12:26,11.95,8.05,3399,18.4,1236,0,618
PEL30Jan201300PE.NFO,07/01/2020,13:12:35,11.95,8.1,3399,18.4,618,0,618
PEL30Jan201300PE.NFO,07/01/2020,13:12:39,11.95,8.1,3090,18.4,618,0,618
PEL30Jan201300PE.NFO,07/01/2020,13:12:44,11.95,8.1,3090,18.4,1854,0,618
PEL30Jan201300PE.NFO,07/01/2020,13:12:57,11.95,8.1,3090,18.4,2472,0,618
PEL30Jan201300PE.NFO,07/01/2020,13:13:55,11.95,9.1,927,18.4,1854,0,618
PEL30Jan201300PE.NFO,07/01/2020,13:15:29,11.95,9.1,927,18.4,1236,0,618
PEL30Jan201300PE.NFO,07/01/2020,13:15:36,11.95,9.1,1545,18.4,1236,0,618
PEL30Jan201300PE.NFO,07/01/2020,13:15:53,11.95,9.1,1545,18.4,618,0,618
PEL30Jan201300PE.NFO,07/01/2020,13:16:05,11.95,9.1,2163,18.4,618,0,618
PEL30Jan201300PE.NFO,07/01/2020,13:17:33,11.95,9.1,2163,19.65,3090,0,618
PEL30Jan201300PE.NFO,07/01/2020,13:17:43,11.95,9.1,2781,19.65,1854,0,618
PEL30Jan201300PE.NFO,07/01/2020,13:17:52,11.95,9.1,2781,19.65,3090,0,618
PEL30Jan201300PE.NFO,07/01/2020,13:17:57,11.95,9.1,2781,19.65,2472,0,618
PEL30Jan201300PE.NFO,07/01/2020,13:18:10,11.95,9.1,2781,21.05,5562,0,618
PEL30Jan201300PE.NFO,07/01/2020,13:18:17,11.95,12,309,21.05,5562,0,618
PEL30Jan201300PE.NFO,07/01/2020,13:18:37,11.95,12,309,21.05,4944,0,618
PEL30Jan201300PE.NFO,07/01/2020,13:18:42,11.95,12,309,21.05,5562,0,618
PEL30Jan201300PE.NFO,07/01/2020,13:18:54,11.95,12,309,21.05,4944,0,618
PEL30Jan201300PE.NFO,07/01/2020,13:19:11,11.95,12,309,21.05,4326,0,618
PEL30Jan201300PE.NFO,07/01/2020,13:19:38,11.95,12,309,21.05,5562,0,618
PEL30Jan201300PE.NFO,07/01/2020,13:21:12,11.95,12,309,21.05,4944,0,618
PEL30Jan201300PE.NFO,07/01/2020,13:21:50,11.95,12,309,21.05,4326,0,618
PEL30Jan201300PE.NFO,07/01/2020,13:22:00,11.95,12,309,21.05,4944,0,618
PEL30Jan201300PE.NFO,07/01/2020,13:22:04,11.95,12,309,21.05,4326,0,618
PEL30Jan201300PE.NFO,07/01/2020,13:22:08,11.95,12,309,21.05,4944,0,618
PEL30Jan201300PE.NFO,07/01/2020,13:22:28,11.95,12,309,21.05,5562,0,618
PEL30Jan201300PE.NFO,07/01/2020,13:22:33,11.95,12,309,21.05,4944,0,618
PEL30Jan201300PE.NFO,07/01/2020,13:22:37,11.95,12.2,309,21.05,5562,0,618
PEL30Jan201300PE.NFO,07/01/2020,13:22:52,11.95,12.2,309,21.05,4944,0,618
PEL30Jan201300PE.NFO,07/01/2020,13:23:46,11.95,12.2,309,21.05,4326,0,618
PEL30Jan201300PE.NFO,07/01/2020,13:24:11,11.95,12.2,309,21.05,4944,0,618
PEL30Jan201300PE.NFO,07/01/2020,13:24:52,11.95,12.2,309,19.8,2163,0,618
PEL30Jan201300PE.NFO,07/01/2020,13:24:58,11.95,12.2,309,19.8,1854,0,618
PEL30Jan201300PE.NFO,07/01/2020,13:25:03,11.95,12.2,309,19.8,3090,0,618
PEL30Jan201300PE.NFO,07/01/2020,13:25:16,11.95,12.2,309,19.8,2472,0,618
PEL30Jan201300PE.NFO,07/01/2020,13:25:22,11.95,12.2,309,19.8,1854,0,618
PEL30Jan201300PE.NFO,07/01/2020,13:25:34,11.95,12.2,309,19.8,1236,0,618
PEL30Jan201300PE.NFO,07/01/2020,13:25:40,11.95,12.2,309,19.8,618,0,618
PEL30Jan201300PE.NFO,07/01/2020,13:26:25,11.95,12.2,309,19.8,1236,0,618
PEL30Jan201300PE.NFO,07/01/2020,13:26:31,11.95,12.2,309,19.8,1854,0,618
PEL30Jan201300PE.NFO,07/01/2020,13:26:35,11.95,12.2,309,19.8,2472,0,618
PEL30Jan201300PE.NFO,07/01/2020,13:27:57,11.95,12.2,309,19.8,1236,0,618
PEL30Jan201300PE.NFO,07/01/2020,13:28:09,11.95,12.2,309,19.8,618,0,618
PEL30Jan201300PE.NFO,07/01/2020,13:30:28,11.95,12.2,309,20.65,1854,0,618
PEL30Jan201300PE.NFO,07/01/2020,13:31:18,11.95,12.2,309,20.65,1236,0,618
PEL30Jan201300PE.NFO,07/01/2020,13:32:03,11.95,12.2,309,20.65,1854,0,618
PEL30Jan201300PE.NFO,07/01/2020,13:32:16,11.95,12.2,309,20.65,1236,0,618
PEL30Jan201300PE.NFO,07/01/2020,13:32:22,11.95,12.2,309,20.65,1854,0,618
PEL30Jan201300PE.NFO,07/01/2020,13:32:50,11.95,12.2,309,20.65,1236,0,618
PEL30Jan201300PE.NFO,07/01/2020,13:33:36,11.95,12.2,309,20.65,1854,0,618
PEL30Jan201300PE.NFO,07/01/2020,13:35:00,11.95,12.2,309,20.65,2472,0,618
PEL30Jan201300PE.NFO,07/01/2020,13:35:07,11.95,12.2,309,20.65,1236,0,618
PEL30Jan201300PE.NFO,07/01/2020,13:35:20,11.95,12.2,309,20.65,2472,0,618
PEL30Jan201300PE.NFO,07/01/2020,13:35:25,11.95,12.2,309,20.65,4944,0,618
PEL30Jan201300PE.NFO,07/01/2020,13:35:30,11.95,12.2,309,20.65,4326,0,618
PEL30Jan201300PE.NFO,07/01/2020,13:35:44,11.95,12.2,309,20.65,4944,0,618
PEL30Jan201300PE.NFO,07/01/2020,13:35:48,11.95,12.2,309,20.65,4326,0,618
PEL30Jan201300PE.NFO,07/01/2020,13:35:53,11.95,12.2,309,20.65,4944,0,618
PEL30Jan201300PE.NFO,07/01/2020,13:36:38,11.95,12.2,309,20.65,2472,0,618
PEL30Jan201300PE.NFO,07/01/2020,13:36:45,11.95,12.2,309,20.65,618,0,618
PEL30Jan201300PE.NFO,07/01/2020,13:37:07,11.95,12.2,309,20.6,1236,0,618
PEL30Jan201300PE.NFO,07/01/2020,13:39:09,11.95,12.2,309,20.6,1854,0,618
PEL30Jan201300PE.NFO,07/01/2020,13:39:14,11.95,12.2,309,20.6,1236,0,618
PEL30Jan201300PE.NFO,07/01/2020,13:42:34,11.95,12.2,309,20.6,2472,0,618
PEL30Jan201300PE.NFO,07/01/2020,13:42:38,11.95,12.2,309,20.6,3090,0,618
PEL30Jan201300PE.NFO,07/01/2020,13:42:48,11.95,12.2,309,20.6,3708,0,618
PEL30Jan201300PE.NFO,07/01/2020,13:42:57,11.95,12.2,309,20.6,4326,0,618
PEL30Jan201300PE.NFO,07/01/2020,13:43:06,11.95,12.2,309,20.6,1236,0,618
PEL30Jan201300PE.NFO,07/01/2020,13:45:06,11.95,12.2,309,20.6,1854,0,618
PEL30Jan201300PE.NFO,07/01/2020,13:45:14,11.95,12.2,309,20.6,2472,0,618
PEL30Jan201300PE.NFO,07/01/2020,13:45:20,11.95,12.2,309,20.6,4326,0,618
PEL30Jan201300PE.NFO,07/01/2020,13:45:31,11.95,12.2,309,20.6,4944,0,618
PEL30Jan201300PE.NFO,07/01/2020,13:46:50,11.95,12.2,309,20.6,5562,0,618
PEL30Jan201300PE.NFO,07/01/2020,13:48:53,11.95,12.2,309,19.4,1854,0,618
PEL30Jan201300PE.NFO,07/01/2020,13:49:24,11.95,12.2,309,19.4,2472,0,618
PEL30Jan201300PE.NFO,07/01/2020,13:49:37,11.95,12.2,309,19.4,3090,0,618
PEL30Jan201300PE.NFO,07/01/2020,13:49:46,11.95,12.2,309,19.4,3708,0,618
PEL30Jan201300PE.NFO,07/01/2020,13:50:14,11.95,12.2,309,19.4,4326,0,618
PEL30Jan201300PE.NFO,07/01/2020,13:50:35,11.95,12.2,309,19.4,4944,0,618
PEL30Jan201300PE.NFO,07/01/2020,13:50:43,11.95,12.2,309,19.4,5562,0,618
PEL30Jan201300PE.NFO,07/01/2020,13:51:30,11.95,12.2,309,18.3,1854,0,618
PEL30Jan201300PE.NFO,07/01/2020,13:51:35,11.95,12.2,309,18.3,1236,0,618
PEL30Jan201300PE.NFO,07/01/2020,13:51:40,11.95,12.2,309,18.3,1854,0,618
PEL30Jan201300PE.NFO,07/01/2020,13:51:54,11.95,12.2,309,18.3,2472,0,618
PEL30Jan201300PE.NFO,07/01/2020,13:52:25,11.95,12.2,309,18.3,618,0,618
PEL30Jan201300PE.NFO,07/01/2020,13:52:30,11.95,12.2,309,18.3,1236,0,618
PEL30Jan201300PE.NFO,07/01/2020,13:52:38,11.95,12.2,309,18.3,1854,0,618
PEL30Jan201300PE.NFO,07/01/2020,13:53:06,11.95,12.2,309,18.3,1236,0,618
PEL30Jan201300PE.NFO,07/01/2020,13:53:25,11.95,12.2,309,18.3,618,0,618
PEL30Jan201300PE.NFO,07/01/2020,13:53:48,11.95,12.2,309,18.3,1236,0,618
PEL30Jan201300PE.NFO,07/01/2020,13:54:45,11.95,12.2,309,16.9,309,0,618
PEL30Jan201300PE.NFO,07/01/2020,13:55:05,11.95,12.2,309,16.45,309,0,618
PEL30Jan201300PE.NFO,07/01/2020,13:55:13,11.95,12.25,309,16.45,309,0,618
PEL30Jan201300PE.NFO,07/01/2020,13:57:20,11.95,12.2,309,16.45,309,0,618
PEL30Jan201300PE.NFO,07/01/2020,13:59:28,11.95,12.25,309,16.45,309,0,618
PEL30Jan201300PE.NFO,07/01/2020,14:05:26,11.95,12.2,309,16.45,309,0,618
PEL30Jan201300PE.NFO,07/01/2020,14:05:29,11.95,12.25,309,16.45,309,0,618
PEL30Jan201300PE.NFO,07/01/2020,14:26:08,11.95,12.2,309,16.45,309,0,618
PEL30Jan201300PE.NFO,07/01/2020,14:26:11,11.95,12.25,309,16.45,309,0,618
PEL30Jan201300PE.NFO,07/01/2020,14:30:06,11.95,12.2,309,16.45,309,0,618
PEL30Jan201300PE.NFO,07/01/2020,14:30:10,11.95,12.25,309,16.45,309,0,618
PEL30Jan201300PE.NFO,07/01/2020,14:30:33,12.25,12.25,309,16.45,927,309,618
PEL30Jan201300PE.NFO,07/01/2020,14:30:33,12.25,12.25,309,16.45,927,0,618
PEL30Jan201300PE.NFO,07/01/2020,14:30:42,12.25,12.25,309,16.45,1545,0,618
PEL30Jan201300PE.NFO,07/01/2020,14:31:01,12.25,12.2,309,16.45,1545,0,618
PEL30Jan201300PE.NFO,07/01/2020,14:36:06,12.25,12.2,309,15,309,0,618
PEL30Jan201300PE.NFO,07/01/2020,14:37:46,12.25,12.25,309,15,309,0,618
PEL30Jan201300PE.NFO,07/01/2020,14:37:56,12.25,12.25,309,14.95,309,0,618
PEL30Jan201300PE.NFO,07/01/2020,14:38:00,12.25,12.25,309,14.9,309,0,618
PEL30Jan201300PE.NFO,07/01/2020,14:38:48,12.25,12.25,309,14.8,309,0,618
PEL30Jan201300PE.NFO,07/01/2020,14:39:17,12.25,12.25,309,14.9,309,0,618
PEL30Jan201300PE.NFO,07/01/2020,14:39:31,12.25,12.25,309,14.65,309,0,618
PEL30Jan201300PE.NFO,07/01/2020,14:39:37,12.25,12.25,309,14.75,309,0,618
PEL30Jan201300PE.NFO,07/01/2020,14:40:01,12.25,12.25,309,14.7,309,0,618
PEL30Jan201300PE.NFO,07/01/2020,14:40:07,12.25,12.25,309,14.75,309,0,618
PEL30Jan201300PE.NFO,07/01/2020,14:42:12,12.25,12.25,309,14.65,309,0,618
PEL30Jan201300PE.NFO,07/01/2020,14:42:26,12.25,12.25,309,14.7,309,0,618
PEL30Jan201300PE.NFO,07/01/2020,14:42:41,12.25,12.25,309,14.75,309,0,618
PEL30Jan201300PE.NFO,07/01/2020,14:43:36,12.25,12.25,309,14.9,309,0,618
PEL30Jan201300PE.NFO,07/01/2020,14:43:58,12.25,12.25,309,15.05,309,0,618
PEL30Jan201300PE.NFO,07/01/2020,14:44:03,12.25,12.25,309,15,309,0,618
PEL30Jan201300PE.NFO,07/01/2020,14:44:29,12.25,12.25,309,15.05,309,0,618
PEL30Jan201300PE.NFO,07/01/2020,14:44:53,12.25,12.25,309,15.25,309,0,618
PEL30Jan201300PE.NFO,07/01/2020,14:45:04,12.25,12.25,309,14.95,309,0,618
PEL30Jan201300PE.NFO,07/01/2020,14:45:10,12.25,12.25,309,15.25,309,0,618
PEL30Jan201300PE.NFO,07/01/2020,14:45:32,12.25,12.25,309,15.1,309,0,618
PEL30Jan201300PE.NFO,07/01/2020,14:46:05,12.25,12.25,309,15.3,309,0,618
PEL30Jan201300PE.NFO,07/01/2020,14:46:19,12.25,12.25,309,15.25,309,0,618
PEL30Jan201300PE.NFO,07/01/2020,14:46:35,12.25,12.25,309,15.3,309,0,618
PEL30Jan201300PE.NFO,07/01/2020,14:46:44,12.25,12.25,309,15.4,309,0,618
PEL30Jan201300PE.NFO,07/01/2020,14:46:48,12.25,12.25,309,15.3,309,0,618
PEL30Jan201300PE.NFO,07/01/2020,14:47:36,12.25,12.25,309,15.45,309,0,618
PEL30Jan201300PE.NFO,07/01/2020,14:49:38,12.25,12.25,309,15,309,0,618
PEL30Jan201300PE.NFO,07/01/2020,14:50:41,12.25,12.25,309,14.95,309,0,618
PEL30Jan201300PE.NFO,07/01/2020,14:50:49,12.25,12.25,309,15,309,0,618
PEL30Jan201300PE.NFO,07/01/2020,14:52:18,12.25,12.2,309,14.95,309,0,618
PEL30Jan201300PE.NFO,07/01/2020,14:52:22,12.25,12.25,309,14.95,309,0,618
PEL30Jan201300PE.NFO,07/01/2020,14:53:21,12.25,12.25,309,14.85,309,0,618
PEL30Jan201300PE.NFO,07/01/2020,14:54:07,12.25,12.25,309,14.8,309,0,618
PEL30Jan201300PE.NFO,07/01/2020,14:54:11,12.25,12.25,309,14.75,309,0,618
PEL30Jan201300PE.NFO,07/01/2020,14:54:27,12.25,12.25,309,14.7,309,0,618
PEL30Jan201300PE.NFO,07/01/2020,14:54:39,12.25,12.25,309,14.8,309,0,618
PEL30Jan201300PE.NFO,07/01/2020,14:56:01,12.25,12.25,309,14.7,309,0,618
PEL30Jan201300PE.NFO,07/01/2020,14:57:57,12.25,12.25,309,14.75,309,0,618
PEL30Jan201300PE.NFO,07/01/2020,14:58:09,12.25,12.25,309,14.5,309,0,618
PEL30Jan201300PE.NFO,07/01/2020,15:00:13,12.25,12.25,309,14.4,309,0,618
PEL30Jan201300PE.NFO,07/01/2020,15:00:35,12.25,12.25,309,14.25,309,0,618
PEL30Jan201300PE.NFO,07/01/2020,15:00:41,12.25,12.25,309,14.15,309,0,618
PEL30Jan201300PE.NFO,07/01/2020,15:00:46,12.25,12.25,309,14.35,309,0,618
PEL30Jan201300PE.NFO,07/01/2020,15:01:07,12.25,12.25,309,14.15,309,0,618
PEL30Jan201300PE.NFO,07/01/2020,15:01:12,12.25,12.25,309,14,309,0,618
PEL30Jan201300PE.NFO,07/01/2020,15:01:22,12.25,12.2,309,13.75,309,309,927
PEL30Jan201300PE.NFO,07/01/2020,15:01:27,12.25,12.2,309,13.85,309,0,927
PEL30Jan201300PE.NFO,07/01/2020,15:01:36,12.25,12.2,309,13.75,309,0,927
PEL30Jan201300PE.NFO,07/01/2020,15:01:41,12.25,12.2,309,13.85,309,0,927
PEL30Jan201300PE.NFO,07/01/2020,15:01:52,12.25,12.2,309,13.75,309,0,927
PEL30Jan201300PE.NFO,07/01/2020,15:01:56,12.25,12.2,309,13.8,309,0,927
PEL30Jan201300PE.NFO,07/01/2020,15:02:09,12.25,12.2,309,13.75,309,0,927
PEL30Jan201300PE.NFO,07/01/2020,15:02:28,12.25,12.2,309,13.85,309,0,927
PEL30Jan201300PE.NFO,07/01/2020,15:02:42,12.25,12.2,309,13.95,309,0,927
PEL30Jan201300PE.NFO,07/01/2020,15:02:46,12.2,7.3,309,13.95,309,309,927
PEL30Jan201300PE.NFO,07/01/2020,15:02:51,12.2,7.3,309,14.1,309,0,927
PEL30Jan201300PE.NFO,07/01/2020,15:02:56,12.2,7.3,309,14.15,309,0,927
PEL30Jan201300PE.NFO,07/01/2020,15:03:01,12.2,7.3,309,14,309,0,927
PEL30Jan201300PE.NFO,07/01/2020,15:03:06,12.2,7.3,309,13.95,309,0,927
PEL30Jan201300PE.NFO,07/01/2020,15:03:11,12.2,7.3,309,13.85,309,0,927
PEL30Jan201300PE.NFO,07/01/2020,15:03:28,12.2,7.3,309,13.8,618,0,927
PEL30Jan201300PE.NFO,07/01/2020,15:03:33,12.2,7.3,309,13.7,309,0,927
PEL30Jan201300PE.NFO,07/01/2020,15:03:37,12.2,7.3,309,13.7,618,0,927
PEL30Jan201300PE.NFO,07/01/2020,15:03:42,12.2,7.3,309,13.75,309,0,927
PEL30Jan201300PE.NFO,07/01/2020,15:03:57,12.2,7.3,309,13.8,309,0,927
PEL30Jan201300PE.NFO,07/01/2020,15:04:22,12.2,7.3,309,13.65,309,0,927
PEL30Jan201300PE.NFO,07/01/2020,15:04:44,12.2,7.3,309,13.4,309,0,927
PEL30Jan201300PE.NFO,07/01/2020,15:05:02,12.2,7.25,309,13.35,309,0,927
PEL30Jan201300PE.NFO,07/01/2020,15:05:07,12.2,7.25,309,13.4,309,0,927
PEL30Jan201300PE.NFO,07/01/2020,15:05:22,12.2,7.25,309,13.5,309,0,927
PEL30Jan201300PE.NFO,07/01/2020,15:05:53,12.2,7.25,309,13.6,309,0,927
PEL30Jan201300PE.NFO,07/01/2020,15:06:04,12.2,7.25,309,13.4,309,0,927
PEL30Jan201300PE.NFO,07/01/2020,15:06:31,12.2,7.25,309,13.35,309,0,927
PEL30Jan201300PE.NFO,07/01/2020,15:06:44,12.2,7.25,309,13.3,309,0,927
PEL30Jan201300PE.NFO,07/01/2020,15:06:48,12.2,7.25,309,13.35,309,0,927
PEL30Jan201300PE.NFO,07/01/2020,15:06:53,12.2,7.25,309,13.3,309,0,927
PEL30Jan201300PE.NFO,07/01/2020,15:07:17,12.2,7.25,309,13.25,309,0,927
PEL30Jan201300PE.NFO,07/01/2020,15:07:46,12.2,7.25,309,13.4,309,0,927
PEL30Jan201300PE.NFO,07/01/2020,15:08:10,12.2,7.25,309,13.35,309,0,927
PEL30Jan201300PE.NFO,07/01/2020,15:08:35,12.2,7.25,309,13.4,309,0,927
PEL30Jan201300PE.NFO,07/01/2020,15:08:47,12.2,7.25,309,13.55,309,0,927
PEL30Jan201300PE.NFO,07/01/2020,15:08:54,12.2,7.25,309,13.6,309,0,927
PEL30Jan201300PE.NFO,07/01/2020,15:09:01,12.2,7.25,309,13.55,309,0,927
PEL30Jan201300PE.NFO,07/01/2020,15:09:05,12.2,7.25,309,13.6,309,0,927
PEL30Jan201300PE.NFO,07/01/2020,15:09:19,12.2,7.25,309,13.45,309,0,927
PEL30Jan201300PE.NFO,07/01/2020,15:09:33,12.2,7.25,309,13.6,309,0,927
PEL30Jan201300PE.NFO,07/01/2020,15:09:37,12.2,7.25,309,13.55,309,0,927
PEL30Jan201300PE.NFO,07/01/2020,15:09:53,12.2,7.25,309,13.5,309,0,927
PEL30Jan201300PE.NFO,07/01/2020,15:10:24,12.2,7.25,309,13.45,309,0,927
PEL30Jan201300PE.NFO,07/01/2020,15:10:50,12.2,7.25,309,13.3,309,0,927
PEL30Jan201300PE.NFO,07/01/2020,15:10:55,12.2,7.25,309,13.25,309,0,927
PEL30Jan201300PE.NFO,07/01/2020,15:11:01,12.2,7.25,309,13.4,309,0,927
PEL30Jan201300PE.NFO,07/01/2020,15:11:07,12.2,7.25,309,13.45,309,0,927
PEL30Jan201300PE.NFO,07/01/2020,15:11:13,12.2,7.25,309,13.4,309,0,927
PEL30Jan201300PE.NFO,07/01/2020,15:11:40,12.2,7.25,309,13.35,309,0,927
PEL30Jan201300PE.NFO,07/01/2020,15:11:47,12.2,7.25,309,13.3,309,0,927
PEL30Jan201300PE.NFO,07/01/2020,15:11:53,12.2,7.25,309,13.45,309,0,927
PEL30Jan201300PE.NFO,07/01/2020,15:11:58,12.2,7.25,309,13.4,309,0,927
PEL30Jan201300PE.NFO,07/01/2020,15:12:13,12.2,7.25,309,13.35,309,0,927
PEL30Jan201300PE.NFO,07/01/2020,15:12:32,12.2,7.25,309,13.3,309,0,927
PEL30Jan201300PE.NFO,07/01/2020,15:12:51,12.2,7.25,309,13.25,309,0,927
PEL30Jan201300PE.NFO,07/01/2020,15:12:55,12.2,7.25,309,13.3,309,0,927
PEL30Jan201300PE.NFO,07/01/2020,15:12:59,12.2,7.25,309,13.35,309,0,927
PEL30Jan201300PE.NFO,07/01/2020,15:13:25,12.2,7.25,309,13.3,309,0,927
PEL30Jan201300PE.NFO,07/01/2020,15:14:21,12.2,7.25,309,13.25,309,0,927
PEL30Jan201300PE.NFO,07/01/2020,15:14:32,12.2,7.25,309,13.2,309,0,927
PEL30Jan201300PE.NFO,07/01/2020,15:14:36,12.2,7.25,309,13.1,309,0,927
PEL30Jan201300PE.NFO,07/01/2020,15:15:00,12.2,7.25,309,13,309,0,927
PEL30Jan201300PE.NFO,07/01/2020,15:15:12,12.2,7.25,309,13.05,309,0,927
PEL30Jan201300PE.NFO,07/01/2020,15:15:24,12.2,7.25,309,12.9,309,0,927
PEL30Jan201300PE.NFO,07/01/2020,15:15:31,12.2,7.25,309,13.1,309,0,927
PEL30Jan201300PE.NFO,07/01/2020,15:15:38,12.2,7.25,309,13,309,0,927
PEL30Jan201300PE.NFO,07/01/2020,15:15:46,12.2,7.25,309,13.1,309,0,927
PEL30Jan201300PE.NFO,07/01/2020,15:16:20,12.2,7.25,309,13.05,309,0,927
PEL30Jan201300PE.NFO,07/01/2020,15:16:27,12.2,7.25,309,12.95,309,0,927
PEL30Jan201300PE.NFO,07/01/2020,15:16:34,12.2,7.25,309,12.9,309,0,927
PEL30Jan201300PE.NFO,07/01/2020,15:16:41,12.2,7.25,309,13,309,0,927
PEL30Jan201300PE.NFO,07/01/2020,15:16:59,12.2,7.25,309,12.9,309,0,927
PEL30Jan201300PE.NFO,07/01/2020,15:17:11,12.2,7.25,309,12.95,309,0,927
PEL30Jan201300PE.NFO,07/01/2020,15:17:17,12.2,7.5,309,12.9,309,0,927
PEL30Jan201300PE.NFO,07/01/2020,15:17:23,12.2,7.5,309,12.95,309,0,927
PEL30Jan201300PE.NFO,07/01/2020,15:17:29,12.2,7.5,309,13.05,309,0,927
PEL30Jan201300PE.NFO,07/01/2020,15:17:35,12.2,7.5,309,13,309,0,927
PEL30Jan201300PE.NFO,07/01/2020,15:17:40,12.2,7.5,309,13.3,309,0,927
PEL30Jan201300PE.NFO,07/01/2020,15:17:46,12.2,7.5,309,13.1,309,0,927
PEL30Jan201300PE.NFO,07/01/2020,15:17:52,12.2,7.5,309,13.3,309,0,927
PEL30Jan201300PE.NFO,07/01/2020,15:18:07,12.2,7.5,309,12.75,309,0,927
PEL30Jan201300PE.NFO,07/01/2020,15:21:26,12.2,7.5,309,12.25,309,0,927
PEL30Jan201300PE.NFO,07/01/2020,15:28:07,12.2,7.5,309,12.2,309,0,927
PEL30Jan201300PE.NFO,07/01/2020,15:28:12,12.2,7.5,309,12.25,309,0,927
