Ticker,Date,Time,LTP,BuyPrice,BuyQty,SellPrice,SellQty,LTQ,OpenInterest
PETRONET30Jan20255PE.NFO,07/01/2020,09:43:29,1.65,1.6,9000,1.8,9000,3000,84000
PETRONET30Jan20255PE.NFO,07/01/2020,09:43:29,1.65,1.6,9000,1.8,9000,0,84000
PETRONET30Jan20255PE.NFO,07/01/2020,09:43:29,1.65,1.6,9000,1.8,9000,0,84000
PETRONET30Jan20255PE.NFO,07/01/2020,09:43:29,1.65,1.6,9000,1.8,9000,0,84000
PETRONET30Jan20255PE.NFO,07/01/2020,09:43:34,1.65,1.6,9000,1.8,9000,0,84000
PETRONET30Jan20255PE.NFO,07/01/2020,09:43:39,1.65,1.6,9000,1.7,3000,0,84000
PETRONET30Jan20255PE.NFO,07/01/2020,09:43:49,1.65,1.6,6000,1.7,3000,0,84000
PETRONET30Jan20255PE.NFO,07/01/2020,09:44:12,1.65,1.6,3000,1.7,3000,0,84000
PETRONET30Jan20255PE.NFO,07/01/2020,09:47:03,1.65,1.6,3000,1.75,6000,0,84000
PETRONET30Jan20255PE.NFO,07/01/2020,09:47:08,1.65,1.6,6000,1.75,6000,0,84000
PETRONET30Jan20255PE.NFO,07/01/2020,09:47:13,1.65,1.6,6000,1.75,3000,0,84000
PETRONET30Jan20255PE.NFO,07/01/2020,09:47:27,1.65,1.65,3000,1.75,3000,0,84000
PETRONET30Jan20255PE.NFO,07/01/2020,09:47:32,1.65,1.6,6000,1.7,3000,0,84000
PETRONET30Jan20255PE.NFO,07/01/2020,09:47:41,1.65,1.6,3000,1.7,3000,0,84000
PETRONET30Jan20255PE.NFO,07/01/2020,09:49:11,1.65,1.6,3000,1.7,6000,0,84000
PETRONET30Jan20255PE.NFO,07/01/2020,09:49:22,1.65,1.6,3000,1.7,3000,0,84000
PETRONET30Jan20255PE.NFO,07/01/2020,09:50:57,1.65,1.6,6000,1.7,3000,0,84000
PETRONET30Jan20255PE.NFO,07/01/2020,09:51:02,1.65,1.6,3000,1.7,3000,0,84000
PETRONET30Jan20255PE.NFO,07/01/2020,09:52:27,1.65,1.55,12000,1.7,9000,0,84000
PETRONET30Jan20255PE.NFO,07/01/2020,09:52:33,1.65,1.55,9000,1.7,6000,0,84000
PETRONET30Jan20255PE.NFO,07/01/2020,09:53:29,1.65,1.55,12000,1.7,6000,0,84000
PETRONET30Jan20255PE.NFO,07/01/2020,09:53:43,1.65,1.55,9000,1.7,6000,0,84000
PETRONET30Jan20255PE.NFO,07/01/2020,09:54:30,1.65,1.55,6000,1.7,6000,0,84000
PETRONET30Jan20255PE.NFO,07/01/2020,09:54:44,1.65,1.55,3000,1.7,6000,0,84000
PETRONET30Jan20255PE.NFO,07/01/2020,09:55:06,1.65,1.55,3000,1.7,3000,0,84000
PETRONET30Jan20255PE.NFO,07/01/2020,09:55:28,1.65,1.45,12000,1.7,3000,0,84000
PETRONET30Jan20255PE.NFO,07/01/2020,09:55:34,1.65,1.5,6000,1.55,3000,0,84000
PETRONET30Jan20255PE.NFO,07/01/2020,09:55:43,1.55,1.5,6000,1.65,3000,3000,84000
PETRONET30Jan20255PE.NFO,07/01/2020,09:55:43,1.55,1.5,6000,1.65,3000,0,84000
PETRONET30Jan20255PE.NFO,07/01/2020,09:55:47,1.55,1.5,6000,1.65,3000,0,84000
PETRONET30Jan20255PE.NFO,07/01/2020,09:55:51,1.55,1.5,6000,1.7,3000,0,84000
PETRONET30Jan20255PE.NFO,07/01/2020,09:56:06,1.55,1.5,9000,1.7,3000,0,84000
PETRONET30Jan20255PE.NFO,07/01/2020,09:56:26,1.55,1.55,12000,1.7,3000,0,84000
PETRONET30Jan20255PE.NFO,07/01/2020,09:57:04,1.55,1.55,12000,1.75,9000,0,84000
PETRONET30Jan20255PE.NFO,07/01/2020,09:57:20,1.55,1.55,9000,1.75,9000,0,84000
PETRONET30Jan20255PE.NFO,07/01/2020,09:57:36,1.55,1.55,3000,1.75,9000,0,84000
PETRONET30Jan20255PE.NFO,07/01/2020,10:06:35,1.55,1.55,6000,1.75,9000,0,84000
PETRONET30Jan20255PE.NFO,07/01/2020,10:06:55,1.55,1.55,3000,1.75,9000,0,84000
PETRONET30Jan20255PE.NFO,07/01/2020,10:07:40,1.55,1.5,6000,1.75,9000,0,84000
PETRONET30Jan20255PE.NFO,07/01/2020,10:07:46,1.55,1.55,6000,1.75,9000,0,84000
PETRONET30Jan20255PE.NFO,07/01/2020,10:07:52,1.55,1.5,6000,1.75,9000,0,84000
PETRONET30Jan20255PE.NFO,07/01/2020,10:07:58,1.55,1.55,3000,1.75,9000,0,84000
PETRONET30Jan20255PE.NFO,07/01/2020,10:08:18,1.55,1.5,6000,1.75,9000,0,84000
PETRONET30Jan20255PE.NFO,07/01/2020,10:09:05,1.55,1.5,3000,1.75,9000,0,84000
PETRONET30Jan20255PE.NFO,07/01/2020,10:09:27,1.5,1.5,6000,1.75,9000,3000,81000
PETRONET30Jan20255PE.NFO,07/01/2020,10:09:27,1.5,1.5,6000,1.75,9000,0,81000
PETRONET30Jan20255PE.NFO,07/01/2020,10:09:32,1.5,1.5,3000,1.75,9000,0,81000
PETRONET30Jan20255PE.NFO,07/01/2020,10:10:04,1.5,1.45,3000,1.75,9000,0,81000
PETRONET30Jan20255PE.NFO,07/01/2020,10:10:23,1.5,1.45,9000,1.75,9000,0,81000
PETRONET30Jan20255PE.NFO,07/01/2020,10:10:28,1.5,1.45,6000,1.75,9000,0,81000
PETRONET30Jan20255PE.NFO,07/01/2020,10:10:42,1.5,1.45,3000,1.75,9000,0,81000
PETRONET30Jan20255PE.NFO,07/01/2020,10:11:16,1.5,1.4,3000,1.75,9000,0,81000
PETRONET30Jan20255PE.NFO,07/01/2020,10:13:02,1.5,1.45,3000,1.75,9000,0,81000
PETRONET30Jan20255PE.NFO,07/01/2020,10:13:08,1.5,1.4,3000,1.75,9000,0,81000
PETRONET30Jan20255PE.NFO,07/01/2020,10:13:21,1.5,1.4,6000,1.75,9000,0,81000
PETRONET30Jan20255PE.NFO,07/01/2020,10:13:33,1.5,1.35,12000,1.75,15000,0,81000
PETRONET30Jan20255PE.NFO,07/01/2020,10:13:38,1.5,1.4,6000,1.75,15000,0,81000
PETRONET30Jan20255PE.NFO,07/01/2020,10:13:43,1.5,1.4,6000,1.75,9000,0,81000
PETRONET30Jan20255PE.NFO,07/01/2020,10:14:01,1.5,1.45,9000,1.75,9000,0,81000
PETRONET30Jan20255PE.NFO,07/01/2020,10:14:12,1.5,1.45,12000,1.75,9000,0,81000
PETRONET30Jan20255PE.NFO,07/01/2020,10:14:17,1.5,1.45,9000,1.75,9000,0,81000
PETRONET30Jan20255PE.NFO,07/01/2020,10:14:28,1.5,1.4,15000,1.75,9000,0,81000
PETRONET30Jan20255PE.NFO,07/01/2020,10:15:57,1.5,1.45,6000,1.75,9000,0,81000
PETRONET30Jan20255PE.NFO,07/01/2020,10:16:16,1.5,1.45,9000,1.75,9000,0,81000
PETRONET30Jan20255PE.NFO,07/01/2020,10:16:20,1.5,1.45,6000,1.75,9000,0,81000
PETRONET30Jan20255PE.NFO,07/01/2020,10:17:31,1.5,1.45,9000,1.75,9000,0,81000
PETRONET30Jan20255PE.NFO,07/01/2020,10:17:37,1.5,1.5,6000,1.75,9000,0,81000
PETRONET30Jan20255PE.NFO,07/01/2020,10:17:41,1.5,1.55,3000,1.95,15000,0,81000
PETRONET30Jan20255PE.NFO,07/01/2020,10:17:46,1.5,1.55,6000,1.95,15000,0,81000
PETRONET30Jan20255PE.NFO,07/01/2020,10:17:49,1.5,1.55,9000,1.95,15000,0,81000
PETRONET30Jan20255PE.NFO,07/01/2020,10:17:54,1.5,1.55,6000,1.95,15000,0,81000
PETRONET30Jan20255PE.NFO,07/01/2020,10:18:02,1.5,1.55,3000,1.95,15000,0,81000
PETRONET30Jan20255PE.NFO,07/01/2020,10:18:13,1.5,1.5,6000,1.95,15000,0,81000
PETRONET30Jan20255PE.NFO,07/01/2020,10:18:18,1.5,1.5,9000,1.95,15000,0,81000
PETRONET30Jan20255PE.NFO,07/01/2020,10:18:21,1.5,1.5,6000,1.95,15000,0,81000
PETRONET30Jan20255PE.NFO,07/01/2020,10:18:28,1.5,1.5,3000,1.95,15000,0,81000
PETRONET30Jan20255PE.NFO,07/01/2020,10:18:38,1.5,1.5,3000,1.85,9000,0,81000
PETRONET30Jan20255PE.NFO,07/01/2020,10:19:02,1.5,1.5,3000,1.85,15000,0,81000
PETRONET30Jan20255PE.NFO,07/01/2020,10:19:06,1.5,1.5,3000,1.85,9000,0,81000
PETRONET30Jan20255PE.NFO,07/01/2020,10:19:14,1.5,1.5,3000,1.85,15000,0,81000
PETRONET30Jan20255PE.NFO,07/01/2020,10:21:05,1.5,1.45,12000,1.85,15000,0,81000
PETRONET30Jan20255PE.NFO,07/01/2020,10:22:42,1.5,1.5,12000,1.85,9000,0,81000
PETRONET30Jan20255PE.NFO,07/01/2020,10:22:56,1.5,1.5,6000,1.85,9000,0,81000
PETRONET30Jan20255PE.NFO,07/01/2020,10:23:00,1.5,1.5,6000,1.85,15000,0,81000
PETRONET30Jan20255PE.NFO,07/01/2020,10:23:06,1.5,1.45,3000,1.85,15000,0,81000
PETRONET30Jan20255PE.NFO,07/01/2020,10:23:11,1.5,1.45,6000,1.85,15000,0,81000
PETRONET30Jan20255PE.NFO,07/01/2020,10:23:25,1.5,1.45,3000,1.85,15000,0,81000
PETRONET30Jan20255PE.NFO,07/01/2020,10:23:50,1.5,1.45,6000,1.85,15000,0,81000
PETRONET30Jan20255PE.NFO,07/01/2020,10:23:54,1.5,1.45,3000,1.85,15000,0,81000
PETRONET30Jan20255PE.NFO,07/01/2020,10:24:01,1.5,1.45,6000,1.85,15000,0,81000
PETRONET30Jan20255PE.NFO,07/01/2020,10:24:10,1.5,1.45,3000,1.85,15000,0,81000
PETRONET30Jan20255PE.NFO,07/01/2020,10:24:15,1.5,1.45,6000,1.85,15000,0,81000
PETRONET30Jan20255PE.NFO,07/01/2020,10:24:24,1.5,1.45,3000,1.85,15000,0,81000
PETRONET30Jan20255PE.NFO,07/01/2020,10:25:31,1.5,1.45,6000,1.85,15000,0,81000
PETRONET30Jan20255PE.NFO,07/01/2020,10:26:54,1.5,1.45,3000,1.85,15000,0,81000
PETRONET30Jan20255PE.NFO,07/01/2020,10:28:01,1.5,1.45,6000,1.85,15000,0,81000
PETRONET30Jan20255PE.NFO,07/01/2020,10:28:05,1.5,1.45,3000,1.85,15000,0,81000
PETRONET30Jan20255PE.NFO,07/01/2020,10:28:10,1.5,1.45,6000,1.85,15000,0,81000
PETRONET30Jan20255PE.NFO,07/01/2020,10:28:14,1.5,1.45,3000,1.85,15000,0,81000
PETRONET30Jan20255PE.NFO,07/01/2020,10:31:33,1.5,1.45,6000,1.85,15000,0,81000
PETRONET30Jan20255PE.NFO,07/01/2020,10:31:37,1.5,1.45,3000,1.85,15000,0,81000
PETRONET30Jan20255PE.NFO,07/01/2020,10:31:40,1.5,1.45,6000,1.85,15000,0,81000
PETRONET30Jan20255PE.NFO,07/01/2020,10:31:53,1.5,1.45,3000,1.85,15000,0,81000
PETRONET30Jan20255PE.NFO,07/01/2020,10:32:02,1.5,1.45,6000,1.85,15000,0,81000
PETRONET30Jan20255PE.NFO,07/01/2020,10:32:11,1.5,1.45,3000,1.85,15000,0,81000
PETRONET30Jan20255PE.NFO,07/01/2020,10:33:10,1.5,1.45,6000,1.85,15000,0,81000
PETRONET30Jan20255PE.NFO,07/01/2020,10:33:16,1.5,1.4,12000,1.85,15000,0,81000
PETRONET30Jan20255PE.NFO,07/01/2020,10:34:02,1.5,1.4,9000,1.85,15000,0,81000
PETRONET30Jan20255PE.NFO,07/01/2020,10:36:17,1.5,1.45,3000,1.85,15000,0,81000
PETRONET30Jan20255PE.NFO,07/01/2020,10:36:24,1.5,1.45,6000,1.85,15000,0,81000
PETRONET30Jan20255PE.NFO,07/01/2020,10:37:23,1.5,1.5,3000,1.85,15000,0,81000
PETRONET30Jan20255PE.NFO,07/01/2020,10:37:31,1.5,1.5,6000,1.85,15000,0,81000
PETRONET30Jan20255PE.NFO,07/01/2020,10:37:34,1.5,1.5,3000,1.85,15000,0,81000
PETRONET30Jan20255PE.NFO,07/01/2020,10:37:38,1.5,1.5,6000,1.85,9000,0,81000
PETRONET30Jan20255PE.NFO,07/01/2020,10:37:42,1.5,1.5,6000,1.85,15000,0,81000
PETRONET30Jan20255PE.NFO,07/01/2020,10:37:50,1.5,1.5,6000,1.85,9000,0,81000
PETRONET30Jan20255PE.NFO,07/01/2020,10:40:03,1.5,1.5,6000,1.85,15000,0,81000
PETRONET30Jan20255PE.NFO,07/01/2020,10:40:14,1.5,1.5,6000,1.85,9000,0,81000
PETRONET30Jan20255PE.NFO,07/01/2020,10:40:34,1.5,1.5,6000,1.85,15000,0,81000
PETRONET30Jan20255PE.NFO,07/01/2020,10:40:50,1.5,1.5,6000,1.85,9000,0,81000
PETRONET30Jan20255PE.NFO,07/01/2020,10:40:54,1.5,1.5,6000,1.85,15000,0,81000
PETRONET30Jan20255PE.NFO,07/01/2020,10:41:25,1.5,1.5,6000,1.85,9000,0,81000
PETRONET30Jan20255PE.NFO,07/01/2020,10:42:17,1.5,1.55,9000,1.85,9000,0,81000
PETRONET30Jan20255PE.NFO,07/01/2020,10:42:21,1.5,1.55,3000,1.85,9000,0,81000
PETRONET30Jan20255PE.NFO,07/01/2020,10:42:30,1.5,1.55,6000,1.85,9000,0,81000
PETRONET30Jan20255PE.NFO,07/01/2020,10:42:44,1.5,1.55,3000,1.85,9000,0,81000
PETRONET30Jan20255PE.NFO,07/01/2020,10:46:05,1.5,1.5,3000,1.85,15000,0,81000
PETRONET30Jan20255PE.NFO,07/01/2020,10:46:11,1.5,1.5,3000,1.85,9000,0,81000
PETRONET30Jan20255PE.NFO,07/01/2020,10:46:18,1.5,1.5,3000,1.85,15000,0,81000
PETRONET30Jan20255PE.NFO,07/01/2020,10:47:14,1.5,1.45,15000,1.85,15000,0,81000
PETRONET30Jan20255PE.NFO,07/01/2020,10:47:20,1.5,1.45,12000,1.85,15000,0,81000
PETRONET30Jan20255PE.NFO,07/01/2020,10:47:28,1.5,1.45,15000,1.85,15000,0,81000
PETRONET30Jan20255PE.NFO,07/01/2020,10:47:40,1.5,1.45,12000,1.85,15000,0,81000
PETRONET30Jan20255PE.NFO,07/01/2020,10:47:44,1.5,1.45,15000,1.85,15000,0,81000
PETRONET30Jan20255PE.NFO,07/01/2020,10:49:08,1.5,1.5,12000,1.85,15000,0,81000
PETRONET30Jan20255PE.NFO,07/01/2020,10:49:34,1.5,1.5,12000,1.85,9000,0,81000
PETRONET30Jan20255PE.NFO,07/01/2020,10:50:51,1.5,1.55,6000,1.85,9000,0,81000
PETRONET30Jan20255PE.NFO,07/01/2020,10:52:13,1.5,1.55,3000,1.85,9000,0,81000
PETRONET30Jan20255PE.NFO,07/01/2020,10:52:39,1.5,1.55,3000,1.85,15000,0,81000
PETRONET30Jan20255PE.NFO,07/01/2020,10:52:44,1.5,1.55,3000,1.85,9000,0,81000
PETRONET30Jan20255PE.NFO,07/01/2020,10:53:33,1.5,1.55,6000,1.85,9000,0,81000
PETRONET30Jan20255PE.NFO,07/01/2020,10:53:39,1.5,1.6,9000,1.85,9000,0,81000
PETRONET30Jan20255PE.NFO,07/01/2020,10:53:44,1.5,1.6,3000,1.85,9000,0,81000
PETRONET30Jan20255PE.NFO,07/01/2020,10:53:57,1.5,1.6,6000,1.85,9000,0,81000
PETRONET30Jan20255PE.NFO,07/01/2020,10:54:03,1.5,1.6,3000,1.85,9000,0,81000
PETRONET30Jan20255PE.NFO,07/01/2020,10:54:15,1.5,1.55,6000,1.85,9000,0,81000
PETRONET30Jan20255PE.NFO,07/01/2020,10:54:27,1.5,1.55,3000,1.85,9000,0,81000
PETRONET30Jan20255PE.NFO,07/01/2020,10:54:45,1.5,1.55,6000,1.85,9000,0,81000
PETRONET30Jan20255PE.NFO,07/01/2020,10:55:03,1.5,1.65,3000,1.85,9000,0,81000
PETRONET30Jan20255PE.NFO,07/01/2020,10:55:21,1.5,1.7,3000,1.85,3000,0,81000
PETRONET30Jan20255PE.NFO,07/01/2020,10:55:36,1.5,1.65,3000,1.85,3000,0,81000
PETRONET30Jan20255PE.NFO,07/01/2020,10:56:49,1.5,1.7,3000,1.85,3000,0,81000
PETRONET30Jan20255PE.NFO,07/01/2020,11:01:18,1.5,1.75,9000,1.9,6000,0,81000
PETRONET30Jan20255PE.NFO,07/01/2020,11:01:33,1.5,1.75,6000,1.9,6000,0,81000
PETRONET30Jan20255PE.NFO,07/01/2020,11:01:40,1.5,1.75,3000,1.9,6000,0,81000
PETRONET30Jan20255PE.NFO,07/01/2020,11:02:03,1.5,1.7,3000,1.9,6000,0,81000
PETRONET30Jan20255PE.NFO,07/01/2020,11:02:31,1.5,1.75,3000,1.9,6000,0,81000
PETRONET30Jan20255PE.NFO,07/01/2020,11:03:10,1.5,1.7,3000,1.9,6000,0,81000
PETRONET30Jan20255PE.NFO,07/01/2020,11:03:17,1.5,1.75,3000,1.9,6000,0,81000
PETRONET30Jan20255PE.NFO,07/01/2020,11:03:23,1.5,1.7,3000,1.9,6000,0,81000
PETRONET30Jan20255PE.NFO,07/01/2020,11:04:28,1.5,1.75,6000,1.9,6000,0,81000
PETRONET30Jan20255PE.NFO,07/01/2020,11:04:42,1.5,1.75,6000,1.95,6000,0,81000
PETRONET30Jan20255PE.NFO,07/01/2020,11:06:09,1.5,1.75,3000,1.95,6000,0,81000
PETRONET30Jan20255PE.NFO,07/01/2020,11:08:33,1.5,1.7,3000,1.95,6000,0,81000
PETRONET30Jan20255PE.NFO,07/01/2020,11:09:54,1.5,1.75,3000,1.95,6000,0,81000
PETRONET30Jan20255PE.NFO,07/01/2020,11:10:12,1.5,1.7,3000,1.95,6000,0,81000
PETRONET30Jan20255PE.NFO,07/01/2020,11:11:07,1.5,1.75,6000,1.95,6000,0,81000
PETRONET30Jan20255PE.NFO,07/01/2020,11:11:26,1.5,1.75,3000,1.95,6000,0,81000
PETRONET30Jan20255PE.NFO,07/01/2020,11:14:18,1.5,1.7,3000,1.95,6000,0,81000
PETRONET30Jan20255PE.NFO,07/01/2020,11:14:56,1.5,1.75,9000,1.95,6000,0,81000
PETRONET30Jan20255PE.NFO,07/01/2020,11:15:09,1.5,1.75,6000,1.95,6000,0,81000
PETRONET30Jan20255PE.NFO,07/01/2020,11:15:26,1.5,1.75,3000,1.95,6000,0,81000
PETRONET30Jan20255PE.NFO,07/01/2020,11:21:03,1.5,1.8,3000,1.95,6000,0,81000
PETRONET30Jan20255PE.NFO,07/01/2020,11:21:51,1.5,1.8,3000,1.95,3000,0,81000
PETRONET30Jan20255PE.NFO,07/01/2020,11:22:29,1.5,1.8,3000,2,6000,0,81000
PETRONET30Jan20255PE.NFO,07/01/2020,11:22:38,1.5,1.85,3000,2,6000,0,81000
PETRONET30Jan20255PE.NFO,07/01/2020,11:22:51,1.5,1.8,3000,2,6000,0,81000
PETRONET30Jan20255PE.NFO,07/01/2020,11:24:04,1.5,1.8,3000,2,12000,0,81000
PETRONET30Jan20255PE.NFO,07/01/2020,11:24:14,1.5,1.8,3000,2,6000,0,81000
PETRONET30Jan20255PE.NFO,07/01/2020,11:24:32,1.5,1.8,3000,2,12000,0,81000
PETRONET30Jan20255PE.NFO,07/01/2020,11:24:46,1.5,1.8,3000,2,6000,0,81000
PETRONET30Jan20255PE.NFO,07/01/2020,11:24:55,1.5,1.8,3000,2,12000,0,81000
PETRONET30Jan20255PE.NFO,07/01/2020,11:24:59,1.5,1.8,3000,2,6000,0,81000
PETRONET30Jan20255PE.NFO,07/01/2020,11:25:09,1.5,1.8,3000,2,12000,0,81000
PETRONET30Jan20255PE.NFO,07/01/2020,11:25:14,1.5,1.8,3000,2,6000,0,81000
PETRONET30Jan20255PE.NFO,07/01/2020,11:25:18,1.5,1.8,3000,2,12000,0,81000
PETRONET30Jan20255PE.NFO,07/01/2020,11:25:23,1.5,1.8,3000,2,6000,0,81000
PETRONET30Jan20255PE.NFO,07/01/2020,11:25:29,1.5,1.8,3000,2,12000,0,81000
PETRONET30Jan20255PE.NFO,07/01/2020,11:25:34,1.5,1.8,3000,2,6000,0,81000
PETRONET30Jan20255PE.NFO,07/01/2020,11:26:11,1.5,1.8,3000,2,12000,0,81000
PETRONET30Jan20255PE.NFO,07/01/2020,11:26:14,1.5,1.8,3000,2,6000,0,81000
PETRONET30Jan20255PE.NFO,07/01/2020,11:26:23,1.5,1.8,3000,2,12000,0,81000
PETRONET30Jan20255PE.NFO,07/01/2020,11:26:27,1.5,1.8,3000,2,6000,0,81000
PETRONET30Jan20255PE.NFO,07/01/2020,11:26:36,1.5,1.8,3000,2,12000,0,81000
PETRONET30Jan20255PE.NFO,07/01/2020,11:26:40,1.5,1.8,3000,2,6000,0,81000
PETRONET30Jan20255PE.NFO,07/01/2020,11:26:45,1.5,1.8,3000,2,12000,0,81000
PETRONET30Jan20255PE.NFO,07/01/2020,11:27:08,1.5,1.8,3000,2,6000,0,81000
PETRONET30Jan20255PE.NFO,07/01/2020,11:27:27,1.5,1.8,3000,2,12000,0,81000
PETRONET30Jan20255PE.NFO,07/01/2020,11:27:53,1.5,1.8,3000,1.95,9000,0,81000
PETRONET30Jan20255PE.NFO,07/01/2020,11:28:15,1.8,1.75,3000,1.95,9000,3000,81000
PETRONET30Jan20255PE.NFO,07/01/2020,11:28:15,1.8,1.75,3000,1.95,9000,0,81000
PETRONET30Jan20255PE.NFO,07/01/2020,11:28:19,1.8,1.75,3000,1.95,9000,0,81000
PETRONET30Jan20255PE.NFO,07/01/2020,11:30:20,1.8,1.75,3000,1.95,15000,0,81000
PETRONET30Jan20255PE.NFO,07/01/2020,11:30:40,1.8,1.75,3000,1.95,9000,0,81000
PETRONET30Jan20255PE.NFO,07/01/2020,11:30:46,1.75,1.7,12000,1.95,9000,3000,81000
PETRONET30Jan20255PE.NFO,07/01/2020,11:30:49,1.75,1.7,12000,1.95,9000,0,81000
PETRONET30Jan20255PE.NFO,07/01/2020,11:30:52,1.75,1.7,9000,1.95,15000,0,81000
PETRONET30Jan20255PE.NFO,07/01/2020,11:31:03,1.7,1.7,3000,1.95,15000,3000,81000
PETRONET30Jan20255PE.NFO,07/01/2020,11:31:10,1.7,1.7,3000,1.8,3000,0,81000
PETRONET30Jan20255PE.NFO,07/01/2020,11:31:34,1.7,1.65,9000,1.8,6000,0,81000
PETRONET30Jan20255PE.NFO,07/01/2020,11:31:38,1.7,1.65,6000,1.8,6000,0,81000
PETRONET30Jan20255PE.NFO,07/01/2020,11:31:58,1.7,1.65,9000,1.8,6000,0,81000
PETRONET30Jan20255PE.NFO,07/01/2020,11:32:15,1.7,1.65,6000,1.8,6000,0,81000
PETRONET30Jan20255PE.NFO,07/01/2020,11:32:48,1.7,1.65,6000,1.7,27000,3000,81000
PETRONET30Jan20255PE.NFO,07/01/2020,11:32:59,1.7,1.65,6000,1.7,27000,0,81000
PETRONET30Jan20255PE.NFO,07/01/2020,11:34:28,1.7,1.65,6000,1.7,9000,0,81000
PETRONET30Jan20255PE.NFO,07/01/2020,11:35:18,1.65,1.6,12000,1.65,3000,6000,81000
PETRONET30Jan20255PE.NFO,07/01/2020,11:35:25,1.65,1.6,9000,1.65,3000,0,81000
PETRONET30Jan20255PE.NFO,07/01/2020,11:35:35,1.65,1.6,9000,1.7,3000,0,81000
PETRONET30Jan20255PE.NFO,07/01/2020,11:35:48,1.65,1.6,12000,1.7,3000,0,81000
PETRONET30Jan20255PE.NFO,07/01/2020,11:36:28,1.6,1.55,12000,1.6,6000,12000,87000
PETRONET30Jan20255PE.NFO,07/01/2020,11:36:34,1.6,1.55,12000,1.6,6000,0,87000
PETRONET30Jan20255PE.NFO,07/01/2020,11:36:44,1.6,1.55,9000,1.7,9000,0,87000
PETRONET30Jan20255PE.NFO,07/01/2020,11:37:52,1.6,1.55,9000,1.7,6000,0,87000
PETRONET30Jan20255PE.NFO,07/01/2020,11:40:47,1.6,1.55,9000,1.7,9000,0,87000
PETRONET30Jan20255PE.NFO,07/01/2020,11:41:26,1.6,1.55,6000,1.7,9000,0,87000
PETRONET30Jan20255PE.NFO,07/01/2020,11:41:42,1.6,1.55,3000,1.7,9000,0,87000
PETRONET30Jan20255PE.NFO,07/01/2020,11:42:22,1.6,1.55,6000,1.7,9000,0,87000
PETRONET30Jan20255PE.NFO,07/01/2020,11:42:47,1.6,1.55,3000,1.7,9000,0,87000
PETRONET30Jan20255PE.NFO,07/01/2020,11:42:51,1.6,1.55,6000,1.7,9000,0,87000
PETRONET30Jan20255PE.NFO,07/01/2020,11:43:10,1.6,1.55,6000,1.7,6000,0,87000
PETRONET30Jan20255PE.NFO,07/01/2020,11:43:19,1.6,1.55,3000,1.7,6000,0,87000
PETRONET30Jan20255PE.NFO,07/01/2020,11:43:24,1.6,1.55,6000,1.7,6000,0,87000
PETRONET30Jan20255PE.NFO,07/01/2020,11:43:39,1.6,1.55,3000,1.7,6000,0,87000
PETRONET30Jan20255PE.NFO,07/01/2020,11:43:47,1.6,1.55,6000,1.7,6000,0,87000
PETRONET30Jan20255PE.NFO,07/01/2020,11:44:07,1.6,1.55,3000,1.7,6000,0,87000
PETRONET30Jan20255PE.NFO,07/01/2020,11:44:11,1.6,1.55,3000,1.7,12000,0,87000
PETRONET30Jan20255PE.NFO,07/01/2020,11:44:30,1.6,1.55,6000,1.7,12000,0,87000
PETRONET30Jan20255PE.NFO,07/01/2020,11:44:49,1.6,1.55,3000,1.7,12000,0,87000
PETRONET30Jan20255PE.NFO,07/01/2020,11:45:06,1.6,1.55,6000,1.7,12000,0,87000
PETRONET30Jan20255PE.NFO,07/01/2020,11:45:10,1.6,1.55,3000,1.7,12000,0,87000
PETRONET30Jan20255PE.NFO,07/01/2020,11:45:17,1.6,1.55,3000,1.7,9000,0,87000
PETRONET30Jan20255PE.NFO,07/01/2020,11:45:46,1.6,1.5,9000,1.65,3000,0,87000
PETRONET30Jan20255PE.NFO,07/01/2020,11:45:50,1.6,1.5,12000,1.65,3000,0,87000
PETRONET30Jan20255PE.NFO,07/01/2020,11:45:58,1.6,1.5,9000,1.65,3000,0,87000
PETRONET30Jan20255PE.NFO,07/01/2020,11:46:08,1.6,1.5,12000,1.65,3000,0,87000
PETRONET30Jan20255PE.NFO,07/01/2020,11:46:16,1.5,1.45,12000,1.5,12000,15000,96000
PETRONET30Jan20255PE.NFO,07/01/2020,11:46:19,1.5,1.45,12000,1.5,12000,0,96000
PETRONET30Jan20255PE.NFO,07/01/2020,11:46:23,1.5,1.45,9000,1.5,12000,0,96000
PETRONET30Jan20255PE.NFO,07/01/2020,11:46:36,1.5,1.45,9000,1.6,15000,0,96000
PETRONET30Jan20255PE.NFO,07/01/2020,11:47:27,1.5,1.45,9000,1.5,12000,0,96000
PETRONET30Jan20255PE.NFO,07/01/2020,11:47:58,1.5,1.45,6000,1.5,12000,0,96000
PETRONET30Jan20255PE.NFO,07/01/2020,11:48:58,1.5,1.45,6000,1.5,6000,6000,105000
PETRONET30Jan20255PE.NFO,07/01/2020,11:49:21,1.5,1.45,6000,1.5,6000,0,105000
PETRONET30Jan20255PE.NFO,07/01/2020,11:51:24,1.5,1.4,9000,1.5,6000,0,105000
PETRONET30Jan20255PE.NFO,07/01/2020,11:54:26,1.5,1.4,3000,1.5,9000,0,105000
PETRONET30Jan20255PE.NFO,07/01/2020,11:54:30,1.5,1.35,9000,1.5,9000,0,105000
PETRONET30Jan20255PE.NFO,07/01/2020,11:54:47,1.5,1.35,9000,1.4,6000,0,105000
PETRONET30Jan20255PE.NFO,07/01/2020,11:54:56,1.5,1.35,6000,1.4,6000,0,105000
PETRONET30Jan20255PE.NFO,07/01/2020,11:58:04,1.4,1.35,6000,1.4,3000,3000,111000
PETRONET30Jan20255PE.NFO,07/01/2020,11:58:04,1.4,1.35,6000,1.4,3000,0,111000
PETRONET30Jan20255PE.NFO,07/01/2020,11:58:20,1.4,1.35,6000,1.4,3000,0,111000
PETRONET30Jan20255PE.NFO,07/01/2020,12:00:29,1.4,1.35,6000,1.45,6000,3000,111000
PETRONET30Jan20255PE.NFO,07/01/2020,12:00:34,1.4,1.35,6000,1.45,6000,0,111000
PETRONET30Jan20255PE.NFO,07/01/2020,12:00:38,1.4,1.35,6000,1.45,9000,0,111000
PETRONET30Jan20255PE.NFO,07/01/2020,12:00:42,1.4,1.35,3000,1.45,9000,0,111000
PETRONET30Jan20255PE.NFO,07/01/2020,12:01:29,1.45,1.35,3000,1.45,6000,3000,111000
PETRONET30Jan20255PE.NFO,07/01/2020,12:05:02,1.45,1.35,3000,1.45,6000,0,111000
PETRONET30Jan20255PE.NFO,07/01/2020,12:07:18,1.45,1.35,9000,1.45,3000,0,111000
PETRONET30Jan20255PE.NFO,07/01/2020,12:09:26,1.45,1.4,12000,1.45,3000,0,111000
PETRONET30Jan20255PE.NFO,07/01/2020,12:11:20,1.45,1.4,12000,1.5,6000,3000,117000
PETRONET30Jan20255PE.NFO,07/01/2020,12:11:31,1.45,1.4,12000,1.5,6000,0,117000
PETRONET30Jan20255PE.NFO,07/01/2020,12:13:01,1.5,1.4,12000,1.5,3000,3000,120000
PETRONET30Jan20255PE.NFO,07/01/2020,12:13:04,1.5,1.4,12000,1.5,3000,0,120000
PETRONET30Jan20255PE.NFO,07/01/2020,12:13:28,1.5,1.45,9000,1.5,3000,0,120000
PETRONET30Jan20255PE.NFO,07/01/2020,12:14:03,1.5,1.5,9000,1.65,6000,3000,120000
PETRONET30Jan20255PE.NFO,07/01/2020,12:14:10,1.5,1.5,9000,1.65,6000,0,120000
PETRONET30Jan20255PE.NFO,07/01/2020,12:14:19,1.5,1.5,9000,1.65,3000,0,120000
PETRONET30Jan20255PE.NFO,07/01/2020,12:14:33,1.5,1.5,6000,1.65,3000,0,120000
PETRONET30Jan20255PE.NFO,07/01/2020,12:14:58,1.5,1.5,9000,1.65,3000,0,120000
PETRONET30Jan20255PE.NFO,07/01/2020,12:15:38,1.5,1.55,12000,1.7,3000,0,120000
PETRONET30Jan20255PE.NFO,07/01/2020,12:15:54,1.5,1.55,12000,1.75,3000,0,120000
PETRONET30Jan20255PE.NFO,07/01/2020,12:16:23,1.5,1.6,9000,1.75,3000,0,120000
PETRONET30Jan20255PE.NFO,07/01/2020,12:16:39,1.5,1.6,3000,1.75,3000,0,120000
PETRONET30Jan20255PE.NFO,07/01/2020,12:17:12,1.5,1.6,6000,1.75,3000,0,120000
PETRONET30Jan20255PE.NFO,07/01/2020,12:17:27,1.5,1.6,3000,1.75,3000,0,120000
PETRONET30Jan20255PE.NFO,07/01/2020,12:17:48,1.5,1.6,3000,1.75,6000,0,120000
PETRONET30Jan20255PE.NFO,07/01/2020,12:18:23,1.5,1.55,9000,1.7,3000,0,120000
PETRONET30Jan20255PE.NFO,07/01/2020,12:18:30,1.5,1.55,9000,1.75,3000,0,120000
PETRONET30Jan20255PE.NFO,07/01/2020,12:18:33,1.5,1.55,9000,1.7,3000,0,120000
PETRONET30Jan20255PE.NFO,07/01/2020,12:18:36,1.5,1.55,9000,1.7,6000,0,120000
PETRONET30Jan20255PE.NFO,07/01/2020,12:18:45,1.5,1.55,9000,1.7,3000,0,120000
PETRONET30Jan20255PE.NFO,07/01/2020,12:18:53,1.5,1.55,9000,1.75,6000,0,120000
PETRONET30Jan20255PE.NFO,07/01/2020,12:19:10,1.5,1.55,6000,1.7,3000,0,120000
PETRONET30Jan20255PE.NFO,07/01/2020,12:19:28,1.5,1.55,6000,1.7,6000,0,120000
PETRONET30Jan20255PE.NFO,07/01/2020,12:21:42,1.5,1.55,6000,1.7,3000,0,120000
PETRONET30Jan20255PE.NFO,07/01/2020,12:23:38,1.5,1.55,6000,1.7,9000,0,120000
PETRONET30Jan20255PE.NFO,07/01/2020,12:23:41,1.5,1.55,6000,1.7,6000,0,120000
PETRONET30Jan20255PE.NFO,07/01/2020,12:24:13,1.5,1.55,6000,1.7,9000,0,120000
PETRONET30Jan20255PE.NFO,07/01/2020,12:24:53,1.5,1.55,6000,1.75,6000,0,120000
PETRONET30Jan20255PE.NFO,07/01/2020,12:25:38,1.5,1.55,6000,1.7,3000,0,120000
PETRONET30Jan20255PE.NFO,07/01/2020,12:26:25,1.5,1.55,6000,1.7,9000,0,120000
PETRONET30Jan20255PE.NFO,07/01/2020,12:26:27,1.5,1.55,6000,1.7,6000,0,120000
PETRONET30Jan20255PE.NFO,07/01/2020,12:27:49,1.5,1.55,6000,1.7,9000,0,120000
PETRONET30Jan20255PE.NFO,07/01/2020,12:27:52,1.5,1.55,6000,1.7,3000,0,120000
PETRONET30Jan20255PE.NFO,07/01/2020,12:27:56,1.5,1.55,9000,1.75,6000,0,120000
PETRONET30Jan20255PE.NFO,07/01/2020,12:33:09,1.5,1.55,6000,1.75,6000,0,120000
PETRONET30Jan20255PE.NFO,07/01/2020,12:33:36,1.5,1.55,9000,1.75,6000,0,120000
PETRONET30Jan20255PE.NFO,07/01/2020,12:37:22,1.5,1.55,9000,1.75,3000,0,120000
PETRONET30Jan20255PE.NFO,07/01/2020,12:38:49,1.5,1.55,9000,1.75,6000,0,120000
PETRONET30Jan20255PE.NFO,07/01/2020,12:39:58,1.5,1.55,9000,1.7,3000,0,120000
PETRONET30Jan20255PE.NFO,07/01/2020,12:40:51,1.5,1.55,6000,1.7,3000,0,120000
PETRONET30Jan20255PE.NFO,07/01/2020,12:40:59,1.5,1.55,6000,1.7,6000,0,120000
PETRONET30Jan20255PE.NFO,07/01/2020,12:41:03,1.5,1.55,6000,1.7,3000,0,120000
PETRONET30Jan20255PE.NFO,07/01/2020,12:42:07,1.5,1.5,6000,1.7,6000,0,120000
PETRONET30Jan20255PE.NFO,07/01/2020,12:42:46,1.5,1.5,6000,1.65,9000,0,120000
PETRONET30Jan20255PE.NFO,07/01/2020,12:42:52,1.5,1.5,6000,1.65,6000,0,120000
PETRONET30Jan20255PE.NFO,07/01/2020,12:43:22,1.5,1.5,6000,1.65,3000,0,120000
PETRONET30Jan20255PE.NFO,07/01/2020,12:43:40,1.5,1.5,6000,1.65,9000,0,120000
PETRONET30Jan20255PE.NFO,07/01/2020,12:43:44,1.5,1.5,6000,1.65,6000,0,120000
PETRONET30Jan20255PE.NFO,07/01/2020,12:44:35,1.5,1.5,6000,1.65,3000,0,120000
PETRONET30Jan20255PE.NFO,07/01/2020,12:45:26,1.5,1.5,9000,1.7,3000,0,120000
PETRONET30Jan20255PE.NFO,07/01/2020,12:45:37,1.5,1.5,9000,1.7,6000,0,120000
PETRONET30Jan20255PE.NFO,07/01/2020,12:45:46,1.5,1.5,9000,1.7,9000,0,120000
PETRONET30Jan20255PE.NFO,07/01/2020,12:45:51,1.5,1.5,6000,1.7,9000,0,120000
PETRONET30Jan20255PE.NFO,07/01/2020,12:47:32,1.5,1.5,6000,1.65,9000,0,120000
PETRONET30Jan20255PE.NFO,07/01/2020,12:47:42,1.5,1.5,6000,1.65,6000,0,120000
PETRONET30Jan20255PE.NFO,07/01/2020,12:51:19,1.5,1.5,6000,1.65,3000,0,120000
PETRONET30Jan20255PE.NFO,07/01/2020,12:52:19,1.5,1.5,6000,1.7,6000,0,120000
PETRONET30Jan20255PE.NFO,07/01/2020,12:52:34,1.5,1.5,9000,1.7,6000,0,120000
PETRONET30Jan20255PE.NFO,07/01/2020,12:52:47,1.5,1.5,9000,1.7,3000,0,120000
PETRONET30Jan20255PE.NFO,07/01/2020,12:52:53,1.5,1.5,9000,1.75,9000,0,120000
PETRONET30Jan20255PE.NFO,07/01/2020,12:54:09,1.5,1.6,6000,1.75,9000,0,120000
PETRONET30Jan20255PE.NFO,07/01/2020,12:54:20,1.5,1.6,3000,1.75,9000,0,120000
PETRONET30Jan20255PE.NFO,07/01/2020,12:54:47,1.5,1.55,6000,1.7,9000,0,120000
PETRONET30Jan20255PE.NFO,07/01/2020,12:54:50,1.5,1.55,6000,1.7,6000,0,120000
PETRONET30Jan20255PE.NFO,07/01/2020,12:55:13,1.5,1.55,6000,1.7,3000,0,120000
PETRONET30Jan20255PE.NFO,07/01/2020,12:55:35,1.5,1.55,3000,1.7,12000,0,120000
PETRONET30Jan20255PE.NFO,07/01/2020,12:55:38,1.5,1.55,3000,1.7,9000,0,120000
PETRONET30Jan20255PE.NFO,07/01/2020,12:55:42,1.5,1.55,3000,1.7,12000,0,120000
PETRONET30Jan20255PE.NFO,07/01/2020,12:56:06,1.5,1.55,3000,1.7,3000,0,120000
PETRONET30Jan20255PE.NFO,07/01/2020,12:56:33,1.5,1.55,6000,1.7,3000,0,120000
PETRONET30Jan20255PE.NFO,07/01/2020,12:56:39,1.5,1.55,6000,1.75,9000,0,120000
PETRONET30Jan20255PE.NFO,07/01/2020,12:57:09,1.5,1.55,6000,1.75,6000,0,120000
PETRONET30Jan20255PE.NFO,07/01/2020,12:57:11,1.5,1.55,6000,1.75,3000,0,120000
PETRONET30Jan20255PE.NFO,07/01/2020,12:57:55,1.5,1.6,12000,1.75,3000,0,120000
PETRONET30Jan20255PE.NFO,07/01/2020,12:58:12,1.5,1.6,3000,1.75,6000,0,120000
PETRONET30Jan20255PE.NFO,07/01/2020,12:58:17,1.5,1.55,3000,1.75,6000,0,120000
PETRONET30Jan20255PE.NFO,07/01/2020,12:58:31,1.5,1.5,6000,1.75,6000,0,120000
PETRONET30Jan20255PE.NFO,07/01/2020,12:58:56,1.5,1.5,3000,1.75,6000,0,120000
PETRONET30Jan20255PE.NFO,07/01/2020,12:59:01,1.5,1.45,6000,1.75,6000,0,120000
PETRONET30Jan20255PE.NFO,07/01/2020,12:59:05,1.5,1.45,6000,1.65,9000,0,120000
PETRONET30Jan20255PE.NFO,07/01/2020,12:59:09,1.5,1.45,6000,1.65,6000,0,120000
PETRONET30Jan20255PE.NFO,07/01/2020,13:00:15,1.5,1.45,9000,1.7,12000,0,120000
PETRONET30Jan20255PE.NFO,07/01/2020,13:00:38,1.5,1.45,9000,1.7,9000,0,120000
PETRONET30Jan20255PE.NFO,07/01/2020,13:00:42,1.5,1.55,6000,1.7,9000,0,120000
PETRONET30Jan20255PE.NFO,07/01/2020,13:01:14,1.5,1.55,3000,1.7,9000,0,120000
PETRONET30Jan20255PE.NFO,07/01/2020,13:01:20,1.5,1.55,3000,1.7,6000,0,120000
PETRONET30Jan20255PE.NFO,07/01/2020,13:01:28,1.5,1.5,9000,1.7,6000,0,120000
PETRONET30Jan20255PE.NFO,07/01/2020,13:05:02,1.5,1.5,12000,1.7,6000,0,120000
PETRONET30Jan20255PE.NFO,07/01/2020,13:06:25,1.5,1.5,12000,1.7,3000,0,120000
PETRONET30Jan20255PE.NFO,07/01/2020,13:07:45,1.5,1.5,12000,1.75,3000,0,120000
PETRONET30Jan20255PE.NFO,07/01/2020,13:09:34,1.5,1.5,12000,1.7,3000,0,120000
PETRONET30Jan20255PE.NFO,07/01/2020,13:12:58,1.5,1.45,6000,1.65,6000,0,120000
PETRONET30Jan20255PE.NFO,07/01/2020,13:17:27,1.5,1.45,6000,1.65,3000,0,120000
PETRONET30Jan20255PE.NFO,07/01/2020,13:19:24,1.5,1.45,9000,1.65,3000,0,120000
PETRONET30Jan20255PE.NFO,07/01/2020,13:19:34,1.5,1.45,6000,1.65,3000,0,120000
PETRONET30Jan20255PE.NFO,07/01/2020,13:20:50,1.5,1.45,9000,1.65,3000,0,120000
PETRONET30Jan20255PE.NFO,07/01/2020,13:21:14,1.5,1.45,9000,1.7,3000,0,120000
PETRONET30Jan20255PE.NFO,07/01/2020,13:21:22,1.5,1.55,6000,1.7,3000,0,120000
PETRONET30Jan20255PE.NFO,07/01/2020,13:21:29,1.5,1.5,9000,1.7,3000,0,120000
PETRONET30Jan20255PE.NFO,07/01/2020,13:21:42,1.5,1.5,6000,1.7,3000,0,120000
PETRONET30Jan20255PE.NFO,07/01/2020,13:22:53,1.5,1.5,6000,1.65,3000,0,120000
PETRONET30Jan20255PE.NFO,07/01/2020,13:24:12,1.5,1.5,3000,1.65,3000,0,120000
PETRONET30Jan20255PE.NFO,07/01/2020,13:29:45,1.5,1.5,3000,1.7,3000,0,120000
PETRONET30Jan20255PE.NFO,07/01/2020,13:29:58,1.5,1.5,3000,1.65,3000,0,120000
PETRONET30Jan20255PE.NFO,07/01/2020,13:34:43,1.5,1.45,6000,1.65,3000,0,120000
PETRONET30Jan20255PE.NFO,07/01/2020,13:35:02,1.5,1.45,6000,1.6,9000,0,120000
PETRONET30Jan20255PE.NFO,07/01/2020,13:35:09,1.5,1.45,3000,1.6,9000,0,120000
PETRONET30Jan20255PE.NFO,07/01/2020,13:35:21,1.5,1.45,3000,1.6,6000,0,120000
PETRONET30Jan20255PE.NFO,07/01/2020,13:36:02,1.5,1.45,3000,1.6,3000,0,120000
PETRONET30Jan20255PE.NFO,07/01/2020,13:36:35,1.5,1.45,3000,1.65,3000,0,120000
PETRONET30Jan20255PE.NFO,07/01/2020,13:36:46,1.5,1.55,9000,1.75,9000,0,120000
PETRONET30Jan20255PE.NFO,07/01/2020,13:37:08,1.5,1.55,3000,1.75,9000,0,120000
PETRONET30Jan20255PE.NFO,07/01/2020,13:37:50,1.5,1.5,6000,1.75,9000,0,120000
PETRONET30Jan20255PE.NFO,07/01/2020,13:44:14,1.5,1.5,3000,1.75,9000,0,120000
PETRONET30Jan20255PE.NFO,07/01/2020,13:47:35,1.5,1.5,3000,1.75,6000,0,120000
PETRONET30Jan20255PE.NFO,07/01/2020,13:47:41,1.5,1.5,3000,1.7,6000,0,120000
PETRONET30Jan20255PE.NFO,07/01/2020,14:13:46,1.5,1.5,3000,1.65,6000,0,120000
PETRONET30Jan20255PE.NFO,07/01/2020,14:17:43,1.5,1.5,3000,1.65,3000,0,120000
PETRONET30Jan20255PE.NFO,07/01/2020,14:19:12,1.5,1.5,3000,1.7,6000,0,120000
PETRONET30Jan20255PE.NFO,07/01/2020,14:19:31,1.5,1.5,3000,1.65,9000,0,120000
PETRONET30Jan20255PE.NFO,07/01/2020,14:19:39,1.5,1.5,3000,1.65,3000,0,120000
PETRONET30Jan20255PE.NFO,07/01/2020,14:21:58,1.5,1.5,3000,1.6,3000,0,120000
PETRONET30Jan20255PE.NFO,07/01/2020,14:22:39,1.5,1.5,3000,1.65,3000,0,120000
PETRONET30Jan20255PE.NFO,07/01/2020,14:25:40,1.5,1.5,3000,1.65,6000,0,120000
PETRONET30Jan20255PE.NFO,07/01/2020,14:28:40,1.5,1.4,6000,1.65,6000,0,123000
PETRONET30Jan20255PE.NFO,07/01/2020,14:31:28,1.5,1.4,3000,1.65,6000,0,123000
PETRONET30Jan20255PE.NFO,07/01/2020,14:45:49,1.5,1.5,6000,1.65,3000,0,123000
PETRONET30Jan20255PE.NFO,07/01/2020,14:45:54,1.5,1.45,9000,1.65,3000,0,123000
PETRONET30Jan20255PE.NFO,07/01/2020,14:48:58,1.5,1.45,9000,1.6,3000,0,123000
PETRONET30Jan20255PE.NFO,07/01/2020,14:49:02,1.5,1.45,9000,1.6,9000,0,123000
PETRONET30Jan20255PE.NFO,07/01/2020,14:49:13,1.5,1.45,6000,1.6,9000,0,123000
PETRONET30Jan20255PE.NFO,07/01/2020,14:50:19,1.5,1.45,6000,1.6,6000,0,123000
PETRONET30Jan20255PE.NFO,07/01/2020,14:50:58,1.5,1.45,6000,1.6,3000,0,123000
PETRONET30Jan20255PE.NFO,07/01/2020,14:51:01,1.5,1.45,6000,1.6,6000,0,123000
PETRONET30Jan20255PE.NFO,07/01/2020,14:57:11,1.5,1.45,3000,1.6,6000,0,123000
PETRONET30Jan20255PE.NFO,07/01/2020,15:17:00,1.5,1.45,3000,1.6,3000,0,123000
PETRONET30Jan20255PE.NFO,07/01/2020,15:18:19,1.5,1.45,3000,1.65,3000,0,123000
PETRONET30Jan20255PE.NFO,07/01/2020,15:19:37,1.5,1.45,3000,1.55,3000,0,123000
PETRONET30Jan20255PE.NFO,07/01/2020,15:20:43,1.5,1.45,3000,1.6,3000,0,123000
PETRONET30Jan20255PE.NFO,07/01/2020,15:20:56,1.5,1.45,3000,1.55,3000,0,123000
PETRONET30Jan20255PE.NFO,07/01/2020,15:23:28,1.5,1.45,3000,1.5,3000,0,123000
PETRONET30Jan20255PE.NFO,07/01/2020,15:23:36,1.5,1.45,3000,1.55,3000,0,123000
PETRONET30Jan20255PE.NFO,07/01/2020,15:25:55,1.5,1.45,3000,1.5,3000,0,123000
PETRONET30Jan20255PE.NFO,07/01/2020,15:26:05,1.5,1.45,3000,1.55,3000,0,123000
PETRONET30Jan20255PE.NFO,07/01/2020,15:28:59,1.5,1.45,3000,1.5,3000,0,123000
PETRONET30Jan20255PE.NFO,07/01/2020,15:29:13,1.5,1.45,3000,1.55,3000,0,123000
PETRONET30Jan20255PE.NFO,07/01/2020,15:29:41,1.5,0.85,36000,1.5,3000,0,123000
PETRONET30Jan20255PE.NFO,07/01/2020,15:29:48,1.5,0.85,42000,1.5,3000,0,123000
PETRONET30Jan20255PE.NFO,07/01/2020,15:30:01,1.5,0.85,36000,1.5,3000,0,123000
