Ticker,Date,Time,LTP,BuyPrice,BuyQty,SellPrice,SellQty,LTQ,OpenInterest
PETRONET30Jan20290CE.NFO,07/01/2020,09:40:11,1.1,1.05,6000,1.15,6000,3000,177000
PETRONET30Jan20290CE.NFO,07/01/2020,09:40:11,1.1,1.05,6000,1.15,6000,0,177000
PETRONET30Jan20290CE.NFO,07/01/2020,09:40:11,1.1,1.05,6000,1.15,6000,0,177000
PETRONET30Jan20290CE.NFO,07/01/2020,09:40:11,1.1,1.05,6000,1.15,6000,0,177000
PETRONET30Jan20290CE.NFO,07/01/2020,09:40:17,1.1,1.1,3000,1.15,6000,0,177000
PETRONET30Jan20290CE.NFO,07/01/2020,09:43:23,1.1,1.1,6000,1.15,6000,0,177000
PETRONET30Jan20290CE.NFO,07/01/2020,09:44:12,1.1,1.1,3000,1.15,6000,0,177000
PETRONET30Jan20290CE.NFO,07/01/2020,09:44:18,1.15,1.1,3000,1.2,3000,6000,177000
PETRONET30Jan20290CE.NFO,07/01/2020,09:44:18,1.15,1.1,3000,1.2,3000,0,177000
PETRONET30Jan20290CE.NFO,07/01/2020,09:44:38,1.15,1.1,3000,1.2,3000,0,177000
PETRONET30Jan20290CE.NFO,07/01/2020,09:46:42,1.15,1.05,3000,1.2,3000,0,177000
PETRONET30Jan20290CE.NFO,07/01/2020,09:48:18,1.15,1.1,3000,1.2,3000,0,177000
PETRONET30Jan20290CE.NFO,07/01/2020,09:48:29,1.15,1.05,3000,1.2,3000,0,177000
PETRONET30Jan20290CE.NFO,07/01/2020,09:50:42,1.15,1,3000,1.15,3000,0,177000
PETRONET30Jan20290CE.NFO,07/01/2020,09:50:52,1.15,1,3000,1.15,9000,0,177000
PETRONET30Jan20290CE.NFO,07/01/2020,09:51:29,1.15,1,6000,1.2,3000,0,177000
PETRONET30Jan20290CE.NFO,07/01/2020,09:52:17,1.15,1,3000,1.15,3000,0,177000
PETRONET30Jan20290CE.NFO,07/01/2020,09:52:22,1.15,1,6000,1.15,3000,0,177000
PETRONET30Jan20290CE.NFO,07/01/2020,09:52:28,1.15,1,6000,1.2,3000,0,177000
PETRONET30Jan20290CE.NFO,07/01/2020,09:54:40,1.15,1.05,3000,1.25,9000,0,177000
PETRONET30Jan20290CE.NFO,07/01/2020,09:54:45,1.15,1.1,3000,1.25,6000,0,177000
PETRONET30Jan20290CE.NFO,07/01/2020,09:55:28,1.15,1.1,6000,1.3,6000,0,177000
PETRONET30Jan20290CE.NFO,07/01/2020,09:55:34,1.15,1.1,6000,1.25,3000,0,177000
PETRONET30Jan20290CE.NFO,07/01/2020,09:55:51,1.15,1.1,6000,1.2,3000,0,177000
PETRONET30Jan20290CE.NFO,07/01/2020,09:56:01,1.15,1.15,3000,1.2,3000,0,177000
PETRONET30Jan20290CE.NFO,07/01/2020,09:56:06,1.15,1.15,3000,1.25,3000,0,177000
PETRONET30Jan20290CE.NFO,07/01/2020,09:56:26,1.15,1.05,3000,1.2,3000,3000,180000
PETRONET30Jan20290CE.NFO,07/01/2020,09:56:32,1.15,1.05,3000,1.2,3000,0,180000
PETRONET30Jan20290CE.NFO,07/01/2020,09:57:36,1.15,1.1,6000,1.25,3000,0,180000
PETRONET30Jan20290CE.NFO,07/01/2020,09:58:13,1.15,1.1,3000,1.25,3000,0,180000
PETRONET30Jan20290CE.NFO,07/01/2020,09:58:24,1.15,1.05,3000,1.25,3000,0,180000
PETRONET30Jan20290CE.NFO,07/01/2020,09:58:42,1.15,1.1,3000,1.25,3000,0,180000
PETRONET30Jan20290CE.NFO,07/01/2020,09:59:05,1.15,1.1,6000,1.25,3000,0,180000
PETRONET30Jan20290CE.NFO,07/01/2020,09:59:59,1.15,1.1,3000,1.25,3000,0,180000
PETRONET30Jan20290CE.NFO,07/01/2020,10:00:15,1.15,1.1,6000,1.25,3000,0,180000
PETRONET30Jan20290CE.NFO,07/01/2020,10:00:25,1.15,1.1,3000,1.25,3000,0,180000
PETRONET30Jan20290CE.NFO,07/01/2020,10:00:31,1.15,1.1,6000,1.25,3000,0,180000
PETRONET30Jan20290CE.NFO,07/01/2020,10:00:53,1.15,1.1,3000,1.25,3000,0,180000
PETRONET30Jan20290CE.NFO,07/01/2020,10:00:59,1.15,1.05,3000,1.25,3000,0,180000
PETRONET30Jan20290CE.NFO,07/01/2020,10:01:25,1.15,1.1,3000,1.25,3000,0,180000
PETRONET30Jan20290CE.NFO,07/01/2020,10:01:36,1.15,1.05,3000,1.25,3000,0,180000
PETRONET30Jan20290CE.NFO,07/01/2020,10:02:30,1.15,1.05,3000,1.2,3000,0,180000
PETRONET30Jan20290CE.NFO,07/01/2020,10:02:35,1.15,1.1,3000,1.25,3000,0,180000
PETRONET30Jan20290CE.NFO,07/01/2020,10:02:41,1.15,1.1,6000,1.25,3000,0,180000
PETRONET30Jan20290CE.NFO,07/01/2020,10:03:01,1.15,1.1,3000,1.25,3000,0,180000
PETRONET30Jan20290CE.NFO,07/01/2020,10:03:57,1.15,1.05,3000,1.25,3000,0,180000
PETRONET30Jan20290CE.NFO,07/01/2020,10:04:02,1.15,1.05,6000,1.25,3000,0,180000
PETRONET30Jan20290CE.NFO,07/01/2020,10:06:12,1.15,1.05,6000,1.2,3000,0,180000
PETRONET30Jan20290CE.NFO,07/01/2020,10:07:22,1.15,1.05,6000,1.25,3000,0,180000
PETRONET30Jan20290CE.NFO,07/01/2020,10:07:28,1.15,1.1,3000,1.25,3000,0,180000
PETRONET30Jan20290CE.NFO,07/01/2020,10:07:40,1.15,1.15,3000,1.3,3000,0,180000
PETRONET30Jan20290CE.NFO,07/01/2020,10:07:46,1.15,1.1,3000,1.3,6000,0,180000
PETRONET30Jan20290CE.NFO,07/01/2020,10:07:52,1.15,1.1,6000,1.3,6000,0,180000
PETRONET30Jan20290CE.NFO,07/01/2020,10:08:18,1.15,1.1,6000,1.3,3000,0,180000
PETRONET30Jan20290CE.NFO,07/01/2020,10:09:06,1.15,1.15,3000,1.3,3000,0,180000
PETRONET30Jan20290CE.NFO,07/01/2020,10:09:11,1.15,1.15,6000,1.3,3000,0,180000
PETRONET30Jan20290CE.NFO,07/01/2020,10:10:04,1.15,1.15,6000,1.35,3000,0,180000
PETRONET30Jan20290CE.NFO,07/01/2020,10:10:28,1.15,1.15,6000,1.3,3000,0,180000
PETRONET30Jan20290CE.NFO,07/01/2020,10:11:16,1.15,1.2,3000,1.3,3000,0,180000
PETRONET30Jan20290CE.NFO,07/01/2020,10:11:22,1.3,1.3,3000,1.35,3000,3000,177000
PETRONET30Jan20290CE.NFO,07/01/2020,10:11:22,1.3,1.3,3000,1.35,3000,0,177000
PETRONET30Jan20290CE.NFO,07/01/2020,10:11:27,1.3,1.3,3000,1.35,3000,0,177000
PETRONET30Jan20290CE.NFO,07/01/2020,10:11:32,1.35,1.2,3000,1.4,3000,6000,177000
PETRONET30Jan20290CE.NFO,07/01/2020,10:11:32,1.35,1.2,3000,1.4,3000,0,177000
PETRONET30Jan20290CE.NFO,07/01/2020,10:11:38,1.35,1.2,3000,1.35,3000,0,177000
PETRONET30Jan20290CE.NFO,07/01/2020,10:12:40,1.35,1.25,6000,1.3,15000,0,177000
PETRONET30Jan20290CE.NFO,07/01/2020,10:12:46,1.35,1.25,3000,1.3,15000,0,177000
PETRONET30Jan20290CE.NFO,07/01/2020,10:12:51,1.3,1.25,6000,1.4,3000,15000,177000
PETRONET30Jan20290CE.NFO,07/01/2020,10:12:56,1.3,1.25,6000,1.35,15000,0,177000
PETRONET30Jan20290CE.NFO,07/01/2020,10:13:02,1.3,1.3,3000,1.35,15000,0,177000
PETRONET30Jan20290CE.NFO,07/01/2020,10:13:14,1.35,1.35,6000,1.45,6000,15000,177000
PETRONET30Jan20290CE.NFO,07/01/2020,10:13:21,1.35,1.35,6000,1.45,6000,0,177000
PETRONET30Jan20290CE.NFO,07/01/2020,10:13:33,1.35,1.35,6000,1.45,3000,0,177000
PETRONET30Jan20290CE.NFO,07/01/2020,10:13:38,1.45,1.45,6000,1.5,6000,9000,177000
PETRONET30Jan20290CE.NFO,07/01/2020,10:13:38,1.45,1.45,6000,1.5,6000,0,177000
PETRONET30Jan20290CE.NFO,07/01/2020,10:13:43,1.5,1.4,6000,1.6,9000,6000,177000
PETRONET30Jan20290CE.NFO,07/01/2020,10:13:43,1.5,1.4,6000,1.6,9000,0,177000
PETRONET30Jan20290CE.NFO,07/01/2020,10:13:49,1.5,1.4,6000,1.5,3000,0,177000
PETRONET30Jan20290CE.NFO,07/01/2020,10:13:56,1.5,1.35,3000,1.5,6000,0,177000
PETRONET30Jan20290CE.NFO,07/01/2020,10:14:01,1.5,1.35,3000,1.45,3000,0,177000
PETRONET30Jan20290CE.NFO,07/01/2020,10:14:06,1.5,1.35,3000,1.45,6000,0,177000
PETRONET30Jan20290CE.NFO,07/01/2020,10:14:12,1.5,1.35,3000,1.45,9000,0,177000
PETRONET30Jan20290CE.NFO,07/01/2020,10:14:35,1.45,1.35,3000,1.45,3000,9000,213000
PETRONET30Jan20290CE.NFO,07/01/2020,10:14:40,1.4,1.4,9000,1.5,9000,3000,213000
PETRONET30Jan20290CE.NFO,07/01/2020,10:14:46,1.5,1.4,3000,1.5,3000,6000,213000
PETRONET30Jan20290CE.NFO,07/01/2020,10:14:51,1.5,1.4,3000,1.5,3000,0,213000
PETRONET30Jan20290CE.NFO,07/01/2020,10:17:37,1.5,1.35,3000,1.5,3000,0,213000
PETRONET30Jan20290CE.NFO,07/01/2020,10:17:41,1.35,1.25,3000,1.5,3000,3000,231000
PETRONET30Jan20290CE.NFO,07/01/2020,10:17:46,1.35,1.25,3000,1.45,3000,0,231000
PETRONET30Jan20290CE.NFO,07/01/2020,10:17:49,1.35,1.25,3000,1.4,3000,0,231000
PETRONET30Jan20290CE.NFO,07/01/2020,10:18:02,1.35,1.25,3000,1.45,3000,0,231000
PETRONET30Jan20290CE.NFO,07/01/2020,10:18:13,1.35,1.25,3000,1.5,9000,0,231000
PETRONET30Jan20290CE.NFO,07/01/2020,10:20:43,1.35,1.3,3000,1.5,9000,0,231000
PETRONET30Jan20290CE.NFO,07/01/2020,10:21:05,1.35,1.3,3000,1.5,6000,0,231000
PETRONET30Jan20290CE.NFO,07/01/2020,10:21:10,1.35,1.3,3000,1.45,3000,0,231000
PETRONET30Jan20290CE.NFO,07/01/2020,10:21:25,1.35,1.3,3000,1.5,3000,0,231000
PETRONET30Jan20290CE.NFO,07/01/2020,10:22:42,1.35,1.3,3000,1.45,6000,0,231000
PETRONET30Jan20290CE.NFO,07/01/2020,10:22:50,1.35,1.3,3000,1.45,3000,0,231000
PETRONET30Jan20290CE.NFO,07/01/2020,10:23:06,1.35,1.35,3000,1.55,12000,0,231000
PETRONET30Jan20290CE.NFO,07/01/2020,10:23:11,1.35,1.35,3000,1.5,9000,0,231000
PETRONET30Jan20290CE.NFO,07/01/2020,10:23:16,1.35,1.35,3000,1.5,6000,0,231000
PETRONET30Jan20290CE.NFO,07/01/2020,10:23:25,1.35,1.35,3000,1.5,3000,0,231000
PETRONET30Jan20290CE.NFO,07/01/2020,10:28:01,1.35,1.3,3000,1.5,3000,0,231000
PETRONET30Jan20290CE.NFO,07/01/2020,10:32:16,1.35,1.35,3000,1.5,3000,0,231000
PETRONET30Jan20290CE.NFO,07/01/2020,10:33:16,1.35,1.35,3000,1.55,6000,0,231000
PETRONET30Jan20290CE.NFO,07/01/2020,10:34:08,1.35,1.35,3000,1.5,3000,0,231000
PETRONET30Jan20290CE.NFO,07/01/2020,10:34:22,1.35,1.35,3000,1.55,6000,0,231000
PETRONET30Jan20290CE.NFO,07/01/2020,10:34:27,1.35,1.35,3000,1.5,3000,0,231000
PETRONET30Jan20290CE.NFO,07/01/2020,10:34:43,1.35,1.35,3000,1.55,6000,0,231000
PETRONET30Jan20290CE.NFO,07/01/2020,10:34:48,1.35,1.4,3000,1.55,6000,0,231000
PETRONET30Jan20290CE.NFO,07/01/2020,10:34:53,1.35,1.35,3000,1.45,15000,0,231000
PETRONET30Jan20290CE.NFO,07/01/2020,10:35:08,1.35,1.3,3000,1.45,15000,0,231000
PETRONET30Jan20290CE.NFO,07/01/2020,10:35:11,1.35,1.35,3000,1.45,15000,0,231000
PETRONET30Jan20290CE.NFO,07/01/2020,10:35:21,1.35,1.3,3000,1.45,15000,0,231000
PETRONET30Jan20290CE.NFO,07/01/2020,10:35:35,1.35,1.35,3000,1.45,15000,0,231000
PETRONET30Jan20290CE.NFO,07/01/2020,10:36:09,1.35,1.3,3000,1.45,15000,0,231000
PETRONET30Jan20290CE.NFO,07/01/2020,10:36:13,1.35,1.3,3000,1.4,3000,0,231000
PETRONET30Jan20290CE.NFO,07/01/2020,10:36:20,1.45,1.3,3000,1.45,9000,9000,228000
PETRONET30Jan20290CE.NFO,07/01/2020,10:36:24,1.45,1.3,3000,1.45,9000,0,228000
PETRONET30Jan20290CE.NFO,07/01/2020,10:36:41,1.45,1.35,3000,1.45,9000,0,228000
PETRONET30Jan20290CE.NFO,07/01/2020,10:38:33,1.45,1.3,3000,1.45,9000,0,228000
PETRONET30Jan20290CE.NFO,07/01/2020,10:39:04,1.45,1.3,3000,1.4,3000,0,228000
PETRONET30Jan20290CE.NFO,07/01/2020,10:39:09,1.45,1.3,3000,1.45,9000,0,228000
PETRONET30Jan20290CE.NFO,07/01/2020,10:40:22,1.45,1.35,3000,1.45,9000,0,228000
PETRONET30Jan20290CE.NFO,07/01/2020,10:42:17,1.45,1.35,3000,1.45,12000,0,228000
PETRONET30Jan20290CE.NFO,07/01/2020,10:46:05,1.45,1.35,3000,1.45,9000,0,228000
PETRONET30Jan20290CE.NFO,07/01/2020,10:46:32,1.45,1.35,6000,1.45,9000,0,228000
PETRONET30Jan20290CE.NFO,07/01/2020,10:49:08,1.45,1.35,3000,1.45,9000,0,228000
PETRONET30Jan20290CE.NFO,07/01/2020,10:50:51,1.45,1.3,3000,1.45,9000,0,228000
PETRONET30Jan20290CE.NFO,07/01/2020,10:51:00,1.45,1.3,3000,1.4,3000,0,228000
PETRONET30Jan20290CE.NFO,07/01/2020,10:51:11,1.45,1.3,3000,1.45,9000,0,228000
PETRONET30Jan20290CE.NFO,07/01/2020,10:53:33,1.45,1.3,3000,1.4,3000,0,228000
PETRONET30Jan20290CE.NFO,07/01/2020,10:54:15,1.45,1.3,3000,1.45,15000,0,228000
PETRONET30Jan20290CE.NFO,07/01/2020,10:55:03,1.45,1.3,3000,1.4,9000,0,228000
PETRONET30Jan20290CE.NFO,07/01/2020,10:55:08,1.3,1.2,3000,1.4,9000,3000,228000
PETRONET30Jan20290CE.NFO,07/01/2020,10:55:12,1.3,1.2,3000,1.4,9000,0,228000
PETRONET30Jan20290CE.NFO,07/01/2020,10:56:25,1.3,1.2,3000,1.4,12000,0,228000
PETRONET30Jan20290CE.NFO,07/01/2020,10:57:54,1.3,1.2,3000,1.3,3000,0,228000
PETRONET30Jan20290CE.NFO,07/01/2020,11:01:26,1.3,1.2,3000,1.3,12000,0,228000
PETRONET30Jan20290CE.NFO,07/01/2020,11:02:17,1.3,1.2,3000,1.25,9000,0,228000
PETRONET30Jan20290CE.NFO,07/01/2020,11:04:22,1.3,1.15,3000,1.25,9000,0,228000
PETRONET30Jan20290CE.NFO,07/01/2020,11:08:33,1.3,1.2,3000,1.25,9000,0,228000
PETRONET30Jan20290CE.NFO,07/01/2020,11:09:54,1.3,1.15,3000,1.25,9000,0,228000
PETRONET30Jan20290CE.NFO,07/01/2020,11:18:45,1.3,1.2,3000,1.25,9000,0,228000
PETRONET30Jan20290CE.NFO,07/01/2020,11:19:58,1.25,1.2,3000,1.3,3000,9000,228000
PETRONET30Jan20290CE.NFO,07/01/2020,11:20:13,1.3,1.2,3000,1.35,3000,3000,228000
PETRONET30Jan20290CE.NFO,07/01/2020,11:21:03,1.3,1.15,3000,1.3,3000,0,228000
PETRONET30Jan20290CE.NFO,07/01/2020,11:24:04,1.3,1.2,3000,1.3,3000,0,228000
PETRONET30Jan20290CE.NFO,07/01/2020,11:24:32,1.3,1.2,3000,1.35,3000,0,228000
PETRONET30Jan20290CE.NFO,07/01/2020,11:31:03,1.35,1.2,3000,1.4,3000,3000,237000
PETRONET30Jan20290CE.NFO,07/01/2020,11:31:34,1.35,1.2,3000,1.4,3000,0,237000
PETRONET30Jan20290CE.NFO,07/01/2020,11:32:25,1.35,1.2,3000,1.35,6000,0,237000
PETRONET30Jan20290CE.NFO,07/01/2020,11:32:30,1.35,1.15,6000,1.35,3000,0,237000
PETRONET30Jan20290CE.NFO,07/01/2020,11:32:40,1.35,1.2,3000,1.35,3000,0,237000
PETRONET30Jan20290CE.NFO,07/01/2020,11:33:24,1.35,1.15,6000,1.35,3000,0,237000
PETRONET30Jan20290CE.NFO,07/01/2020,11:34:08,1.35,1.2,3000,1.4,3000,0,237000
PETRONET30Jan20290CE.NFO,07/01/2020,11:37:03,1.35,1.25,3000,1.4,3000,0,237000
PETRONET30Jan20290CE.NFO,07/01/2020,11:39:48,1.35,1.25,3000,1.35,3000,0,237000
PETRONET30Jan20290CE.NFO,07/01/2020,11:48:07,1.35,1.2,3000,1.35,3000,0,237000
PETRONET30Jan20290CE.NFO,07/01/2020,11:54:39,1.35,1.2,6000,1.35,3000,0,237000
PETRONET30Jan20290CE.NFO,07/01/2020,11:58:16,1.35,1.2,9000,1.35,3000,0,237000
PETRONET30Jan20290CE.NFO,07/01/2020,11:58:23,1.35,1.2,6000,1.35,3000,0,237000
PETRONET30Jan20290CE.NFO,07/01/2020,11:58:27,1.35,1.2,9000,1.35,3000,0,237000
PETRONET30Jan20290CE.NFO,07/01/2020,12:04:13,1.35,1.3,3000,1.35,3000,0,237000
PETRONET30Jan20290CE.NFO,07/01/2020,12:04:53,1.35,1.2,9000,1.35,3000,0,237000
PETRONET30Jan20290CE.NFO,07/01/2020,12:05:47,1.35,1.3,3000,1.35,3000,0,237000
PETRONET30Jan20290CE.NFO,07/01/2020,12:06:33,1.35,1.3,3000,1.4,3000,3000,237000
PETRONET30Jan20290CE.NFO,07/01/2020,12:06:36,1.35,1.3,3000,1.4,3000,0,237000
PETRONET30Jan20290CE.NFO,07/01/2020,12:07:41,1.35,1.3,3000,1.35,3000,0,237000
PETRONET30Jan20290CE.NFO,07/01/2020,12:08:19,1.35,1.3,3000,1.4,3000,0,237000
PETRONET30Jan20290CE.NFO,07/01/2020,12:13:28,1.35,1.3,3000,1.35,3000,0,237000
PETRONET30Jan20290CE.NFO,07/01/2020,12:13:33,1.35,1.3,3000,1.4,3000,0,237000
PETRONET30Jan20290CE.NFO,07/01/2020,12:15:38,1.35,1.3,3000,1.35,3000,0,237000
PETRONET30Jan20290CE.NFO,07/01/2020,12:15:42,1.3,1.25,3000,1.35,3000,3000,237000
PETRONET30Jan20290CE.NFO,07/01/2020,12:15:45,1.3,1.25,3000,1.35,3000,0,237000
PETRONET30Jan20290CE.NFO,07/01/2020,12:16:06,1.3,1.25,3000,1.3,3000,0,237000
PETRONET30Jan20290CE.NFO,07/01/2020,12:16:14,1.3,1.25,3000,1.35,3000,0,237000
PETRONET30Jan20290CE.NFO,07/01/2020,12:36:50,1.3,1.2,3000,1.35,3000,0,237000
PETRONET30Jan20290CE.NFO,07/01/2020,12:45:26,1.3,1.15,3000,1.3,3000,0,237000
PETRONET30Jan20290CE.NFO,07/01/2020,12:45:46,1.3,1.15,3000,1.35,3000,0,237000
PETRONET30Jan20290CE.NFO,07/01/2020,12:45:51,1.3,1.2,3000,1.35,3000,0,237000
PETRONET30Jan20290CE.NFO,07/01/2020,12:52:19,1.3,1.15,3000,1.35,3000,0,237000
PETRONET30Jan20290CE.NFO,07/01/2020,12:54:47,1.3,1.2,3000,1.35,3000,0,237000
PETRONET30Jan20290CE.NFO,07/01/2020,12:54:50,1.3,1.15,3000,1.35,3000,0,237000
PETRONET30Jan20290CE.NFO,07/01/2020,12:55:35,1.3,1.2,3000,1.4,3000,0,237000
PETRONET30Jan20290CE.NFO,07/01/2020,12:56:06,1.3,1.15,3000,1.35,3000,0,237000
PETRONET30Jan20290CE.NFO,07/01/2020,12:58:17,1.3,1.2,3000,1.4,3000,0,237000
PETRONET30Jan20290CE.NFO,07/01/2020,12:58:56,1.4,1.2,3000,1.5,3000,3000,237000
PETRONET30Jan20290CE.NFO,07/01/2020,12:59:01,1.4,1.2,3000,1.5,3000,0,237000
PETRONET30Jan20290CE.NFO,07/01/2020,12:59:27,1.4,1.2,3000,1.45,3000,0,237000
PETRONET30Jan20290CE.NFO,07/01/2020,13:00:15,1.4,1.2,3000,1.4,3000,0,237000
PETRONET30Jan20290CE.NFO,07/01/2020,13:17:27,1.4,1.2,3000,1.35,3000,0,237000
PETRONET30Jan20290CE.NFO,07/01/2020,13:18:32,1.4,1.2,3000,1.4,3000,0,237000
PETRONET30Jan20290CE.NFO,07/01/2020,13:21:14,1.4,1.15,3000,1.35,3000,0,237000
PETRONET30Jan20290CE.NFO,07/01/2020,13:21:29,1.4,1.2,3000,1.35,3000,0,237000
PETRONET30Jan20290CE.NFO,07/01/2020,13:21:42,1.4,1.2,3000,1.4,3000,0,237000
PETRONET30Jan20290CE.NFO,07/01/2020,13:28:31,1.4,1.2,3000,1.35,3000,0,237000
PETRONET30Jan20290CE.NFO,07/01/2020,13:29:58,1.4,1.2,3000,1.4,3000,0,237000
PETRONET30Jan20290CE.NFO,07/01/2020,13:30:37,1.4,1.2,3000,1.35,3000,0,237000
PETRONET30Jan20290CE.NFO,07/01/2020,13:31:13,1.4,1.2,3000,1.4,3000,0,237000
PETRONET30Jan20290CE.NFO,07/01/2020,13:36:40,1.4,1.2,3000,1.35,3000,0,237000
PETRONET30Jan20290CE.NFO,07/01/2020,13:36:46,1.4,1.15,3000,1.3,3000,0,237000
PETRONET30Jan20290CE.NFO,07/01/2020,13:36:52,1.4,1.15,3000,1.35,3000,0,237000
PETRONET30Jan20290CE.NFO,07/01/2020,13:37:08,1.4,1.15,3000,1.4,3000,0,237000
PETRONET30Jan20290CE.NFO,07/01/2020,13:37:13,1.4,1.15,3000,1.35,3000,0,237000
PETRONET30Jan20290CE.NFO,07/01/2020,13:37:26,1.4,1.2,3000,1.35,3000,0,237000
PETRONET30Jan20290CE.NFO,07/01/2020,13:37:30,1.4,1.15,3000,1.35,3000,0,237000
PETRONET30Jan20290CE.NFO,07/01/2020,13:40:37,1.4,1.2,3000,1.35,3000,0,237000
PETRONET30Jan20290CE.NFO,07/01/2020,13:40:39,1.4,1.2,3000,1.4,3000,0,237000
PETRONET30Jan20290CE.NFO,07/01/2020,13:42:23,1.4,1.25,3000,1.4,3000,0,237000
PETRONET30Jan20290CE.NFO,07/01/2020,13:43:21,1.4,1.25,3000,1.45,3000,0,237000
PETRONET30Jan20290CE.NFO,07/01/2020,13:50:30,1.4,1.3,3000,1.45,3000,0,237000
PETRONET30Jan20290CE.NFO,07/01/2020,13:51:08,1.4,1.25,3000,1.45,3000,0,237000
PETRONET30Jan20290CE.NFO,07/01/2020,13:58:33,1.4,1.2,3000,1.45,3000,0,237000
PETRONET30Jan20290CE.NFO,07/01/2020,14:03:04,1.4,1.2,3000,1.4,3000,0,237000
PETRONET30Jan20290CE.NFO,07/01/2020,14:05:08,1.4,1.2,3000,1.45,3000,0,237000
PETRONET30Jan20290CE.NFO,07/01/2020,14:06:22,1.4,1.2,3000,1.4,3000,0,237000
PETRONET30Jan20290CE.NFO,07/01/2020,14:11:07,1.4,1.2,3000,1.35,3000,0,237000
PETRONET30Jan20290CE.NFO,07/01/2020,14:11:26,1.4,1.2,3000,1.4,3000,0,237000
PETRONET30Jan20290CE.NFO,07/01/2020,14:11:32,1.4,1.2,3000,1.35,3000,0,237000
PETRONET30Jan20290CE.NFO,07/01/2020,14:13:04,1.4,1.15,3000,1.35,3000,0,237000
PETRONET30Jan20290CE.NFO,07/01/2020,14:13:46,1.4,1.2,3000,1.35,3000,0,237000
PETRONET30Jan20290CE.NFO,07/01/2020,14:13:52,1.4,1.2,6000,1.35,3000,0,237000
PETRONET30Jan20290CE.NFO,07/01/2020,14:13:56,1.4,1.2,6000,1.4,3000,0,237000
PETRONET30Jan20290CE.NFO,07/01/2020,14:16:45,1.4,1.25,3000,1.4,3000,0,237000
PETRONET30Jan20290CE.NFO,07/01/2020,14:19:12,1.4,1.2,3000,1.35,3000,0,237000
PETRONET30Jan20290CE.NFO,07/01/2020,14:19:31,1.4,1.2,3000,1.4,3000,0,237000
PETRONET30Jan20290CE.NFO,07/01/2020,14:23:27,1.4,1.2,3000,1.35,3000,0,237000
PETRONET30Jan20290CE.NFO,07/01/2020,14:24:13,1.4,1.15,3000,1.35,3000,0,237000
PETRONET30Jan20290CE.NFO,07/01/2020,14:25:40,1.4,1.2,3000,1.35,3000,0,237000
PETRONET30Jan20290CE.NFO,07/01/2020,14:27:12,1.4,1.2,3000,1.4,3000,0,237000
PETRONET30Jan20290CE.NFO,07/01/2020,14:28:40,1.4,1.2,3000,1.4,3000,0,240000
PETRONET30Jan20290CE.NFO,07/01/2020,14:29:29,1.4,1.25,3000,1.4,3000,0,240000
PETRONET30Jan20290CE.NFO,07/01/2020,14:29:52,1.4,1.3,3000,1.4,3000,0,240000
PETRONET30Jan20290CE.NFO,07/01/2020,14:31:44,1.4,1.25,3000,1.4,3000,0,240000
PETRONET30Jan20290CE.NFO,07/01/2020,14:36:25,1.4,1.2,3000,1.4,3000,0,240000
PETRONET30Jan20290CE.NFO,07/01/2020,14:36:31,1.4,1.25,3000,1.4,3000,0,240000
PETRONET30Jan20290CE.NFO,07/01/2020,14:41:33,1.4,1.2,3000,1.4,3000,0,240000
PETRONET30Jan20290CE.NFO,07/01/2020,14:44:40,1.4,1.2,3000,1.35,3000,0,240000
PETRONET30Jan20290CE.NFO,07/01/2020,14:45:05,1.4,1.2,3000,1.35,12000,0,240000
PETRONET30Jan20290CE.NFO,07/01/2020,14:45:12,1.4,1.15,3000,1.35,12000,0,240000
PETRONET30Jan20290CE.NFO,07/01/2020,14:48:58,1.4,1.2,3000,1.35,12000,0,240000
PETRONET30Jan20290CE.NFO,07/01/2020,14:49:17,1.4,1.2,3000,1.35,15000,0,240000
PETRONET30Jan20290CE.NFO,07/01/2020,14:49:47,1.4,1.2,3000,1.3,3000,0,240000
PETRONET30Jan20290CE.NFO,07/01/2020,14:50:13,1.4,1.2,3000,1.35,12000,0,240000
PETRONET30Jan20290CE.NFO,07/01/2020,14:50:24,1.4,1.2,3000,1.35,9000,0,240000
PETRONET30Jan20290CE.NFO,07/01/2020,14:50:32,1.4,1.2,3000,1.35,12000,0,240000
PETRONET30Jan20290CE.NFO,07/01/2020,14:50:58,1.4,1.15,3000,1.35,9000,0,240000
PETRONET30Jan20290CE.NFO,07/01/2020,14:51:05,1.4,1.15,3000,1.35,12000,0,240000
PETRONET30Jan20290CE.NFO,07/01/2020,14:53:02,1.4,1.2,3000,1.35,12000,0,240000
PETRONET30Jan20290CE.NFO,07/01/2020,14:57:21,1.4,1.2,3000,1.35,9000,0,240000
PETRONET30Jan20290CE.NFO,07/01/2020,15:00:47,1.4,1.2,3000,1.35,12000,0,240000
PETRONET30Jan20290CE.NFO,07/01/2020,15:01:13,1.4,1.2,3000,1.35,9000,0,240000
PETRONET30Jan20290CE.NFO,07/01/2020,15:01:57,1.4,1.2,3000,1.35,12000,0,240000
PETRONET30Jan20290CE.NFO,07/01/2020,15:02:38,1.4,1.2,3000,1.35,9000,0,240000
PETRONET30Jan20290CE.NFO,07/01/2020,15:04:11,1.4,1.2,3000,1.3,3000,0,240000
PETRONET30Jan20290CE.NFO,07/01/2020,15:08:19,1.4,1.15,6000,1.3,3000,0,240000
PETRONET30Jan20290CE.NFO,07/01/2020,15:09:39,1.4,1.15,6000,1.25,3000,0,240000
PETRONET30Jan20290CE.NFO,07/01/2020,15:10:51,1.25,1.15,6000,1.3,3000,3000,240000
PETRONET30Jan20290CE.NFO,07/01/2020,15:10:56,1.25,1.15,6000,1.3,3000,0,240000
PETRONET30Jan20290CE.NFO,07/01/2020,15:12:05,1.25,1.25,3000,1.35,9000,0,240000
PETRONET30Jan20290CE.NFO,07/01/2020,15:12:28,1.25,1.25,3000,1.35,12000,0,240000
PETRONET30Jan20290CE.NFO,07/01/2020,15:12:56,1.35,1.2,3000,1.35,9000,3000,243000
PETRONET30Jan20290CE.NFO,07/01/2020,15:13:00,1.35,1.2,3000,1.35,9000,0,243000
PETRONET30Jan20290CE.NFO,07/01/2020,15:13:54,1.35,1.2,3000,1.35,6000,0,243000
PETRONET30Jan20290CE.NFO,07/01/2020,15:15:01,1.35,1.2,3000,1.3,3000,0,243000
PETRONET30Jan20290CE.NFO,07/01/2020,15:15:26,1.35,1.2,3000,1.35,9000,0,243000
PETRONET30Jan20290CE.NFO,07/01/2020,15:15:40,1.35,1.2,3000,1.35,6000,0,243000
PETRONET30Jan20290CE.NFO,07/01/2020,15:20:17,1.35,1.15,3000,1.3,3000,0,243000
PETRONET30Jan20290CE.NFO,07/01/2020,15:21:01,1.35,1.15,6000,1.3,3000,0,243000
PETRONET30Jan20290CE.NFO,07/01/2020,15:21:44,1.35,1.15,18000,1.3,3000,0,243000
PETRONET30Jan20290CE.NFO,07/01/2020,15:22:28,1.35,1.2,3000,1.3,3000,0,243000
PETRONET30Jan20290CE.NFO,07/01/2020,15:22:34,1.35,1.2,3000,1.35,6000,0,243000
PETRONET30Jan20290CE.NFO,07/01/2020,15:22:41,1.35,1.2,3000,1.3,3000,0,243000
PETRONET30Jan20290CE.NFO,07/01/2020,15:23:06,1.35,1.2,3000,1.35,6000,0,243000
PETRONET30Jan20290CE.NFO,07/01/2020,15:23:21,1.35,1.2,3000,1.35,9000,0,243000
PETRONET30Jan20290CE.NFO,07/01/2020,15:23:28,1.35,1.2,3000,1.3,3000,0,243000
PETRONET30Jan20290CE.NFO,07/01/2020,15:23:36,1.35,1.2,3000,1.35,9000,0,243000
PETRONET30Jan20290CE.NFO,07/01/2020,15:23:49,1.35,1.2,3000,1.3,3000,0,243000
PETRONET30Jan20290CE.NFO,07/01/2020,15:24:07,1.3,1.2,3000,1.35,6000,3000,246000
PETRONET30Jan20290CE.NFO,07/01/2020,15:24:24,1.3,1.2,3000,1.35,6000,0,246000
PETRONET30Jan20290CE.NFO,07/01/2020,15:28:41,1.3,1.2,3000,1.35,6000,0,243000
PETRONET30Jan20290CE.NFO,07/01/2020,15:28:59,1.35,1.25,3000,1.4,3000,6000,243000
PETRONET30Jan20290CE.NFO,07/01/2020,15:29:05,1.35,1.2,3000,1.35,3000,0,243000
PETRONET30Jan20290CE.NFO,07/01/2020,15:29:21,1.35,1.2,3000,1.4,3000,3000,243000
PETRONET30Jan20290CE.NFO,07/01/2020,15:29:41,1.35,1.2,3000,1.4,3000,0,243000
