Ticker,Date,Time,LTP,BuyPrice,BuyQty,SellPrice,SellQty,LTQ,OpenInterest
PFC30Jan20112.5PE.NFO,07/01/2020,09:18:23,2.25,2.1,18600,2.35,6200,6200,285200
PFC30Jan20112.5PE.NFO,07/01/2020,09:18:23,2.25,2.1,18600,2.35,6200,0,285200
PFC30Jan20112.5PE.NFO,07/01/2020,09:18:23,2.25,2.1,18600,2.35,6200,0,285200
PFC30Jan20112.5PE.NFO,07/01/2020,09:18:23,2.25,2.1,18600,2.35,6200,0,285200
PFC30Jan20112.5PE.NFO,07/01/2020,09:18:32,2.25,2.1,18600,2.35,6200,0,285200
PFC30Jan20112.5PE.NFO,07/01/2020,09:18:50,2.25,2.2,6200,2.4,12400,0,285200
PFC30Jan20112.5PE.NFO,07/01/2020,09:18:59,2.25,2.25,6200,2.45,6200,0,285200
PFC30Jan20112.5PE.NFO,07/01/2020,09:19:08,2.25,2.3,6200,2.45,6200,0,285200
PFC30Jan20112.5PE.NFO,07/01/2020,09:19:17,2.25,2.25,6200,2.45,12400,0,285200
PFC30Jan20112.5PE.NFO,07/01/2020,09:19:25,2.25,2.25,6200,2.4,12400,0,285200
PFC30Jan20112.5PE.NFO,07/01/2020,09:19:34,2.25,2.1,18600,2.3,6200,0,285200
PFC30Jan20112.5PE.NFO,07/01/2020,09:19:42,2.25,2.15,24800,2.35,12400,0,285200
PFC30Jan20112.5PE.NFO,07/01/2020,09:19:50,2.25,2.15,12400,2.35,12400,0,285200
PFC30Jan20112.5PE.NFO,07/01/2020,09:20:06,2.25,2.15,12400,2.35,24800,0,285200
PFC30Jan20112.5PE.NFO,07/01/2020,09:20:14,2.25,2.15,6200,2.25,6200,0,285200
PFC30Jan20112.5PE.NFO,07/01/2020,09:20:21,2.25,2.15,12400,2.3,6200,0,285200
PFC30Jan20112.5PE.NFO,07/01/2020,09:20:29,2.25,2.1,12400,2.3,12400,0,285200
PFC30Jan20112.5PE.NFO,07/01/2020,09:20:36,2.25,2.1,18600,2.25,12400,0,285200
PFC30Jan20112.5PE.NFO,07/01/2020,09:20:44,2.25,2.1,12400,2.25,12400,0,285200
PFC30Jan20112.5PE.NFO,07/01/2020,09:21:08,2.25,2,18600,2.2,12400,0,285200
PFC30Jan20112.5PE.NFO,07/01/2020,09:21:23,2.25,2,18600,2.2,18600,0,285200
PFC30Jan20112.5PE.NFO,07/01/2020,09:21:47,2.25,2.05,12400,2.2,24800,0,285200
PFC30Jan20112.5PE.NFO,07/01/2020,09:21:55,2.25,2.05,6200,2.15,6200,0,285200
PFC30Jan20112.5PE.NFO,07/01/2020,09:22:02,2.15,2.05,12400,2.15,6200,6200,279000
PFC30Jan20112.5PE.NFO,07/01/2020,09:22:02,2.15,2.05,12400,2.15,6200,0,279000
PFC30Jan20112.5PE.NFO,07/01/2020,09:22:19,2.15,2,43400,2.15,6200,0,279000
PFC30Jan20112.5PE.NFO,07/01/2020,09:22:27,2.15,2.05,12400,2.15,18600,0,279000
PFC30Jan20112.5PE.NFO,07/01/2020,09:22:34,2.15,2.05,18600,2.2,6200,0,279000
PFC30Jan20112.5PE.NFO,07/01/2020,09:22:41,2.15,2.1,6200,2.2,24800,0,279000
PFC30Jan20112.5PE.NFO,07/01/2020,09:22:48,2.15,2.05,6200,2.15,6200,0,279000
PFC30Jan20112.5PE.NFO,07/01/2020,09:22:55,2.15,2,12400,2.1,6200,0,279000
PFC30Jan20112.5PE.NFO,07/01/2020,09:23:02,2,1.9,12400,2.05,12400,6200,279000
PFC30Jan20112.5PE.NFO,07/01/2020,09:23:02,2,1.9,12400,2.05,12400,0,279000
PFC30Jan20112.5PE.NFO,07/01/2020,09:23:10,2,1.95,6200,2.05,12400,0,279000
PFC30Jan20112.5PE.NFO,07/01/2020,09:23:17,2,1.95,18600,2.1,31000,0,279000
PFC30Jan20112.5PE.NFO,07/01/2020,09:23:24,2,1.95,12400,2.1,31000,0,279000
PFC30Jan20112.5PE.NFO,07/01/2020,09:23:43,2,1.95,12400,2.1,37200,0,279000
PFC30Jan20112.5PE.NFO,07/01/2020,09:23:49,2,2,6200,2.15,43400,0,279000
PFC30Jan20112.5PE.NFO,07/01/2020,09:23:56,2,2,18600,2.1,6200,0,279000
PFC30Jan20112.5PE.NFO,07/01/2020,09:24:10,2,2,12400,2.1,6200,0,279000
PFC30Jan20112.5PE.NFO,07/01/2020,09:24:24,2,2,18600,2.15,43400,0,279000
PFC30Jan20112.5PE.NFO,07/01/2020,09:24:30,2,2,12400,2.1,31000,0,279000
PFC30Jan20112.5PE.NFO,07/01/2020,09:24:37,2,1.85,18600,1.95,6200,12400,285200
PFC30Jan20112.5PE.NFO,07/01/2020,09:25:10,2,1.85,6200,1.95,24800,0,285200
PFC30Jan20112.5PE.NFO,07/01/2020,09:25:24,2,1.85,6200,1.95,18600,0,285200
PFC30Jan20112.5PE.NFO,07/01/2020,09:25:38,2,1.85,6200,1.9,18600,0,285200
PFC30Jan20112.5PE.NFO,07/01/2020,09:26:01,2,1.75,12400,1.85,12400,0,285200
PFC30Jan20112.5PE.NFO,07/01/2020,09:26:09,2,1.75,6200,1.85,24800,0,285200
PFC30Jan20112.5PE.NFO,07/01/2020,09:26:17,2,1.75,6200,1.85,31000,0,285200
PFC30Jan20112.5PE.NFO,07/01/2020,09:26:30,2,1.7,6200,1.8,18600,0,285200
PFC30Jan20112.5PE.NFO,07/01/2020,09:26:55,2,1.7,6200,1.75,18600,0,285200
PFC30Jan20112.5PE.NFO,07/01/2020,09:27:06,2,1.65,12400,1.75,18600,0,285200
PFC30Jan20112.5PE.NFO,07/01/2020,09:27:17,2,1.65,31000,1.8,24800,0,285200
PFC30Jan20112.5PE.NFO,07/01/2020,09:27:24,2,1.65,31000,1.75,18600,0,285200
PFC30Jan20112.5PE.NFO,07/01/2020,09:27:30,2,1.65,31000,1.75,12400,0,285200
PFC30Jan20112.5PE.NFO,07/01/2020,09:27:36,2,1.7,18600,1.8,18600,0,285200
PFC30Jan20112.5PE.NFO,07/01/2020,09:27:56,2,1.7,6200,1.8,18600,0,285200
PFC30Jan20112.5PE.NFO,07/01/2020,09:28:11,1.8,1.75,6200,1.85,31000,6200,279000
PFC30Jan20112.5PE.NFO,07/01/2020,09:28:11,1.8,1.75,6200,1.85,31000,0,279000
PFC30Jan20112.5PE.NFO,07/01/2020,09:28:18,1.8,1.7,31000,1.8,6200,0,279000
PFC30Jan20112.5PE.NFO,07/01/2020,09:28:24,1.8,1.7,31000,1.8,18600,0,279000
PFC30Jan20112.5PE.NFO,07/01/2020,09:28:31,1.8,1.7,24800,1.8,18600,0,279000
PFC30Jan20112.5PE.NFO,07/01/2020,09:28:37,1.8,1.75,6200,1.85,31000,0,279000
PFC30Jan20112.5PE.NFO,07/01/2020,09:28:42,1.8,1.75,18600,1.85,24800,0,279000
PFC30Jan20112.5PE.NFO,07/01/2020,09:28:48,1.75,1.65,31000,1.75,6200,12400,279000
PFC30Jan20112.5PE.NFO,07/01/2020,09:28:48,1.75,1.65,31000,1.75,6200,0,279000
PFC30Jan20112.5PE.NFO,07/01/2020,09:28:54,1.75,1.65,31000,1.75,6200,0,279000
PFC30Jan20112.5PE.NFO,07/01/2020,09:28:59,1.75,1.7,18600,1.8,24800,0,279000
PFC30Jan20112.5PE.NFO,07/01/2020,09:29:06,1.75,1.65,31000,1.75,12400,0,279000
PFC30Jan20112.5PE.NFO,07/01/2020,09:29:12,1.75,1.65,24800,1.75,24800,0,279000
PFC30Jan20112.5PE.NFO,07/01/2020,09:29:30,1.75,1.75,12400,1.85,31000,12400,285200
PFC30Jan20112.5PE.NFO,07/01/2020,09:29:37,1.75,1.75,12400,1.85,24800,0,285200
PFC30Jan20112.5PE.NFO,07/01/2020,09:29:59,1.75,1.8,12400,1.9,31000,0,285200
PFC30Jan20112.5PE.NFO,07/01/2020,09:30:04,1.75,1.75,24800,1.85,37200,0,285200
PFC30Jan20112.5PE.NFO,07/01/2020,09:30:11,1.85,1.75,31000,1.9,37200,12400,285200
PFC30Jan20112.5PE.NFO,07/01/2020,09:30:16,1.85,1.8,6200,1.9,37200,0,285200
PFC30Jan20112.5PE.NFO,07/01/2020,09:30:22,1.85,1.75,24800,1.85,18600,0,285200
PFC30Jan20112.5PE.NFO,07/01/2020,09:30:28,1.85,1.8,6200,1.9,24800,6200,285200
PFC30Jan20112.5PE.NFO,07/01/2020,09:30:33,1.85,1.8,12400,1.9,18600,0,285200
PFC30Jan20112.5PE.NFO,07/01/2020,09:30:38,1.85,1.75,24800,1.9,18600,0,285200
PFC30Jan20112.5PE.NFO,07/01/2020,09:30:50,1.85,1.8,12400,1.9,12400,0,285200
PFC30Jan20112.5PE.NFO,07/01/2020,09:30:59,1.85,1.8,31000,1.95,12400,0,285200
PFC30Jan20112.5PE.NFO,07/01/2020,09:31:04,1.85,1.8,18600,1.95,18600,0,285200
PFC30Jan20112.5PE.NFO,07/01/2020,09:31:16,1.85,1.8,31000,1.95,12400,0,285200
PFC30Jan20112.5PE.NFO,07/01/2020,09:31:22,1.85,1.8,31000,1.95,18600,0,285200
PFC30Jan20112.5PE.NFO,07/01/2020,09:31:34,1.85,1.8,31000,1.95,12400,0,285200
PFC30Jan20112.5PE.NFO,07/01/2020,09:31:45,1.85,1.8,31000,1.95,18600,0,285200
PFC30Jan20112.5PE.NFO,07/01/2020,09:31:50,1.95,1.9,6200,2,12400,12400,285200
PFC30Jan20112.5PE.NFO,07/01/2020,09:31:56,1.95,1.9,18600,2.05,18600,0,285200
PFC30Jan20112.5PE.NFO,07/01/2020,09:32:02,1.95,1.9,18600,2.05,12400,0,285200
PFC30Jan20112.5PE.NFO,07/01/2020,09:32:09,1.95,1.9,24800,2.05,18600,0,285200
PFC30Jan20112.5PE.NFO,07/01/2020,09:32:16,1.95,1.9,31000,2.05,18600,0,285200
PFC30Jan20112.5PE.NFO,07/01/2020,09:32:22,1.95,1.9,24800,2.05,18600,6200,297600
PFC30Jan20112.5PE.NFO,07/01/2020,09:32:29,1.9,1.85,18600,2,24800,6200,297600
PFC30Jan20112.5PE.NFO,07/01/2020,09:32:35,1.9,1.85,18600,2,18600,0,297600
PFC30Jan20112.5PE.NFO,07/01/2020,09:32:42,1.9,1.8,31000,1.95,18600,0,297600
PFC30Jan20112.5PE.NFO,07/01/2020,09:32:54,1.9,1.8,31000,1.95,12400,0,297600
PFC30Jan20112.5PE.NFO,07/01/2020,09:33:00,1.9,1.85,6200,1.95,12400,0,297600
PFC30Jan20112.5PE.NFO,07/01/2020,09:33:05,1.9,1.85,24800,1.95,12400,0,297600
PFC30Jan20112.5PE.NFO,07/01/2020,09:33:12,1.9,1.85,24800,1.95,18600,0,297600
PFC30Jan20112.5PE.NFO,07/01/2020,09:33:18,1.9,1.85,31000,2,12400,0,297600
PFC30Jan20112.5PE.NFO,07/01/2020,09:33:31,1.9,1.85,31000,2,12400,6200,297600
PFC30Jan20112.5PE.NFO,07/01/2020,09:33:36,1.9,1.85,31000,2,12400,0,297600
PFC30Jan20112.5PE.NFO,07/01/2020,09:33:58,1.9,1.9,18600,2,12400,0,297600
PFC30Jan20112.5PE.NFO,07/01/2020,09:34:08,1.9,1.9,12400,2,12400,0,297600
PFC30Jan20112.5PE.NFO,07/01/2020,09:34:14,1.9,1.9,18600,2,12400,0,297600
PFC30Jan20112.5PE.NFO,07/01/2020,09:34:32,1.9,1.95,18600,2.05,12400,0,297600
PFC30Jan20112.5PE.NFO,07/01/2020,09:34:39,1.9,2,12400,2.1,12400,0,297600
PFC30Jan20112.5PE.NFO,07/01/2020,09:34:45,2,2,18600,2.1,12400,6200,297600
PFC30Jan20112.5PE.NFO,07/01/2020,09:34:51,2,2,18600,2.15,18600,0,297600
PFC30Jan20112.5PE.NFO,07/01/2020,09:35:42,2,2.05,18600,2.15,12400,0,297600
PFC30Jan20112.5PE.NFO,07/01/2020,09:35:50,2,2.05,18600,2.2,18600,0,297600
PFC30Jan20112.5PE.NFO,07/01/2020,09:35:58,2,2.05,18600,2.15,12400,0,297600
PFC30Jan20112.5PE.NFO,07/01/2020,09:36:11,2,2.05,18600,2.15,6200,0,297600
PFC30Jan20112.5PE.NFO,07/01/2020,09:36:23,2.1,2.05,18600,2.15,12400,6200,285200
PFC30Jan20112.5PE.NFO,07/01/2020,09:36:34,2.1,2.05,12400,2.15,12400,0,285200
PFC30Jan20112.5PE.NFO,07/01/2020,09:36:40,2.1,2.05,18600,2.15,12400,0,285200
PFC30Jan20112.5PE.NFO,07/01/2020,09:37:01,2.1,2,24800,2.15,12400,0,285200
PFC30Jan20112.5PE.NFO,07/01/2020,09:37:07,2.1,2.05,12400,2.15,12400,0,285200
PFC30Jan20112.5PE.NFO,07/01/2020,09:37:12,2.1,2.05,18600,2.15,12400,0,285200
PFC30Jan20112.5PE.NFO,07/01/2020,09:37:43,2.1,2.05,31000,2.15,12400,0,285200
PFC30Jan20112.5PE.NFO,07/01/2020,09:37:48,2.1,2.05,31000,2.15,24800,0,285200
PFC30Jan20112.5PE.NFO,07/01/2020,09:38:46,2.1,2.05,24800,2.15,24800,0,285200
PFC30Jan20112.5PE.NFO,07/01/2020,09:38:51,2.1,2.05,31000,2.15,24800,0,285200
PFC30Jan20112.5PE.NFO,07/01/2020,09:39:43,2.1,2.05,24800,2.15,24800,0,285200
PFC30Jan20112.5PE.NFO,07/01/2020,09:39:49,2.1,2.1,6200,2.15,18600,0,285200
PFC30Jan20112.5PE.NFO,07/01/2020,09:39:54,2.1,2.05,31000,2.15,24800,0,285200
PFC30Jan20112.5PE.NFO,07/01/2020,09:40:11,2.1,2.05,31000,2.15,18600,0,285200
PFC30Jan20112.5PE.NFO,07/01/2020,09:40:23,2.1,2.05,31000,2.15,12400,0,285200
PFC30Jan20112.5PE.NFO,07/01/2020,09:40:28,2.1,2.05,24800,2.15,12400,0,285200
PFC30Jan20112.5PE.NFO,07/01/2020,09:40:40,2.1,2.05,31000,2.15,12400,0,285200
PFC30Jan20112.5PE.NFO,07/01/2020,09:40:51,2.1,2.05,31000,2.15,18600,0,285200
PFC30Jan20112.5PE.NFO,07/01/2020,09:40:56,2.1,2,31000,2.15,24800,0,285200
PFC30Jan20112.5PE.NFO,07/01/2020,09:41:13,2.1,2,31000,2.1,12400,0,285200
PFC30Jan20112.5PE.NFO,07/01/2020,09:41:38,2.1,2,31000,2.1,18600,0,285200
PFC30Jan20112.5PE.NFO,07/01/2020,09:42:02,2.1,2.05,24800,2.15,24800,0,285200
PFC30Jan20112.5PE.NFO,07/01/2020,09:42:23,2.1,2.05,31000,2.15,6200,0,285200
PFC30Jan20112.5PE.NFO,07/01/2020,09:42:29,2.1,2.1,6200,2.2,31000,0,285200
PFC30Jan20112.5PE.NFO,07/01/2020,09:42:36,2.1,2.1,12400,2.2,31000,0,285200
PFC30Jan20112.5PE.NFO,07/01/2020,09:42:51,2.1,2.05,31000,2.2,37200,0,285200
PFC30Jan20112.5PE.NFO,07/01/2020,09:42:57,2.1,2.1,24800,2.2,24800,0,285200
PFC30Jan20112.5PE.NFO,07/01/2020,09:43:03,2.1,2.1,24800,2.2,18600,0,285200
PFC30Jan20112.5PE.NFO,07/01/2020,09:43:13,2.1,2.1,12400,2.2,24800,0,285200
PFC30Jan20112.5PE.NFO,07/01/2020,09:43:23,2.1,2.1,43400,2.2,18600,0,285200
PFC30Jan20112.5PE.NFO,07/01/2020,09:43:29,2.2,2.15,31000,2.25,6200,6200,285200
PFC30Jan20112.5PE.NFO,07/01/2020,09:43:34,2.2,2.15,31000,2.25,6200,0,285200
PFC30Jan20112.5PE.NFO,07/01/2020,09:43:39,2.2,2.05,31000,2.2,18600,0,285200
PFC30Jan20112.5PE.NFO,07/01/2020,09:44:12,2.2,2.05,24800,2.15,12400,0,285200
PFC30Jan20112.5PE.NFO,07/01/2020,09:44:24,2.2,2,31000,2.15,12400,0,285200
PFC30Jan20112.5PE.NFO,07/01/2020,09:44:43,2.2,2,37200,2.15,12400,0,285200
PFC30Jan20112.5PE.NFO,07/01/2020,09:44:48,2.2,2.05,6200,2.15,12400,0,285200
PFC30Jan20112.5PE.NFO,07/01/2020,09:44:58,2.2,2.05,12400,2.15,12400,0,285200
PFC30Jan20112.5PE.NFO,07/01/2020,09:45:10,2.2,2,18600,2.1,12400,0,285200
PFC30Jan20112.5PE.NFO,07/01/2020,09:45:36,2.2,1.95,31000,2.05,6200,0,285200
PFC30Jan20112.5PE.NFO,07/01/2020,09:45:47,2.2,1.95,31000,2.05,12400,0,285200
PFC30Jan20112.5PE.NFO,07/01/2020,09:45:58,2.05,2,37200,2.1,12400,6200,285200
PFC30Jan20112.5PE.NFO,07/01/2020,09:46:03,2.05,2,37200,2.1,12400,0,285200
PFC30Jan20112.5PE.NFO,07/01/2020,09:46:14,2.05,2,24800,2.1,12400,0,285200
PFC30Jan20112.5PE.NFO,07/01/2020,09:46:30,2.05,2.05,18600,2.15,12400,0,285200
PFC30Jan20112.5PE.NFO,07/01/2020,09:46:36,2.05,2,18600,2.1,12400,0,285200
PFC30Jan20112.5PE.NFO,07/01/2020,09:46:48,2.05,2.05,18600,2.15,6200,0,285200
PFC30Jan20112.5PE.NFO,07/01/2020,09:46:58,2.05,2.05,37200,2.2,6200,0,285200
PFC30Jan20112.5PE.NFO,07/01/2020,09:47:13,2.05,2.1,18600,2.2,12400,0,285200
PFC30Jan20112.5PE.NFO,07/01/2020,09:47:18,2.05,2.05,37200,2.2,12400,0,285200
PFC30Jan20112.5PE.NFO,07/01/2020,09:47:32,2.05,2.05,37200,2.15,6200,0,285200
PFC30Jan20112.5PE.NFO,07/01/2020,09:48:04,2.05,2.05,37200,2.15,12400,0,285200
PFC30Jan20112.5PE.NFO,07/01/2020,09:48:09,2.05,2.05,37200,2.15,6200,0,285200
PFC30Jan20112.5PE.NFO,07/01/2020,09:48:13,2.05,2.05,37200,2.2,24800,0,285200
PFC30Jan20112.5PE.NFO,07/01/2020,09:48:29,2.05,2.05,31000,2.2,24800,0,285200
PFC30Jan20112.5PE.NFO,07/01/2020,09:48:34,2.05,2.05,31000,2.15,12400,0,285200
PFC30Jan20112.5PE.NFO,07/01/2020,09:48:40,2.05,2.05,37200,2.15,12400,0,285200
PFC30Jan20112.5PE.NFO,07/01/2020,09:48:47,2.05,2.05,37200,2.2,18600,0,285200
PFC30Jan20112.5PE.NFO,07/01/2020,09:49:27,2.05,2.1,24800,2.2,18600,0,285200
PFC30Jan20112.5PE.NFO,07/01/2020,09:49:44,2.05,2.1,24800,2.2,12400,0,285200
PFC30Jan20112.5PE.NFO,07/01/2020,09:49:55,2.05,2.1,18600,2.2,12400,0,285200
PFC30Jan20112.5PE.NFO,07/01/2020,09:50:20,2.05,2.1,37200,2.25,12400,0,285200
PFC30Jan20112.5PE.NFO,07/01/2020,09:52:07,2.25,2.25,18600,2.35,12400,6200,285200
PFC30Jan20112.5PE.NFO,07/01/2020,09:52:12,2.25,2.25,18600,2.35,12400,0,285200
PFC30Jan20112.5PE.NFO,07/01/2020,09:52:17,2.25,2.25,6200,2.35,12400,0,285200
PFC30Jan20112.5PE.NFO,07/01/2020,09:52:42,2.25,2.25,24800,2.35,6200,0,285200
PFC30Jan20112.5PE.NFO,07/01/2020,09:52:51,2.25,2.25,24800,2.35,12400,0,285200
PFC30Jan20112.5PE.NFO,07/01/2020,09:53:07,2.25,2.3,24800,2.4,6200,0,285200
PFC30Jan20112.5PE.NFO,07/01/2020,09:53:13,2.25,2.3,24800,2.4,18600,0,285200
PFC30Jan20112.5PE.NFO,07/01/2020,09:53:19,2.25,2.3,24800,2.4,12400,0,285200
PFC30Jan20112.5PE.NFO,07/01/2020,09:53:24,2.25,2.3,18600,2.4,6200,0,285200
PFC30Jan20112.5PE.NFO,07/01/2020,09:53:29,2.25,2.3,24800,2.4,6200,0,285200
PFC30Jan20112.5PE.NFO,07/01/2020,09:53:33,2.25,2.4,6200,2.5,12400,0,285200
PFC30Jan20112.5PE.NFO,07/01/2020,09:53:38,2.25,2.4,24800,2.5,6200,0,285200
PFC30Jan20112.5PE.NFO,07/01/2020,09:53:48,2.25,2.35,24800,2.5,18600,0,285200
PFC30Jan20112.5PE.NFO,07/01/2020,09:53:59,2.25,2.35,24800,2.5,12400,0,285200
PFC30Jan20112.5PE.NFO,07/01/2020,09:54:04,2.25,2.35,6200,2.45,18600,0,285200
PFC30Jan20112.5PE.NFO,07/01/2020,09:54:31,2.25,2.35,12400,2.45,18600,0,285200
PFC30Jan20112.5PE.NFO,07/01/2020,09:54:40,2.25,2.35,24800,2.45,12400,0,285200
PFC30Jan20112.5PE.NFO,07/01/2020,09:54:45,2.25,2.35,31000,2.45,12400,0,285200
PFC30Jan20112.5PE.NFO,07/01/2020,09:54:55,2.25,2.35,31000,2.5,12400,0,285200
PFC30Jan20112.5PE.NFO,07/01/2020,09:55:06,2.25,2.35,31000,2.45,12400,0,285200
PFC30Jan20112.5PE.NFO,07/01/2020,09:55:17,2.25,2.35,18600,2.45,18600,0,285200
PFC30Jan20112.5PE.NFO,07/01/2020,09:55:28,2.25,2.35,24800,2.45,24800,0,285200
PFC30Jan20112.5PE.NFO,07/01/2020,09:55:39,2.25,2.35,24800,2.45,12400,0,285200
PFC30Jan20112.5PE.NFO,07/01/2020,09:55:48,2.25,2.35,24800,2.45,24800,0,285200
PFC30Jan20112.5PE.NFO,07/01/2020,09:55:51,2.25,2.35,24800,2.45,18600,0,285200
PFC30Jan20112.5PE.NFO,07/01/2020,09:56:12,2.25,2.4,31000,2.5,18600,0,285200
PFC30Jan20112.5PE.NFO,07/01/2020,09:56:20,2.25,2.4,31000,2.5,24800,0,285200
PFC30Jan20112.5PE.NFO,07/01/2020,09:56:32,2.25,2.4,31000,2.5,31000,0,285200
PFC30Jan20112.5PE.NFO,07/01/2020,09:56:38,2.25,2.4,12400,2.5,37200,0,285200
PFC30Jan20112.5PE.NFO,07/01/2020,09:56:42,2.25,2.4,24800,2.5,31000,0,285200
PFC30Jan20112.5PE.NFO,07/01/2020,09:57:04,2.25,2.35,24800,2.5,37200,0,285200
PFC30Jan20112.5PE.NFO,07/01/2020,09:57:09,2.25,2.35,24800,2.45,6200,0,285200
PFC30Jan20112.5PE.NFO,07/01/2020,09:57:14,2.25,2.35,24800,2.45,18600,0,285200
PFC30Jan20112.5PE.NFO,07/01/2020,09:57:26,2.25,2.35,24800,2.45,24800,0,285200
PFC30Jan20112.5PE.NFO,07/01/2020,09:57:36,2.25,2.3,24800,2.4,12400,0,285200
PFC30Jan20112.5PE.NFO,07/01/2020,09:57:49,2.25,2.3,37200,2.4,12400,0,285200
PFC30Jan20112.5PE.NFO,07/01/2020,09:57:53,2.25,2.3,31000,2.4,12400,0,285200
PFC30Jan20112.5PE.NFO,07/01/2020,09:57:57,2.25,2.35,12400,2.45,31000,0,285200
PFC30Jan20112.5PE.NFO,07/01/2020,09:58:02,2.25,2.3,31000,2.4,12400,0,285200
PFC30Jan20112.5PE.NFO,07/01/2020,09:58:08,2.25,2.35,6200,2.4,12400,0,285200
PFC30Jan20112.5PE.NFO,07/01/2020,09:58:19,2.25,2.35,24800,2.45,24800,0,285200
PFC30Jan20112.5PE.NFO,07/01/2020,09:58:24,2.25,2.4,6200,2.45,12400,0,285200
PFC30Jan20112.5PE.NFO,07/01/2020,09:58:29,2.25,2.35,31000,2.45,18600,0,285200
PFC30Jan20112.5PE.NFO,07/01/2020,09:58:33,2.25,2.4,6200,2.45,12400,0,285200
PFC30Jan20112.5PE.NFO,07/01/2020,09:58:37,2.25,2.35,24800,2.45,18600,0,285200
PFC30Jan20112.5PE.NFO,07/01/2020,09:58:42,2.25,2.35,31000,2.45,18600,0,285200
PFC30Jan20112.5PE.NFO,07/01/2020,09:58:47,2.25,2.4,6200,2.45,6200,0,285200
PFC30Jan20112.5PE.NFO,07/01/2020,09:58:53,2.25,2.4,6200,2.5,24800,0,285200
PFC30Jan20112.5PE.NFO,07/01/2020,09:59:05,2.25,2.4,31000,2.5,12400,0,285200
PFC30Jan20112.5PE.NFO,07/01/2020,09:59:11,2.25,2.45,6200,2.5,12400,0,285200
PFC30Jan20112.5PE.NFO,07/01/2020,09:59:16,2.25,2.45,6200,2.5,6200,0,285200
PFC30Jan20112.5PE.NFO,07/01/2020,09:59:22,2.25,2.45,31000,2.55,18600,0,285200
PFC30Jan20112.5PE.NFO,07/01/2020,09:59:33,2.25,2.45,6200,2.55,24800,0,285200
PFC30Jan20112.5PE.NFO,07/01/2020,09:59:59,2.25,2.45,6200,2.5,18600,0,285200
PFC30Jan20112.5PE.NFO,07/01/2020,10:00:46,2.25,2.5,6200,2.6,12400,0,285200
PFC30Jan20112.5PE.NFO,07/01/2020,10:00:59,2.25,2.5,24800,2.6,12400,0,285200
PFC30Jan20112.5PE.NFO,07/01/2020,10:01:11,2.25,2.5,18600,2.6,12400,0,285200
PFC30Jan20112.5PE.NFO,07/01/2020,10:01:18,2.25,2.5,31000,2.6,12400,0,285200
PFC30Jan20112.5PE.NFO,07/01/2020,10:01:41,2.25,2.5,24800,2.6,12400,0,285200
PFC30Jan20112.5PE.NFO,07/01/2020,10:01:59,2.25,2.5,6200,2.55,6200,0,285200
PFC30Jan20112.5PE.NFO,07/01/2020,10:02:05,2.25,2.5,31000,2.6,12400,0,285200
PFC30Jan20112.5PE.NFO,07/01/2020,10:02:10,2.25,2.5,18600,2.6,18600,0,285200
PFC30Jan20112.5PE.NFO,07/01/2020,10:02:15,2.25,2.5,18600,2.6,24800,0,285200
PFC30Jan20112.5PE.NFO,07/01/2020,10:02:30,2.25,2.5,6200,2.6,31000,0,285200
PFC30Jan20112.5PE.NFO,07/01/2020,10:02:35,2.25,2.5,6200,2.6,24800,0,285200
PFC30Jan20112.5PE.NFO,07/01/2020,10:02:45,2.25,2.5,6200,2.6,18600,0,285200
PFC30Jan20112.5PE.NFO,07/01/2020,10:02:50,2.25,2.5,6200,2.6,24800,0,285200
PFC30Jan20112.5PE.NFO,07/01/2020,10:02:56,2.25,2.5,6200,2.6,31000,0,285200
PFC30Jan20112.5PE.NFO,07/01/2020,10:03:19,2.25,2.5,6200,2.55,12400,0,285200
PFC30Jan20112.5PE.NFO,07/01/2020,10:03:24,2.25,2.5,6200,2.55,6200,0,285200
PFC30Jan20112.5PE.NFO,07/01/2020,10:03:35,2.25,2.45,31000,2.55,12400,0,285200
PFC30Jan20112.5PE.NFO,07/01/2020,10:03:40,2.25,2.5,6200,2.55,12400,0,285200
PFC30Jan20112.5PE.NFO,07/01/2020,10:03:45,2.5,2.5,6200,2.6,31000,6200,291400
PFC30Jan20112.5PE.NFO,07/01/2020,10:03:45,2.5,2.5,6200,2.6,31000,0,291400
PFC30Jan20112.5PE.NFO,07/01/2020,10:03:51,2.5,2.5,6200,2.6,31000,0,291400
PFC30Jan20112.5PE.NFO,07/01/2020,10:04:23,2.5,2.5,24800,2.6,24800,0,291400
PFC30Jan20112.5PE.NFO,07/01/2020,10:04:33,2.5,2.55,24800,2.65,6200,0,291400
PFC30Jan20112.5PE.NFO,07/01/2020,10:04:38,2.5,2.55,24800,2.65,12400,0,291400
PFC30Jan20112.5PE.NFO,07/01/2020,10:04:44,2.5,2.6,31000,2.7,24800,0,291400
PFC30Jan20112.5PE.NFO,07/01/2020,10:04:54,2.5,2.6,24800,2.7,18600,0,291400
PFC30Jan20112.5PE.NFO,07/01/2020,10:05:11,2.5,2.6,31000,2.7,6200,0,291400
PFC30Jan20112.5PE.NFO,07/01/2020,10:05:36,2.5,2.65,6200,2.75,24800,0,291400
PFC30Jan20112.5PE.NFO,07/01/2020,10:05:49,2.5,2.6,31000,2.7,6200,0,291400
PFC30Jan20112.5PE.NFO,07/01/2020,10:05:55,2.5,2.6,37200,2.7,6200,0,291400
PFC30Jan20112.5PE.NFO,07/01/2020,10:07:28,2.5,2.6,24800,2.7,12400,0,291400
PFC30Jan20112.5PE.NFO,07/01/2020,10:07:52,2.5,2.55,37200,2.65,6200,0,291400
PFC30Jan20112.5PE.NFO,07/01/2020,10:08:23,2.5,2.55,37200,2.65,12400,0,291400
PFC30Jan20112.5PE.NFO,07/01/2020,10:08:30,2.5,2.55,6200,2.65,24800,0,291400
PFC30Jan20112.5PE.NFO,07/01/2020,10:08:36,2.5,2.55,6200,2.65,31000,0,291400
PFC30Jan20112.5PE.NFO,07/01/2020,10:08:43,2.5,2.55,12400,2.65,31000,0,291400
PFC30Jan20112.5PE.NFO,07/01/2020,10:09:00,2.5,2.55,37200,2.7,24800,0,291400
PFC30Jan20112.5PE.NFO,07/01/2020,10:09:06,2.5,2.6,37200,2.7,6200,0,291400
PFC30Jan20112.5PE.NFO,07/01/2020,10:09:11,2.5,2.6,31000,2.7,6200,0,291400
PFC30Jan20112.5PE.NFO,07/01/2020,10:09:16,2.5,2.6,6200,2.7,12400,0,291400
PFC30Jan20112.5PE.NFO,07/01/2020,10:09:32,2.5,2.6,31000,2.7,6200,0,291400
PFC30Jan20112.5PE.NFO,07/01/2020,10:09:57,2.5,2.6,31000,2.7,12400,0,291400
PFC30Jan20112.5PE.NFO,07/01/2020,10:10:04,2.5,2.6,18600,2.65,6200,0,291400
PFC30Jan20112.5PE.NFO,07/01/2020,10:10:12,2.5,2.55,43400,2.7,18600,0,291400
PFC30Jan20112.5PE.NFO,07/01/2020,10:10:17,2.5,2.6,6200,2.7,18600,0,291400
PFC30Jan20112.5PE.NFO,07/01/2020,10:10:28,2.5,2.6,12400,2.7,18600,0,291400
PFC30Jan20112.5PE.NFO,07/01/2020,10:10:37,2.5,2.6,12400,2.7,24800,0,291400
PFC30Jan20112.5PE.NFO,07/01/2020,10:10:42,2.5,2.6,12400,2.7,18600,0,291400
PFC30Jan20112.5PE.NFO,07/01/2020,10:10:47,2.5,2.6,31000,2.75,12400,0,291400
PFC30Jan20112.5PE.NFO,07/01/2020,10:10:52,2.5,2.6,31000,2.7,6200,0,291400
PFC30Jan20112.5PE.NFO,07/01/2020,10:11:01,2.5,2.6,31000,2.75,18600,0,291400
PFC30Jan20112.5PE.NFO,07/01/2020,10:11:11,2.5,2.6,31000,2.7,12400,0,291400
PFC30Jan20112.5PE.NFO,07/01/2020,10:11:22,2.5,2.6,6200,2.7,18600,0,291400
PFC30Jan20112.5PE.NFO,07/01/2020,10:11:27,2.5,2.55,24800,2.7,18600,0,291400
PFC30Jan20112.5PE.NFO,07/01/2020,10:11:32,2.5,2.6,24800,2.7,6200,0,291400
PFC30Jan20112.5PE.NFO,07/01/2020,10:11:38,2.5,2.55,31000,2.7,18600,0,291400
PFC30Jan20112.5PE.NFO,07/01/2020,10:11:56,2.5,2.55,31000,2.7,24800,0,291400
PFC30Jan20112.5PE.NFO,07/01/2020,10:12:08,2.5,2.55,37200,2.65,12400,0,291400
PFC30Jan20112.5PE.NFO,07/01/2020,10:12:14,2.5,2.55,43400,2.65,12400,0,291400
PFC30Jan20112.5PE.NFO,07/01/2020,10:12:19,2.5,2.5,43400,2.65,18600,0,291400
PFC30Jan20112.5PE.NFO,07/01/2020,10:12:24,2.5,2.5,31000,2.6,6200,0,291400
PFC30Jan20112.5PE.NFO,07/01/2020,10:12:40,2.5,2.5,37200,2.6,6200,0,291400
PFC30Jan20112.5PE.NFO,07/01/2020,10:12:56,2.5,2.5,24800,2.55,6200,0,291400
PFC30Jan20112.5PE.NFO,07/01/2020,10:13:08,2.5,2.5,31000,2.6,18600,0,291400
PFC30Jan20112.5PE.NFO,07/01/2020,10:13:14,2.5,2.5,37200,2.6,18600,0,291400
PFC30Jan20112.5PE.NFO,07/01/2020,10:13:21,2.5,2.5,18600,2.6,18600,0,291400
PFC30Jan20112.5PE.NFO,07/01/2020,10:13:27,2.5,2.5,37200,2.6,18600,0,291400
PFC30Jan20112.5PE.NFO,07/01/2020,10:13:33,2.5,2.5,37200,2.6,12400,0,291400
PFC30Jan20112.5PE.NFO,07/01/2020,10:13:49,2.5,2.5,18600,2.6,18600,0,291400
PFC30Jan20112.5PE.NFO,07/01/2020,10:13:56,2.5,2.45,37200,2.6,18600,0,291400
PFC30Jan20112.5PE.NFO,07/01/2020,10:14:01,2.5,2.45,37200,2.55,6200,0,291400
PFC30Jan20112.5PE.NFO,07/01/2020,10:14:06,2.5,2.5,6200,2.6,18600,0,291400
PFC30Jan20112.5PE.NFO,07/01/2020,10:14:17,2.5,2.5,12400,2.6,18600,0,291400
PFC30Jan20112.5PE.NFO,07/01/2020,10:14:23,2.5,2.45,37200,2.55,6200,0,291400
PFC30Jan20112.5PE.NFO,07/01/2020,10:14:29,2.5,2.5,24800,2.6,6200,0,291400
PFC30Jan20112.5PE.NFO,07/01/2020,10:14:40,2.5,2.45,37200,2.6,6200,0,291400
PFC30Jan20112.5PE.NFO,07/01/2020,10:15:09,2.5,2.5,24800,2.6,12400,6200,285200
PFC30Jan20112.5PE.NFO,07/01/2020,10:15:19,2.5,2.5,24800,2.6,12400,0,285200
PFC30Jan20112.5PE.NFO,07/01/2020,10:15:29,2.5,2.5,12400,2.6,18600,0,285200
PFC30Jan20112.5PE.NFO,07/01/2020,10:15:34,2.5,2.45,37200,2.6,18600,0,285200
PFC30Jan20112.5PE.NFO,07/01/2020,10:15:40,2.5,2.5,24800,2.6,18600,0,285200
PFC30Jan20112.5PE.NFO,07/01/2020,10:15:45,2.5,2.5,24800,2.6,12400,0,285200
PFC30Jan20112.5PE.NFO,07/01/2020,10:15:57,2.5,2.5,18600,2.6,12400,0,285200
PFC30Jan20112.5PE.NFO,07/01/2020,10:16:07,2.5,2.5,18600,2.6,18600,0,285200
PFC30Jan20112.5PE.NFO,07/01/2020,10:16:11,2.5,2.5,31000,2.65,18600,0,285200
PFC30Jan20112.5PE.NFO,07/01/2020,10:16:20,2.5,2.5,24800,2.6,12400,0,285200
PFC30Jan20112.5PE.NFO,07/01/2020,10:16:29,2.5,2.5,24800,2.6,18600,0,285200
PFC30Jan20112.5PE.NFO,07/01/2020,10:16:39,2.5,2.5,31000,2.65,24800,0,285200
PFC30Jan20112.5PE.NFO,07/01/2020,10:16:59,2.5,2.5,31000,2.6,12400,0,285200
PFC30Jan20112.5PE.NFO,07/01/2020,10:17:05,2.5,2.55,12400,2.65,18600,0,285200
PFC30Jan20112.5PE.NFO,07/01/2020,10:17:12,2.5,2.55,12400,2.65,12400,0,285200
PFC30Jan20112.5PE.NFO,07/01/2020,10:17:22,2.5,2.55,6200,2.65,24800,0,285200
PFC30Jan20112.5PE.NFO,07/01/2020,10:17:31,2.5,2.55,24800,2.65,18600,0,285200
PFC30Jan20112.5PE.NFO,07/01/2020,10:17:37,2.5,2.55,24800,2.65,12400,0,285200
PFC30Jan20112.5PE.NFO,07/01/2020,10:17:42,2.5,2.55,24800,2.65,18600,0,285200
PFC30Jan20112.5PE.NFO,07/01/2020,10:18:53,2.6,2.6,12400,2.7,18600,12400,279000
PFC30Jan20112.5PE.NFO,07/01/2020,10:18:53,2.6,2.6,12400,2.7,18600,0,279000
PFC30Jan20112.5PE.NFO,07/01/2020,10:18:58,2.6,2.6,18600,2.7,12400,0,279000
PFC30Jan20112.5PE.NFO,07/01/2020,10:19:06,2.6,2.6,24800,2.7,18600,0,279000
PFC30Jan20112.5PE.NFO,07/01/2020,10:19:14,2.6,2.55,24800,2.65,6200,0,279000
PFC30Jan20112.5PE.NFO,07/01/2020,10:19:33,2.6,2.5,31000,2.65,37200,0,279000
PFC30Jan20112.5PE.NFO,07/01/2020,10:19:46,2.6,2.5,31000,2.65,24800,0,279000
PFC30Jan20112.5PE.NFO,07/01/2020,10:19:51,2.6,2.5,31000,2.6,6200,0,279000
PFC30Jan20112.5PE.NFO,07/01/2020,10:20:07,2.6,2.5,31000,2.65,43400,0,279000
PFC30Jan20112.5PE.NFO,07/01/2020,10:20:17,2.6,2.5,18600,2.6,24800,0,279000
PFC30Jan20112.5PE.NFO,07/01/2020,10:20:26,2.6,2.5,31000,2.65,43400,0,279000
PFC30Jan20112.5PE.NFO,07/01/2020,10:20:43,2.6,2.5,24800,2.6,18600,0,279000
PFC30Jan20112.5PE.NFO,07/01/2020,10:21:05,2.6,2.45,31000,2.6,31000,0,279000
PFC30Jan20112.5PE.NFO,07/01/2020,10:21:10,2.6,2.45,31000,2.6,37200,0,279000
PFC30Jan20112.5PE.NFO,07/01/2020,10:21:30,2.6,2.45,24800,2.6,37200,0,279000
PFC30Jan20112.5PE.NFO,07/01/2020,10:21:53,2.6,2.45,24800,2.55,12400,0,279000
PFC30Jan20112.5PE.NFO,07/01/2020,10:22:21,2.6,2.45,24800,2.55,18600,0,279000
PFC30Jan20112.5PE.NFO,07/01/2020,10:22:25,2.6,2.45,24800,2.55,12400,0,279000
PFC30Jan20112.5PE.NFO,07/01/2020,10:22:42,2.6,2.5,18600,2.6,37200,0,279000
PFC30Jan20112.5PE.NFO,07/01/2020,10:23:06,2.6,2.5,18600,2.6,31000,0,279000
PFC30Jan20112.5PE.NFO,07/01/2020,10:23:11,2.6,2.5,18600,2.6,37200,0,279000
PFC30Jan20112.5PE.NFO,07/01/2020,10:23:21,2.6,2.45,24800,2.6,37200,0,279000
PFC30Jan20112.5PE.NFO,07/01/2020,10:23:35,2.6,2.45,31000,2.6,37200,0,279000
PFC30Jan20112.5PE.NFO,07/01/2020,10:24:42,2.6,2.45,24800,2.6,37200,0,279000
PFC30Jan20112.5PE.NFO,07/01/2020,10:24:59,2.6,2.5,18600,2.6,37200,0,279000
PFC30Jan20112.5PE.NFO,07/01/2020,10:25:03,2.6,2.5,18600,2.6,24800,0,279000
PFC30Jan20112.5PE.NFO,07/01/2020,10:25:08,2.6,2.5,18600,2.6,37200,0,279000
PFC30Jan20112.5PE.NFO,07/01/2020,10:25:12,2.6,2.5,18600,2.6,24800,0,279000
PFC30Jan20112.5PE.NFO,07/01/2020,10:25:40,2.6,2.55,31000,2.7,37200,0,279000
PFC30Jan20112.5PE.NFO,07/01/2020,10:25:50,2.6,2.6,37200,2.7,6200,0,279000
PFC30Jan20112.5PE.NFO,07/01/2020,10:26:00,2.6,2.55,31000,2.7,24800,0,279000
PFC30Jan20112.5PE.NFO,07/01/2020,10:26:19,2.6,2.55,31000,2.7,18600,0,279000
PFC30Jan20112.5PE.NFO,07/01/2020,10:26:23,2.6,2.55,31000,2.7,12400,0,279000
PFC30Jan20112.5PE.NFO,07/01/2020,10:26:37,2.6,2.55,24800,2.65,18600,0,279000
PFC30Jan20112.5PE.NFO,07/01/2020,10:26:54,2.6,2.55,24800,2.65,12400,0,279000
PFC30Jan20112.5PE.NFO,07/01/2020,10:26:59,2.6,2.55,24800,2.65,24800,0,279000
PFC30Jan20112.5PE.NFO,07/01/2020,10:27:08,2.6,2.55,24800,2.65,31000,0,279000
PFC30Jan20112.5PE.NFO,07/01/2020,10:27:19,2.6,2.55,24800,2.65,24800,0,279000
PFC30Jan20112.5PE.NFO,07/01/2020,10:27:27,2.6,2.55,24800,2.65,18600,0,279000
PFC30Jan20112.5PE.NFO,07/01/2020,10:27:53,2.6,2.55,31000,2.7,31000,0,279000
PFC30Jan20112.5PE.NFO,07/01/2020,10:28:10,2.6,2.6,12400,2.7,31000,0,279000
PFC30Jan20112.5PE.NFO,07/01/2020,10:29:01,2.6,2.6,18600,2.7,31000,0,279000
PFC30Jan20112.5PE.NFO,07/01/2020,10:29:15,2.6,2.55,24800,2.65,31000,0,279000
PFC30Jan20112.5PE.NFO,07/01/2020,10:29:26,2.6,2.55,31000,2.65,12400,0,279000
PFC30Jan20112.5PE.NFO,07/01/2020,10:29:30,2.6,2.55,24800,2.65,6200,0,279000
PFC30Jan20112.5PE.NFO,07/01/2020,10:29:34,2.6,2.55,24800,2.65,24800,0,279000
PFC30Jan20112.5PE.NFO,07/01/2020,10:29:50,2.6,2.55,31000,2.65,6200,0,279000
PFC30Jan20112.5PE.NFO,07/01/2020,10:30:03,2.6,2.55,31000,2.65,18600,0,279000
PFC30Jan20112.5PE.NFO,07/01/2020,10:30:06,2.6,2.55,24800,2.65,18600,0,279000
PFC30Jan20112.5PE.NFO,07/01/2020,10:30:13,2.6,2.6,12400,2.7,37200,0,279000
PFC30Jan20112.5PE.NFO,07/01/2020,10:31:26,2.6,2.55,31000,2.7,37200,0,279000
PFC30Jan20112.5PE.NFO,07/01/2020,10:31:37,2.6,2.6,12400,2.7,37200,0,279000
PFC30Jan20112.5PE.NFO,07/01/2020,10:32:07,2.6,2.6,18600,2.7,37200,0,279000
PFC30Jan20112.5PE.NFO,07/01/2020,10:32:39,2.6,2.6,18600,2.7,31000,0,279000
PFC30Jan20112.5PE.NFO,07/01/2020,10:32:48,2.6,2.6,12400,2.7,31000,0,279000
PFC30Jan20112.5PE.NFO,07/01/2020,10:32:53,2.6,2.6,18600,2.7,31000,0,279000
PFC30Jan20112.5PE.NFO,07/01/2020,10:32:57,2.6,2.6,18600,2.7,24800,0,279000
PFC30Jan20112.5PE.NFO,07/01/2020,10:33:23,2.6,2.6,12400,2.7,37200,0,279000
PFC30Jan20112.5PE.NFO,07/01/2020,10:33:47,2.6,2.6,18600,2.7,37200,0,279000
PFC30Jan20112.5PE.NFO,07/01/2020,10:34:11,2.6,2.6,24800,2.7,18600,0,279000
PFC30Jan20112.5PE.NFO,07/01/2020,10:34:18,2.6,2.6,18600,2.7,37200,0,279000
PFC30Jan20112.5PE.NFO,07/01/2020,10:34:48,2.6,2.55,18600,2.6,6200,0,279000
PFC30Jan20112.5PE.NFO,07/01/2020,10:34:57,2.6,2.55,18600,2.65,18600,0,279000
PFC30Jan20112.5PE.NFO,07/01/2020,10:35:15,2.6,2.55,31000,2.65,18600,0,279000
PFC30Jan20112.5PE.NFO,07/01/2020,10:35:21,2.6,2.55,31000,2.65,12400,0,279000
PFC30Jan20112.5PE.NFO,07/01/2020,10:35:24,2.6,2.55,31000,2.65,6200,0,279000
PFC30Jan20112.5PE.NFO,07/01/2020,10:35:32,2.6,2.6,12400,2.65,6200,0,279000
PFC30Jan20112.5PE.NFO,07/01/2020,10:36:06,2.6,2.6,18600,2.65,6200,0,279000
PFC30Jan20112.5PE.NFO,07/01/2020,10:36:20,2.6,2.6,12400,2.65,6200,0,279000
PFC30Jan20112.5PE.NFO,07/01/2020,10:36:44,2.6,2.6,18600,2.65,6200,0,279000
PFC30Jan20112.5PE.NFO,07/01/2020,10:36:54,2.6,2.6,12400,2.65,6200,0,279000
PFC30Jan20112.5PE.NFO,07/01/2020,10:37:06,2.6,2.6,31000,2.65,6200,0,279000
PFC30Jan20112.5PE.NFO,07/01/2020,10:37:13,2.65,2.65,6200,2.7,18600,6200,279000
PFC30Jan20112.5PE.NFO,07/01/2020,10:37:13,2.65,2.65,6200,2.7,18600,0,279000
PFC30Jan20112.5PE.NFO,07/01/2020,10:37:17,2.65,2.65,6200,2.7,18600,0,279000
PFC30Jan20112.5PE.NFO,07/01/2020,10:37:20,2.65,2.6,31000,2.7,12400,0,279000
PFC30Jan20112.5PE.NFO,07/01/2020,10:37:27,2.65,2.6,31000,2.7,24800,0,279000
PFC30Jan20112.5PE.NFO,07/01/2020,10:37:38,2.65,2.65,18600,2.75,24800,0,279000
PFC30Jan20112.5PE.NFO,07/01/2020,10:37:57,2.65,2.65,12400,2.75,37200,0,279000
PFC30Jan20112.5PE.NFO,07/01/2020,10:38:00,2.65,2.6,31000,2.7,6200,0,279000
PFC30Jan20112.5PE.NFO,07/01/2020,10:38:13,2.65,2.6,31000,2.7,12400,0,279000
PFC30Jan20112.5PE.NFO,07/01/2020,10:38:53,2.65,2.65,6200,2.7,6200,0,279000
PFC30Jan20112.5PE.NFO,07/01/2020,10:38:56,2.65,2.65,6200,2.75,37200,0,279000
PFC30Jan20112.5PE.NFO,07/01/2020,10:39:04,2.65,2.65,12400,2.75,37200,0,279000
PFC30Jan20112.5PE.NFO,07/01/2020,10:39:53,2.65,2.65,18600,2.75,37200,0,279000
PFC30Jan20112.5PE.NFO,07/01/2020,10:39:55,2.65,2.65,18600,2.75,31000,0,279000
PFC30Jan20112.5PE.NFO,07/01/2020,10:40:03,2.65,2.65,18600,2.75,37200,0,279000
PFC30Jan20112.5PE.NFO,07/01/2020,10:41:25,2.65,2.65,6200,2.75,43400,0,279000
PFC30Jan20112.5PE.NFO,07/01/2020,10:41:31,2.65,2.6,31000,2.75,43400,0,279000
PFC30Jan20112.5PE.NFO,07/01/2020,10:42:24,2.65,2.65,6200,2.75,43400,0,279000
PFC30Jan20112.5PE.NFO,07/01/2020,10:43:18,2.65,2.65,18600,2.75,37200,0,279000
PFC30Jan20112.5PE.NFO,07/01/2020,10:43:27,2.65,2.65,12400,2.75,37200,0,279000
PFC30Jan20112.5PE.NFO,07/01/2020,10:45:20,2.65,2.6,31000,2.7,18600,0,279000
PFC30Jan20112.5PE.NFO,07/01/2020,10:45:24,2.65,2.65,6200,2.75,43400,0,279000
PFC30Jan20112.5PE.NFO,07/01/2020,10:45:37,2.65,2.6,31000,2.7,18600,0,279000
PFC30Jan20112.5PE.NFO,07/01/2020,10:45:53,2.65,2.6,31000,2.7,24800,0,279000
PFC30Jan20112.5PE.NFO,07/01/2020,10:46:05,2.65,2.6,31000,2.7,31000,0,279000
PFC30Jan20112.5PE.NFO,07/01/2020,10:46:59,2.65,2.6,31000,2.7,24800,0,279000
PFC30Jan20112.5PE.NFO,07/01/2020,10:48:11,2.65,2.6,12400,2.7,31000,0,279000
PFC30Jan20112.5PE.NFO,07/01/2020,10:48:19,2.65,2.6,6200,2.65,6200,0,279000
PFC30Jan20112.5PE.NFO,07/01/2020,10:48:26,2.65,2.55,43400,2.65,12400,0,279000
PFC30Jan20112.5PE.NFO,07/01/2020,10:48:37,2.65,2.65,6200,2.75,43400,0,279000
PFC30Jan20112.5PE.NFO,07/01/2020,10:48:58,2.65,2.6,43400,2.7,18600,0,279000
PFC30Jan20112.5PE.NFO,07/01/2020,10:49:12,2.65,2.6,31000,2.7,18600,0,279000
PFC30Jan20112.5PE.NFO,07/01/2020,10:49:15,2.65,2.65,12400,2.75,43400,0,279000
PFC30Jan20112.5PE.NFO,07/01/2020,10:49:19,2.65,2.65,6200,2.75,43400,0,279000
PFC30Jan20112.5PE.NFO,07/01/2020,10:49:25,2.65,2.65,12400,2.75,43400,0,279000
PFC30Jan20112.5PE.NFO,07/01/2020,10:49:32,2.65,2.65,18600,2.75,31000,0,279000
PFC30Jan20112.5PE.NFO,07/01/2020,10:49:47,2.65,2.65,31000,2.75,6200,0,279000
PFC30Jan20112.5PE.NFO,07/01/2020,10:49:50,2.65,2.65,31000,2.75,24800,0,279000
PFC30Jan20112.5PE.NFO,07/01/2020,10:49:59,2.65,2.65,31000,2.75,6200,0,279000
PFC30Jan20112.5PE.NFO,07/01/2020,10:50:05,2.65,2.65,31000,2.75,12400,0,279000
PFC30Jan20112.5PE.NFO,07/01/2020,10:50:10,2.65,2.65,31000,2.75,18600,0,279000
PFC30Jan20112.5PE.NFO,07/01/2020,10:50:15,2.65,2.7,31000,2.8,18600,0,279000
PFC30Jan20112.5PE.NFO,07/01/2020,10:50:21,2.65,2.7,31000,2.8,31000,0,279000
PFC30Jan20112.5PE.NFO,07/01/2020,10:50:26,2.65,2.7,31000,2.8,12400,0,279000
PFC30Jan20112.5PE.NFO,07/01/2020,10:50:31,2.65,2.7,31000,2.8,6200,0,279000
PFC30Jan20112.5PE.NFO,07/01/2020,10:50:42,2.65,2.7,31000,2.8,12400,0,279000
PFC30Jan20112.5PE.NFO,07/01/2020,10:50:51,2.65,2.7,31000,2.8,24800,0,279000
PFC30Jan20112.5PE.NFO,07/01/2020,10:51:00,2.65,2.7,31000,2.8,12400,0,279000
PFC30Jan20112.5PE.NFO,07/01/2020,10:51:20,2.65,2.7,31000,2.8,24800,0,279000
PFC30Jan20112.5PE.NFO,07/01/2020,10:51:24,2.65,2.7,31000,2.8,31000,0,279000
PFC30Jan20112.5PE.NFO,07/01/2020,10:51:43,2.65,2.7,12400,2.8,37200,0,279000
PFC30Jan20112.5PE.NFO,07/01/2020,10:51:48,2.65,2.65,31000,2.75,6200,0,279000
PFC30Jan20112.5PE.NFO,07/01/2020,10:51:52,2.65,2.65,31000,2.75,18600,0,279000
PFC30Jan20112.5PE.NFO,07/01/2020,10:51:56,2.65,2.65,31000,2.8,43400,0,279000
PFC30Jan20112.5PE.NFO,07/01/2020,10:52:18,2.65,2.65,31000,2.75,6200,0,279000
PFC30Jan20112.5PE.NFO,07/01/2020,10:52:23,2.65,2.7,18600,2.8,31000,0,279000
PFC30Jan20112.5PE.NFO,07/01/2020,10:52:35,2.65,2.7,18600,2.8,24800,0,279000
PFC30Jan20112.5PE.NFO,07/01/2020,10:52:39,2.65,2.65,31000,2.8,31000,0,279000
PFC30Jan20112.5PE.NFO,07/01/2020,10:52:51,2.65,2.65,31000,2.8,24800,0,279000
PFC30Jan20112.5PE.NFO,07/01/2020,10:52:56,2.65,2.7,31000,2.85,24800,0,279000
PFC30Jan20112.5PE.NFO,07/01/2020,10:53:03,2.65,2.7,31000,2.85,18600,0,279000
PFC30Jan20112.5PE.NFO,07/01/2020,10:53:16,2.65,2.75,24800,2.85,18600,0,279000
PFC30Jan20112.5PE.NFO,07/01/2020,10:53:22,2.65,2.7,24800,2.8,12400,0,279000
PFC30Jan20112.5PE.NFO,07/01/2020,10:54:09,2.65,2.7,31000,2.85,31000,0,279000
PFC30Jan20112.5PE.NFO,07/01/2020,10:54:15,2.75,2.75,6200,2.85,31000,6200,272800
PFC30Jan20112.5PE.NFO,07/01/2020,10:54:15,2.75,2.75,6200,2.85,31000,0,272800
PFC30Jan20112.5PE.NFO,07/01/2020,10:54:21,2.75,2.7,31000,2.85,31000,0,272800
PFC30Jan20112.5PE.NFO,07/01/2020,10:54:45,2.75,2.7,31000,2.8,12400,0,272800
PFC30Jan20112.5PE.NFO,07/01/2020,10:54:50,2.75,2.7,31000,2.8,6200,0,272800
PFC30Jan20112.5PE.NFO,07/01/2020,10:55:12,2.75,2.65,43400,2.8,18600,0,272800
PFC30Jan20112.5PE.NFO,07/01/2020,10:55:17,2.75,2.65,43400,2.75,12400,0,272800
PFC30Jan20112.5PE.NFO,07/01/2020,10:55:21,2.75,2.7,31000,2.75,6200,0,272800
PFC30Jan20112.5PE.NFO,07/01/2020,10:55:25,2.75,2.75,6200,2.8,6200,0,272800
PFC30Jan20112.5PE.NFO,07/01/2020,10:55:36,2.75,2.7,31000,2.8,18600,0,272800
PFC30Jan20112.5PE.NFO,07/01/2020,10:55:46,2.75,2.7,31000,2.8,12400,0,272800
PFC30Jan20112.5PE.NFO,07/01/2020,10:55:55,2.75,2.7,31000,2.8,18600,0,272800
PFC30Jan20112.5PE.NFO,07/01/2020,10:56:10,2.65,2.55,18600,2.65,12400,43400,272800
PFC30Jan20112.5PE.NFO,07/01/2020,10:56:16,2.65,2.5,18600,2.65,43400,0,272800
PFC30Jan20112.5PE.NFO,07/01/2020,10:56:25,2.65,2.5,12400,2.6,12400,0,272800
PFC30Jan20112.5PE.NFO,07/01/2020,10:56:29,2.65,2.5,12400,2.6,24800,0,272800
PFC30Jan20112.5PE.NFO,07/01/2020,10:56:34,2.65,2.5,18600,2.65,49600,0,272800
PFC30Jan20112.5PE.NFO,07/01/2020,10:56:53,2.65,2.5,18600,2.6,18600,0,272800
PFC30Jan20112.5PE.NFO,07/01/2020,10:57:11,2.6,2.5,18600,2.65,43400,6200,272800
PFC30Jan20112.5PE.NFO,07/01/2020,10:57:18,2.6,2.55,6200,2.65,37200,0,272800
PFC30Jan20112.5PE.NFO,07/01/2020,10:57:25,2.6,2.55,18600,2.65,18600,0,272800
PFC30Jan20112.5PE.NFO,07/01/2020,10:57:31,2.6,2.55,18600,2.65,24800,0,272800
PFC30Jan20112.5PE.NFO,07/01/2020,10:57:49,2.6,2.5,18600,2.65,31000,0,272800
PFC30Jan20112.5PE.NFO,07/01/2020,10:57:54,2.6,2.5,12400,2.65,31000,0,272800
PFC30Jan20112.5PE.NFO,07/01/2020,10:58:09,2.6,2.5,6200,2.65,31000,0,272800
PFC30Jan20112.5PE.NFO,07/01/2020,10:58:24,2.6,2.55,18600,2.65,18600,0,272800
PFC30Jan20112.5PE.NFO,07/01/2020,10:58:40,2.6,2.5,6200,2.65,31000,0,272800
PFC30Jan20112.5PE.NFO,07/01/2020,10:58:52,2.6,2.5,6200,2.6,18600,0,272800
PFC30Jan20112.5PE.NFO,07/01/2020,10:59:03,2.6,2.5,6200,2.6,24800,0,272800
PFC30Jan20112.5PE.NFO,07/01/2020,10:59:09,2.6,2.5,6200,2.6,6200,0,272800
PFC30Jan20112.5PE.NFO,07/01/2020,10:59:14,2.6,2.5,6200,2.6,18600,0,272800
PFC30Jan20112.5PE.NFO,07/01/2020,10:59:34,2.6,2.45,6200,2.6,31000,0,272800
PFC30Jan20112.5PE.NFO,07/01/2020,11:00:08,2.6,2.45,6200,2.6,24800,0,272800
PFC30Jan20112.5PE.NFO,07/01/2020,11:00:14,2.6,2.5,6200,2.6,18600,0,272800
PFC30Jan20112.5PE.NFO,07/01/2020,11:00:55,2.6,2.5,12400,2.65,31000,24800,272800
PFC30Jan20112.5PE.NFO,07/01/2020,11:01:03,2.6,2.55,12400,2.65,18600,0,272800
PFC30Jan20112.5PE.NFO,07/01/2020,11:01:11,2.6,2.55,6200,2.65,18600,0,272800
PFC30Jan20112.5PE.NFO,07/01/2020,11:01:18,2.6,2.6,12400,2.7,31000,0,272800
PFC30Jan20112.5PE.NFO,07/01/2020,11:01:26,2.6,2.6,18600,2.7,12400,0,272800
PFC30Jan20112.5PE.NFO,07/01/2020,11:01:56,2.6,2.55,18600,2.65,18600,0,272800
PFC30Jan20112.5PE.NFO,07/01/2020,11:02:03,2.6,2.55,24800,2.65,18600,0,272800
PFC30Jan20112.5PE.NFO,07/01/2020,11:02:10,2.6,2.55,24800,2.65,12400,0,272800
PFC30Jan20112.5PE.NFO,07/01/2020,11:02:17,2.6,2.55,24800,2.65,6200,0,272800
PFC30Jan20112.5PE.NFO,07/01/2020,11:02:31,2.6,2.55,37200,2.65,12400,24800,272800
PFC30Jan20112.5PE.NFO,07/01/2020,11:02:38,2.6,2.55,43400,2.65,18600,0,272800
PFC30Jan20112.5PE.NFO,07/01/2020,11:02:50,2.6,2.6,6200,2.7,24800,0,272800
PFC30Jan20112.5PE.NFO,07/01/2020,11:03:10,2.6,2.6,31000,2.7,12400,0,272800
PFC30Jan20112.5PE.NFO,07/01/2020,11:03:35,2.6,2.6,31000,2.7,18600,0,272800
PFC30Jan20112.5PE.NFO,07/01/2020,11:03:42,2.6,2.65,6200,2.75,24800,0,272800
PFC30Jan20112.5PE.NFO,07/01/2020,11:04:02,2.6,2.65,31000,2.75,12400,0,272800
PFC30Jan20112.5PE.NFO,07/01/2020,11:04:28,2.6,2.65,18600,2.75,18600,0,272800
PFC30Jan20112.5PE.NFO,07/01/2020,11:04:35,2.6,2.65,31000,2.75,12400,0,272800
PFC30Jan20112.5PE.NFO,07/01/2020,11:04:42,2.6,2.65,31000,2.75,6200,0,272800
PFC30Jan20112.5PE.NFO,07/01/2020,11:04:49,2.7,2.6,24800,2.7,12400,18600,279000
PFC30Jan20112.5PE.NFO,07/01/2020,11:04:56,2.7,2.6,12400,2.7,12400,0,279000
PFC30Jan20112.5PE.NFO,07/01/2020,11:05:03,2.7,2.6,18600,2.7,18600,0,279000
PFC30Jan20112.5PE.NFO,07/01/2020,11:05:16,2.7,2.65,6200,2.75,24800,0,279000
PFC30Jan20112.5PE.NFO,07/01/2020,11:05:23,2.7,2.65,6200,2.75,31000,0,279000
PFC30Jan20112.5PE.NFO,07/01/2020,11:05:29,2.7,2.65,18600,2.75,12400,0,279000
PFC30Jan20112.5PE.NFO,07/01/2020,11:05:36,2.7,2.65,31000,2.8,43400,0,279000
PFC30Jan20112.5PE.NFO,07/01/2020,11:05:42,2.7,2.65,24800,2.75,12400,0,279000
PFC30Jan20112.5PE.NFO,07/01/2020,11:05:48,2.7,2.65,12400,2.75,18600,0,279000
PFC30Jan20112.5PE.NFO,07/01/2020,11:05:56,2.7,2.65,6200,2.75,18600,0,279000
PFC30Jan20112.5PE.NFO,07/01/2020,11:06:02,2.7,2.6,31000,2.75,24800,0,279000
PFC30Jan20112.5PE.NFO,07/01/2020,11:06:09,2.7,2.6,24800,2.7,6200,0,279000
PFC30Jan20112.5PE.NFO,07/01/2020,11:06:22,2.7,2.6,24800,2.75,31000,0,279000
PFC30Jan20112.5PE.NFO,07/01/2020,11:06:50,2.7,2.6,31000,2.75,37200,0,279000
PFC30Jan20112.5PE.NFO,07/01/2020,11:06:55,2.7,2.6,24800,2.75,31000,0,279000
PFC30Jan20112.5PE.NFO,07/01/2020,11:07:07,2.7,2.6,24800,2.75,24800,0,279000
PFC30Jan20112.5PE.NFO,07/01/2020,11:07:12,2.7,2.6,24800,2.75,31000,0,279000
PFC30Jan20112.5PE.NFO,07/01/2020,11:07:23,2.7,2.6,24800,2.75,43400,0,279000
PFC30Jan20112.5PE.NFO,07/01/2020,11:07:38,2.7,2.6,31000,2.75,18600,0,279000
PFC30Jan20112.5PE.NFO,07/01/2020,11:07:43,2.7,2.6,24800,2.7,18600,0,279000
PFC30Jan20112.5PE.NFO,07/01/2020,11:07:49,2.7,2.6,24800,2.75,37200,0,279000
PFC30Jan20112.5PE.NFO,07/01/2020,11:08:02,2.7,2.6,24800,2.7,18600,0,279000
PFC30Jan20112.5PE.NFO,07/01/2020,11:08:17,2.7,2.6,24800,2.7,12400,0,279000
PFC30Jan20112.5PE.NFO,07/01/2020,11:08:27,2.7,2.6,24800,2.7,18600,0,279000
PFC30Jan20112.5PE.NFO,07/01/2020,11:08:33,2.7,2.6,12400,2.7,18600,0,279000
PFC30Jan20112.5PE.NFO,07/01/2020,11:08:38,2.7,2.6,24800,2.7,12400,0,279000
PFC30Jan20112.5PE.NFO,07/01/2020,11:08:48,2.7,2.6,31000,2.7,12400,0,279000
PFC30Jan20112.5PE.NFO,07/01/2020,11:09:20,2.7,2.6,24800,2.7,6200,0,279000
PFC30Jan20112.5PE.NFO,07/01/2020,11:09:26,2.7,2.65,6200,2.7,6200,0,279000
PFC30Jan20112.5PE.NFO,07/01/2020,11:09:54,2.7,2.6,24800,2.7,6200,0,279000
PFC30Jan20112.5PE.NFO,07/01/2020,11:10:12,2.7,2.65,6200,2.7,6200,0,279000
PFC30Jan20112.5PE.NFO,07/01/2020,11:10:37,2.7,2.65,6200,2.75,37200,0,279000
PFC30Jan20112.5PE.NFO,07/01/2020,11:10:41,2.7,2.6,24800,2.7,6200,0,279000
PFC30Jan20112.5PE.NFO,07/01/2020,11:11:12,2.7,2.65,6200,2.7,6200,0,279000
PFC30Jan20112.5PE.NFO,07/01/2020,11:11:26,2.7,2.65,18600,2.75,12400,0,279000
PFC30Jan20112.5PE.NFO,07/01/2020,11:11:34,2.7,2.7,6200,2.8,43400,0,279000
PFC30Jan20112.5PE.NFO,07/01/2020,11:11:42,2.7,2.7,24800,2.8,6200,0,279000
PFC30Jan20112.5PE.NFO,07/01/2020,11:11:48,2.7,2.7,6200,2.8,31000,0,279000
PFC30Jan20112.5PE.NFO,07/01/2020,11:12:02,2.7,2.7,18600,2.8,12400,0,279000
PFC30Jan20112.5PE.NFO,07/01/2020,11:12:18,2.7,2.65,24800,2.8,43400,0,279000
PFC30Jan20112.5PE.NFO,07/01/2020,11:12:41,2.7,2.65,24800,2.75,6200,0,279000
PFC30Jan20112.5PE.NFO,07/01/2020,11:12:52,2.7,2.65,24800,2.75,18600,0,279000
PFC30Jan20112.5PE.NFO,07/01/2020,11:13:02,2.7,2.65,24800,2.75,24800,0,279000
PFC30Jan20112.5PE.NFO,07/01/2020,11:13:29,2.7,2.6,24800,2.75,37200,0,279000
PFC30Jan20112.5PE.NFO,07/01/2020,11:13:35,2.7,2.6,18600,2.75,31000,0,279000
PFC30Jan20112.5PE.NFO,07/01/2020,11:13:41,2.7,2.6,24800,2.75,37200,0,279000
PFC30Jan20112.5PE.NFO,07/01/2020,11:13:47,2.7,2.6,24800,2.7,12400,0,279000
PFC30Jan20112.5PE.NFO,07/01/2020,11:13:52,2.7,2.6,24800,2.7,18600,0,279000
PFC30Jan20112.5PE.NFO,07/01/2020,11:14:33,2.7,2.6,18600,2.7,12400,0,279000
PFC30Jan20112.5PE.NFO,07/01/2020,11:14:41,2.7,2.6,24800,2.7,18600,0,279000
PFC30Jan20112.5PE.NFO,07/01/2020,11:14:51,2.7,2.6,24800,2.7,12400,0,279000
PFC30Jan20112.5PE.NFO,07/01/2020,11:14:56,2.7,2.6,24800,2.7,18600,0,279000
PFC30Jan20112.5PE.NFO,07/01/2020,11:15:02,2.7,2.65,6200,2.75,43400,0,279000
PFC30Jan20112.5PE.NFO,07/01/2020,11:15:09,2.7,2.6,24800,2.7,12400,0,279000
PFC30Jan20112.5PE.NFO,07/01/2020,11:15:37,2.7,2.6,24800,2.7,6200,0,279000
PFC30Jan20112.5PE.NFO,07/01/2020,11:15:50,2.7,2.65,18600,2.75,37200,0,279000
PFC30Jan20112.5PE.NFO,07/01/2020,11:17:50,2.7,2.65,12400,2.75,37200,0,279000
PFC30Jan20112.5PE.NFO,07/01/2020,11:18:13,2.7,2.65,18600,2.75,37200,0,279000
PFC30Jan20112.5PE.NFO,07/01/2020,11:18:45,2.7,2.65,24800,2.75,37200,0,279000
PFC30Jan20112.5PE.NFO,07/01/2020,11:18:58,2.7,2.6,24800,2.7,12400,0,279000
PFC30Jan20112.5PE.NFO,07/01/2020,11:19:04,2.7,2.55,24800,2.7,43400,0,279000
PFC30Jan20112.5PE.NFO,07/01/2020,11:19:23,2.7,2.6,31000,2.75,37200,6200,291400
PFC30Jan20112.5PE.NFO,07/01/2020,11:19:32,2.7,2.6,31000,2.75,37200,0,291400
PFC30Jan20112.5PE.NFO,07/01/2020,11:19:49,2.7,2.6,31000,2.7,6200,0,291400
PFC30Jan20112.5PE.NFO,07/01/2020,11:20:19,2.7,2.6,24800,2.7,18600,0,291400
PFC30Jan20112.5PE.NFO,07/01/2020,11:20:29,2.7,2.6,31000,2.7,6200,0,291400
PFC30Jan20112.5PE.NFO,07/01/2020,11:20:35,2.7,2.6,12400,2.7,31000,0,291400
PFC30Jan20112.5PE.NFO,07/01/2020,11:20:40,2.7,2.55,24800,2.65,6200,0,291400
PFC30Jan20112.5PE.NFO,07/01/2020,11:20:51,2.7,2.55,6200,2.65,31000,0,291400
PFC30Jan20112.5PE.NFO,07/01/2020,11:20:57,2.7,2.55,12400,2.65,31000,0,291400
PFC30Jan20112.5PE.NFO,07/01/2020,11:21:17,2.7,2.55,12400,2.65,24800,0,291400
PFC30Jan20112.5PE.NFO,07/01/2020,11:21:31,2.7,2.55,31000,2.7,37200,0,291400
PFC30Jan20112.5PE.NFO,07/01/2020,11:21:47,2.7,2.55,31000,2.65,12400,0,291400
PFC30Jan20112.5PE.NFO,07/01/2020,11:21:55,2.7,2.55,31000,2.7,37200,0,291400
PFC30Jan20112.5PE.NFO,07/01/2020,11:22:00,2.7,2.55,31000,2.65,6200,0,291400
PFC30Jan20112.5PE.NFO,07/01/2020,11:22:05,2.7,2.55,31000,2.7,24800,0,291400
PFC30Jan20112.5PE.NFO,07/01/2020,11:22:33,2.7,2.55,6200,2.65,18600,0,291400
PFC30Jan20112.5PE.NFO,07/01/2020,11:22:38,2.7,2.55,18600,2.65,12400,0,291400
PFC30Jan20112.5PE.NFO,07/01/2020,11:23:09,2.7,2.55,24800,2.65,18600,0,291400
PFC30Jan20112.5PE.NFO,07/01/2020,11:23:14,2.7,2.55,12400,2.65,18600,0,291400
PFC30Jan20112.5PE.NFO,07/01/2020,11:23:33,2.7,2.55,6200,2.65,18600,0,291400
PFC30Jan20112.5PE.NFO,07/01/2020,11:23:42,2.7,2.5,24800,2.6,6200,0,291400
PFC30Jan20112.5PE.NFO,07/01/2020,11:23:47,2.7,2.55,6200,2.65,18600,0,291400
PFC30Jan20112.5PE.NFO,07/01/2020,11:24:04,2.7,2.5,31000,2.65,18600,0,291400
PFC30Jan20112.5PE.NFO,07/01/2020,11:24:14,2.7,2.5,24800,2.6,6200,0,291400
PFC30Jan20112.5PE.NFO,07/01/2020,11:24:28,2.7,2.5,24800,2.6,12400,0,291400
PFC30Jan20112.5PE.NFO,07/01/2020,11:24:32,2.7,2.45,31000,2.6,18600,0,291400
PFC30Jan20112.5PE.NFO,07/01/2020,11:24:46,2.7,2.45,24800,2.6,37200,0,291400
PFC30Jan20112.5PE.NFO,07/01/2020,11:24:51,2.7,2.45,24800,2.55,12400,0,291400
PFC30Jan20112.5PE.NFO,07/01/2020,11:24:59,2.7,2.5,12400,2.6,37200,0,291400
PFC30Jan20112.5PE.NFO,07/01/2020,11:25:05,2.7,2.5,24800,2.6,37200,0,291400
PFC30Jan20112.5PE.NFO,07/01/2020,11:25:09,2.7,2.5,12400,2.6,37200,0,291400
PFC30Jan20112.5PE.NFO,07/01/2020,11:26:03,2.7,2.5,24800,2.6,31000,0,291400
PFC30Jan20112.5PE.NFO,07/01/2020,11:26:49,2.7,2.5,31000,2.6,31000,0,291400
PFC30Jan20112.5PE.NFO,07/01/2020,11:26:53,2.7,2.5,18600,2.6,31000,0,291400
PFC30Jan20112.5PE.NFO,07/01/2020,11:27:04,2.7,2.5,6200,2.6,31000,0,291400
PFC30Jan20112.5PE.NFO,07/01/2020,11:27:10,2.7,2.5,6200,2.6,24800,0,291400
PFC30Jan20112.5PE.NFO,07/01/2020,11:27:14,2.7,2.5,6200,2.6,18600,0,291400
PFC30Jan20112.5PE.NFO,07/01/2020,11:27:17,2.7,2.5,18600,2.6,18600,0,291400
PFC30Jan20112.5PE.NFO,07/01/2020,11:27:24,2.7,2.5,24800,2.6,18600,0,291400
PFC30Jan20112.5PE.NFO,07/01/2020,11:27:38,2.7,2.5,24800,2.6,12400,0,291400
PFC30Jan20112.5PE.NFO,07/01/2020,11:27:44,2.7,2.5,12400,2.6,12400,0,291400
PFC30Jan20112.5PE.NFO,07/01/2020,11:27:50,2.7,2.5,18600,2.6,12400,0,291400
PFC30Jan20112.5PE.NFO,07/01/2020,11:27:53,2.7,2.45,24800,2.55,6200,0,291400
PFC30Jan20112.5PE.NFO,07/01/2020,11:28:07,2.7,2.45,24800,2.55,18600,0,291400
PFC30Jan20112.5PE.NFO,07/01/2020,11:28:23,2.7,2.45,24800,2.55,12400,0,291400
PFC30Jan20112.5PE.NFO,07/01/2020,11:28:57,2.7,2.4,31000,2.5,6200,0,291400
PFC30Jan20112.5PE.NFO,07/01/2020,11:29:01,2.7,2.4,6200,2.5,12400,0,291400
PFC30Jan20112.5PE.NFO,07/01/2020,11:29:05,2.7,2.35,37200,2.45,6200,0,291400
PFC30Jan20112.5PE.NFO,07/01/2020,11:29:13,2.7,2.35,24800,2.45,6200,0,291400
PFC30Jan20112.5PE.NFO,07/01/2020,11:29:17,2.7,2.35,24800,2.45,12400,0,291400
PFC30Jan20112.5PE.NFO,07/01/2020,11:29:24,2.7,2.35,24800,2.45,6200,0,291400
PFC30Jan20112.5PE.NFO,07/01/2020,11:29:31,2.7,2.35,31000,2.45,6200,0,291400
PFC30Jan20112.5PE.NFO,07/01/2020,11:29:45,2.7,2.4,24800,2.45,6200,0,291400
PFC30Jan20112.5PE.NFO,07/01/2020,11:30:26,2.7,2.4,24800,2.5,12400,0,291400
PFC30Jan20112.5PE.NFO,07/01/2020,11:30:30,2.7,2.4,24800,2.45,6200,0,291400
PFC30Jan20112.5PE.NFO,07/01/2020,11:30:52,2.7,2.4,24800,2.5,12400,0,291400
PFC30Jan20112.5PE.NFO,07/01/2020,11:31:03,2.7,2.4,24800,2.5,31000,0,291400
PFC30Jan20112.5PE.NFO,07/01/2020,11:32:04,2.7,2.35,24800,2.45,24800,0,291400
PFC30Jan20112.5PE.NFO,07/01/2020,11:32:10,2.7,2.35,24800,2.5,43400,0,291400
PFC30Jan20112.5PE.NFO,07/01/2020,11:32:20,2.7,2.35,12400,2.45,43400,0,291400
PFC30Jan20112.5PE.NFO,07/01/2020,11:32:25,2.7,2.35,12400,2.4,6200,0,291400
PFC30Jan20112.5PE.NFO,07/01/2020,11:32:30,2.7,2.35,24800,2.45,43400,0,291400
PFC30Jan20112.5PE.NFO,07/01/2020,11:32:44,2.7,2.35,18600,2.45,43400,0,291400
PFC30Jan20112.5PE.NFO,07/01/2020,11:32:55,2.7,2.35,24800,2.45,31000,0,291400
PFC30Jan20112.5PE.NFO,07/01/2020,11:33:14,2.7,2.35,24800,2.45,37200,0,291400
PFC30Jan20112.5PE.NFO,07/01/2020,11:33:34,2.7,2.35,24800,2.45,43400,0,291400
PFC30Jan20112.5PE.NFO,07/01/2020,11:33:55,2.7,2.3,24800,2.4,24800,0,291400
PFC30Jan20112.5PE.NFO,07/01/2020,11:34:08,2.7,2.3,24800,2.4,31000,0,291400
PFC30Jan20112.5PE.NFO,07/01/2020,11:34:15,2.7,2.3,24800,2.4,37200,0,291400
PFC30Jan20112.5PE.NFO,07/01/2020,11:34:28,2.7,2.25,18600,2.35,12400,0,291400
PFC30Jan20112.5PE.NFO,07/01/2020,11:34:34,2.7,2.25,18600,2.35,31000,0,291400
PFC30Jan20112.5PE.NFO,07/01/2020,11:34:41,2.7,2.3,6200,2.35,12400,0,291400
PFC30Jan20112.5PE.NFO,07/01/2020,11:35:05,2.7,2.25,18600,2.35,31000,0,291400
PFC30Jan20112.5PE.NFO,07/01/2020,11:35:11,2.7,2.2,18600,2.3,24800,0,291400
PFC30Jan20112.5PE.NFO,07/01/2020,11:35:18,2.7,2.25,6200,2.3,18600,0,291400
PFC30Jan20112.5PE.NFO,07/01/2020,11:35:25,2.7,2.2,18600,2.3,24800,0,291400
PFC30Jan20112.5PE.NFO,07/01/2020,11:35:30,2.7,2.2,18600,2.3,31000,0,291400
PFC30Jan20112.5PE.NFO,07/01/2020,11:35:35,2.7,2.2,12400,2.25,6200,0,291400
PFC30Jan20112.5PE.NFO,07/01/2020,11:36:04,2.7,2.15,18600,2.25,43400,0,291400
PFC30Jan20112.5PE.NFO,07/01/2020,11:36:08,2.7,2.15,18600,2.25,49600,0,291400
PFC30Jan20112.5PE.NFO,07/01/2020,11:36:34,2.7,2.15,24800,2.25,12400,0,291400
PFC30Jan20112.5PE.NFO,07/01/2020,11:36:39,2.7,2.15,24800,2.25,24800,0,291400
PFC30Jan20112.5PE.NFO,07/01/2020,11:36:44,2.7,2.15,6200,2.25,31000,0,291400
PFC30Jan20112.5PE.NFO,07/01/2020,11:36:50,2.7,2.2,12400,2.3,49600,0,291400
PFC30Jan20112.5PE.NFO,07/01/2020,11:36:57,2.7,2.2,12400,2.3,37200,0,291400
PFC30Jan20112.5PE.NFO,07/01/2020,11:37:36,2.25,2.2,18600,2.3,6200,6200,266600
PFC30Jan20112.5PE.NFO,07/01/2020,11:37:42,2.25,2.2,12400,2.3,37200,0,266600
PFC30Jan20112.5PE.NFO,07/01/2020,11:38:06,2.25,2.2,18600,2.3,18600,0,266600
PFC30Jan20112.5PE.NFO,07/01/2020,11:38:31,2.25,2.2,18600,2.3,18600,6200,266600
PFC30Jan20112.5PE.NFO,07/01/2020,11:38:35,2.25,2.2,18600,2.3,18600,0,266600
PFC30Jan20112.5PE.NFO,07/01/2020,11:38:45,2.25,2.2,31000,2.3,18600,0,266600
PFC30Jan20112.5PE.NFO,07/01/2020,11:39:00,2.25,2.2,37200,2.3,18600,0,266600
PFC30Jan20112.5PE.NFO,07/01/2020,11:39:22,2.25,2.25,24800,2.35,31000,0,266600
PFC30Jan20112.5PE.NFO,07/01/2020,11:39:38,2.25,2.25,18600,2.35,24800,0,266600
PFC30Jan20112.5PE.NFO,07/01/2020,11:39:42,2.25,2.25,24800,2.35,31000,0,266600
PFC30Jan20112.5PE.NFO,07/01/2020,11:39:48,2.25,2.25,24800,2.35,18600,0,266600
PFC30Jan20112.5PE.NFO,07/01/2020,11:39:55,2.25,2.25,24800,2.4,31000,0,266600
PFC30Jan20112.5PE.NFO,07/01/2020,11:40:03,2.25,2.25,24800,2.4,24800,0,266600
PFC30Jan20112.5PE.NFO,07/01/2020,11:40:09,2.25,2.25,24800,2.4,31000,0,266600
PFC30Jan20112.5PE.NFO,07/01/2020,11:40:18,2.25,2.25,31000,2.4,31000,0,266600
PFC30Jan20112.5PE.NFO,07/01/2020,11:40:23,2.25,2.25,24800,2.35,6200,0,266600
PFC30Jan20112.5PE.NFO,07/01/2020,11:40:27,2.25,2.25,24800,2.35,18600,0,266600
PFC30Jan20112.5PE.NFO,07/01/2020,11:40:43,2.25,2.25,24800,2.35,6200,0,266600
PFC30Jan20112.5PE.NFO,07/01/2020,11:41:37,2.25,2.25,24800,2.35,12400,0,266600
PFC30Jan20112.5PE.NFO,07/01/2020,11:41:46,2.25,2.25,31000,2.35,18600,0,266600
PFC30Jan20112.5PE.NFO,07/01/2020,11:42:15,2.25,2.25,31000,2.35,24800,0,266600
PFC30Jan20112.5PE.NFO,07/01/2020,11:42:22,2.25,2.25,31000,2.35,18600,0,266600
PFC30Jan20112.5PE.NFO,07/01/2020,11:42:36,2.25,2.25,24800,2.35,18600,0,266600
PFC30Jan20112.5PE.NFO,07/01/2020,11:42:42,2.25,2.25,31000,2.35,24800,0,266600
PFC30Jan20112.5PE.NFO,07/01/2020,11:43:19,2.25,2.25,24800,2.35,18600,0,266600
PFC30Jan20112.5PE.NFO,07/01/2020,11:43:24,2.25,2.25,31000,2.35,24800,0,266600
PFC30Jan20112.5PE.NFO,07/01/2020,11:43:27,2.25,2.25,24800,2.35,18600,0,266600
PFC30Jan20112.5PE.NFO,07/01/2020,11:43:36,2.25,2.25,31000,2.35,24800,0,266600
PFC30Jan20112.5PE.NFO,07/01/2020,11:43:47,2.25,2.25,31000,2.35,31000,0,266600
PFC30Jan20112.5PE.NFO,07/01/2020,11:45:33,2.25,2.25,31000,2.35,24800,0,266600
PFC30Jan20112.5PE.NFO,07/01/2020,11:45:42,2.25,2.3,6200,2.35,12400,0,266600
PFC30Jan20112.5PE.NFO,07/01/2020,11:45:50,2.25,2.25,31000,2.35,18600,0,266600
PFC30Jan20112.5PE.NFO,07/01/2020,11:46:19,2.25,2.3,6200,2.35,12400,0,266600
PFC30Jan20112.5PE.NFO,07/01/2020,11:46:27,2.25,2.3,6200,2.4,49600,0,266600
PFC30Jan20112.5PE.NFO,07/01/2020,11:46:30,2.25,2.25,31000,2.35,24800,0,266600
PFC30Jan20112.5PE.NFO,07/01/2020,11:46:36,2.25,2.3,24800,2.4,49600,0,266600
PFC30Jan20112.5PE.NFO,07/01/2020,11:47:11,2.25,2.3,6200,2.4,49600,0,266600
PFC30Jan20112.5PE.NFO,07/01/2020,11:47:15,2.25,2.25,31000,2.35,12400,0,266600
PFC30Jan20112.5PE.NFO,07/01/2020,11:47:19,2.25,2.3,12400,2.4,43400,0,266600
PFC30Jan20112.5PE.NFO,07/01/2020,11:47:23,2.25,2.3,24800,2.4,43400,0,266600
PFC30Jan20112.5PE.NFO,07/01/2020,11:47:32,2.25,2.3,31000,2.4,18600,0,266600
PFC30Jan20112.5PE.NFO,07/01/2020,11:47:37,2.25,2.3,31000,2.4,12400,0,266600
PFC30Jan20112.5PE.NFO,07/01/2020,11:47:41,2.25,2.3,31000,2.45,31000,0,266600
PFC30Jan20112.5PE.NFO,07/01/2020,11:47:49,2.25,2.35,31000,2.45,24800,0,266600
PFC30Jan20112.5PE.NFO,07/01/2020,11:48:11,2.25,2.35,31000,2.45,31000,0,266600
PFC30Jan20112.5PE.NFO,07/01/2020,11:48:16,2.25,2.4,12400,2.5,37200,0,266600
PFC30Jan20112.5PE.NFO,07/01/2020,11:48:22,2.25,2.3,31000,2.4,6200,0,266600
PFC30Jan20112.5PE.NFO,07/01/2020,11:49:16,2.25,2.35,18600,2.45,37200,0,266600
PFC30Jan20112.5PE.NFO,07/01/2020,11:49:47,2.25,2.35,24800,2.45,24800,0,266600
PFC30Jan20112.5PE.NFO,07/01/2020,11:49:55,2.25,2.35,12400,2.45,24800,0,266600
PFC30Jan20112.5PE.NFO,07/01/2020,11:50:00,2.25,2.35,31000,2.5,31000,0,266600
PFC30Jan20112.5PE.NFO,07/01/2020,11:50:40,2.25,2.35,31000,2.5,24800,0,266600
PFC30Jan20112.5PE.NFO,07/01/2020,11:50:47,2.25,2.35,31000,2.45,12400,0,266600
PFC30Jan20112.5PE.NFO,07/01/2020,11:51:34,2.25,2.35,12400,2.45,43400,0,266600
PFC30Jan20112.5PE.NFO,07/01/2020,11:51:39,2.35,2.35,18600,2.45,37200,6200,272800
PFC30Jan20112.5PE.NFO,07/01/2020,11:51:47,2.35,2.35,18600,2.45,31000,0,272800
PFC30Jan20112.5PE.NFO,07/01/2020,11:51:57,2.35,2.35,18600,2.45,24800,0,272800
PFC30Jan20112.5PE.NFO,07/01/2020,11:52:19,2.35,2.35,18600,2.45,43400,0,272800
PFC30Jan20112.5PE.NFO,07/01/2020,11:53:23,2.35,2.35,24800,2.5,49600,0,272800
PFC30Jan20112.5PE.NFO,07/01/2020,11:53:27,2.35,2.35,24800,2.45,24800,0,272800
PFC30Jan20112.5PE.NFO,07/01/2020,11:53:30,2.35,2.35,24800,2.5,43400,0,272800
PFC30Jan20112.5PE.NFO,07/01/2020,11:53:34,2.35,2.35,24800,2.45,18600,0,272800
PFC30Jan20112.5PE.NFO,07/01/2020,11:53:40,2.35,2.35,24800,2.5,43400,0,272800
PFC30Jan20112.5PE.NFO,07/01/2020,11:54:11,2.35,2.35,24800,2.5,49600,0,272800
PFC30Jan20112.5PE.NFO,07/01/2020,11:55:33,2.35,2.35,18600,2.5,49600,0,272800
PFC30Jan20112.5PE.NFO,07/01/2020,11:55:52,2.35,2.35,18600,2.45,12400,0,272800
PFC30Jan20112.5PE.NFO,07/01/2020,11:56:07,2.35,2.35,18600,2.45,18600,0,272800
PFC30Jan20112.5PE.NFO,07/01/2020,11:56:15,2.35,2.35,18600,2.45,12400,0,272800
PFC30Jan20112.5PE.NFO,07/01/2020,11:56:17,2.35,2.35,18600,2.45,18600,0,272800
PFC30Jan20112.5PE.NFO,07/01/2020,11:56:21,2.35,2.35,18600,2.45,24800,0,272800
PFC30Jan20112.5PE.NFO,07/01/2020,11:56:23,2.35,2.35,24800,2.45,24800,0,272800
PFC30Jan20112.5PE.NFO,07/01/2020,11:56:33,2.35,2.35,24800,2.45,18600,0,272800
PFC30Jan20112.5PE.NFO,07/01/2020,11:56:47,2.35,2.35,24800,2.45,24800,0,272800
PFC30Jan20112.5PE.NFO,07/01/2020,11:57:07,2.35,2.3,24800,2.4,31000,0,272800
PFC30Jan20112.5PE.NFO,07/01/2020,11:57:21,2.35,2.25,24800,2.35,12400,0,272800
PFC30Jan20112.5PE.NFO,07/01/2020,11:57:34,2.35,2.25,24800,2.35,6200,0,272800
PFC30Jan20112.5PE.NFO,07/01/2020,11:57:49,2.35,2.3,18600,2.4,12400,0,272800
PFC30Jan20112.5PE.NFO,07/01/2020,11:57:54,2.35,2.3,18600,2.4,6200,0,272800
PFC30Jan20112.5PE.NFO,07/01/2020,11:58:08,2.35,2.3,18600,2.4,18600,0,272800
PFC30Jan20112.5PE.NFO,07/01/2020,11:58:46,2.35,2.3,6200,2.35,6200,0,272800
PFC30Jan20112.5PE.NFO,07/01/2020,11:58:55,2.35,2.3,12400,2.35,6200,0,272800
PFC30Jan20112.5PE.NFO,07/01/2020,11:59:05,2.35,2.3,18600,2.35,6200,0,272800
PFC30Jan20112.5PE.NFO,07/01/2020,11:59:14,2.35,2.3,18600,2.4,12400,0,272800
PFC30Jan20112.5PE.NFO,07/01/2020,11:59:30,2.35,2.3,18600,2.4,18600,0,272800
PFC30Jan20112.5PE.NFO,07/01/2020,11:59:34,2.35,2.3,18600,2.4,12400,0,272800
PFC30Jan20112.5PE.NFO,07/01/2020,11:59:58,2.35,2.3,24800,2.45,37200,0,272800
PFC30Jan20112.5PE.NFO,07/01/2020,12:00:09,2.35,2.3,24800,2.4,6200,0,272800
PFC30Jan20112.5PE.NFO,07/01/2020,12:00:59,2.35,2.3,24800,2.4,24800,0,272800
PFC30Jan20112.5PE.NFO,07/01/2020,12:01:02,2.35,2.3,24800,2.4,6200,0,272800
PFC30Jan20112.5PE.NFO,07/01/2020,12:01:14,2.35,2.3,24800,2.45,49600,0,272800
PFC30Jan20112.5PE.NFO,07/01/2020,12:01:32,2.35,2.35,24800,2.45,31000,0,272800
PFC30Jan20112.5PE.NFO,07/01/2020,12:01:47,2.35,2.35,31000,2.5,43400,0,272800
PFC30Jan20112.5PE.NFO,07/01/2020,12:02:02,2.35,2.35,31000,2.5,49600,0,272800
PFC30Jan20112.5PE.NFO,07/01/2020,12:02:14,2.35,2.35,31000,2.5,31000,0,272800
PFC30Jan20112.5PE.NFO,07/01/2020,12:02:19,2.35,2.4,24800,2.5,24800,0,272800
PFC30Jan20112.5PE.NFO,07/01/2020,12:02:29,2.35,2.4,24800,2.5,18600,0,272800
PFC30Jan20112.5PE.NFO,07/01/2020,12:02:35,2.35,2.4,18600,2.5,31000,0,272800
PFC30Jan20112.5PE.NFO,07/01/2020,12:03:04,2.35,2.4,18600,2.5,37200,0,272800
PFC30Jan20112.5PE.NFO,07/01/2020,12:03:09,2.35,2.45,6200,2.5,37200,0,272800
PFC30Jan20112.5PE.NFO,07/01/2020,12:03:15,2.35,2.45,6200,2.5,31000,0,272800
PFC30Jan20112.5PE.NFO,07/01/2020,12:03:21,2.35,2.45,6200,2.5,37200,0,272800
PFC30Jan20112.5PE.NFO,07/01/2020,12:03:33,2.35,2.45,6200,2.5,12400,0,272800
PFC30Jan20112.5PE.NFO,07/01/2020,12:03:46,2.35,2.45,6200,2.5,31000,0,272800
PFC30Jan20112.5PE.NFO,07/01/2020,12:03:49,2.35,2.45,6200,2.5,24800,0,272800
PFC30Jan20112.5PE.NFO,07/01/2020,12:03:53,2.35,2.45,6200,2.5,12400,0,272800
PFC30Jan20112.5PE.NFO,07/01/2020,12:04:26,2.35,2.45,6200,2.5,24800,0,272800
PFC30Jan20112.5PE.NFO,07/01/2020,12:04:36,2.35,2.45,6200,2.5,12400,0,272800
PFC30Jan20112.5PE.NFO,07/01/2020,12:04:40,2.35,2.4,18600,2.5,12400,0,272800
PFC30Jan20112.5PE.NFO,07/01/2020,12:04:46,2.35,2.4,18600,2.5,18600,0,272800
PFC30Jan20112.5PE.NFO,07/01/2020,12:04:50,2.35,2.45,6200,2.5,18600,0,272800
PFC30Jan20112.5PE.NFO,07/01/2020,12:04:56,2.35,2.45,6200,2.5,31000,0,272800
PFC30Jan20112.5PE.NFO,07/01/2020,12:04:59,2.35,2.45,6200,2.5,18600,0,272800
PFC30Jan20112.5PE.NFO,07/01/2020,12:05:14,2.5,2.45,6200,2.5,18600,6200,272800
PFC30Jan20112.5PE.NFO,07/01/2020,12:05:17,2.5,2.45,6200,2.5,12400,0,272800
PFC30Jan20112.5PE.NFO,07/01/2020,12:05:28,2.5,2.4,24800,2.5,12400,0,272800
PFC30Jan20112.5PE.NFO,07/01/2020,12:05:54,2.5,2.45,6200,2.5,6200,0,272800
PFC30Jan20112.5PE.NFO,07/01/2020,12:06:02,2.5,2.4,24800,2.5,12400,0,272800
PFC30Jan20112.5PE.NFO,07/01/2020,12:06:05,2.5,2.45,6200,2.5,6200,0,272800
PFC30Jan20112.5PE.NFO,07/01/2020,12:06:09,2.5,2.4,24800,2.5,12400,0,272800
PFC30Jan20112.5PE.NFO,07/01/2020,12:06:15,2.5,2.45,6200,2.5,6200,0,272800
PFC30Jan20112.5PE.NFO,07/01/2020,12:06:23,2.5,2.4,24800,2.5,12400,0,272800
PFC30Jan20112.5PE.NFO,07/01/2020,12:06:26,2.5,2.45,6200,2.5,6200,0,272800
PFC30Jan20112.5PE.NFO,07/01/2020,12:06:38,2.5,2.45,12400,2.5,6200,0,272800
PFC30Jan20112.5PE.NFO,07/01/2020,12:06:45,2.5,2.45,12400,2.55,43400,0,272800
PFC30Jan20112.5PE.NFO,07/01/2020,12:06:48,2.5,2.45,12400,2.55,37200,0,272800
PFC30Jan20112.5PE.NFO,07/01/2020,12:06:51,2.5,2.45,18600,2.55,37200,0,272800
PFC30Jan20112.5PE.NFO,07/01/2020,12:07:15,2.5,2.45,18600,2.55,12400,0,272800
PFC30Jan20112.5PE.NFO,07/01/2020,12:08:09,2.5,2.45,18600,2.55,24800,0,272800
PFC30Jan20112.5PE.NFO,07/01/2020,12:08:19,2.5,2.45,18600,2.55,31000,0,272800
PFC30Jan20112.5PE.NFO,07/01/2020,12:08:31,2.5,2.45,18600,2.55,24800,0,272800
PFC30Jan20112.5PE.NFO,07/01/2020,12:08:43,2.5,2.45,18600,2.55,12400,0,272800
PFC30Jan20112.5PE.NFO,07/01/2020,12:09:00,2.5,2.45,18600,2.55,6200,0,272800
PFC30Jan20112.5PE.NFO,07/01/2020,12:09:04,2.5,2.45,18600,2.55,24800,0,272800
PFC30Jan20112.5PE.NFO,07/01/2020,12:09:32,2.5,2.45,18600,2.55,6200,0,272800
PFC30Jan20112.5PE.NFO,07/01/2020,12:09:35,2.5,2.45,18600,2.6,43400,0,272800
PFC30Jan20112.5PE.NFO,07/01/2020,12:09:49,2.5,2.5,6200,2.6,37200,0,272800
PFC30Jan20112.5PE.NFO,07/01/2020,12:09:52,2.5,2.5,6200,2.6,31000,0,272800
PFC30Jan20112.5PE.NFO,07/01/2020,12:11:20,2.5,2.45,18600,2.6,31000,0,272800
PFC30Jan20112.5PE.NFO,07/01/2020,12:11:31,2.5,2.5,6200,2.6,31000,0,272800
PFC30Jan20112.5PE.NFO,07/01/2020,12:12:39,2.5,2.45,18600,2.55,12400,0,272800
PFC30Jan20112.5PE.NFO,07/01/2020,12:12:47,2.5,2.45,18600,2.55,18600,0,272800
PFC30Jan20112.5PE.NFO,07/01/2020,12:13:15,2.5,2.45,6200,2.55,43400,0,272800
PFC30Jan20112.5PE.NFO,07/01/2020,12:13:22,2.5,2.45,18600,2.55,43400,0,272800
PFC30Jan20112.5PE.NFO,07/01/2020,12:13:28,2.5,2.45,18600,2.55,37200,0,272800
PFC30Jan20112.5PE.NFO,07/01/2020,12:13:38,2.5,2.45,18600,2.55,31000,0,272800
PFC30Jan20112.5PE.NFO,07/01/2020,12:14:03,2.5,2.5,12400,2.55,6200,0,272800
PFC30Jan20112.5PE.NFO,07/01/2020,12:14:10,2.5,2.5,18600,2.6,31000,0,272800
PFC30Jan20112.5PE.NFO,07/01/2020,12:14:23,2.5,2.5,18600,2.6,43400,0,272800
PFC30Jan20112.5PE.NFO,07/01/2020,12:14:26,2.5,2.5,18600,2.6,37200,0,272800
PFC30Jan20112.5PE.NFO,07/01/2020,12:14:48,2.5,2.5,18600,2.6,43400,0,272800
PFC30Jan20112.5PE.NFO,07/01/2020,12:15:14,2.5,2.5,18600,2.6,37200,0,272800
PFC30Jan20112.5PE.NFO,07/01/2020,12:15:23,2.5,2.5,18600,2.6,31000,0,272800
PFC30Jan20112.5PE.NFO,07/01/2020,12:15:45,2.5,2.5,18600,2.6,18600,0,272800
PFC30Jan20112.5PE.NFO,07/01/2020,12:15:50,2.5,2.5,18600,2.6,31000,0,272800
PFC30Jan20112.5PE.NFO,07/01/2020,12:16:03,2.5,2.5,18600,2.6,24800,0,272800
PFC30Jan20112.5PE.NFO,07/01/2020,12:16:07,2.5,2.5,18600,2.6,18600,0,272800
PFC30Jan20112.5PE.NFO,07/01/2020,12:16:17,2.5,2.5,18600,2.6,12400,0,272800
PFC30Jan20112.5PE.NFO,07/01/2020,12:16:27,2.5,2.5,18600,2.6,24800,0,272800
PFC30Jan20112.5PE.NFO,07/01/2020,12:16:41,2.5,2.5,18600,2.6,12400,0,272800
PFC30Jan20112.5PE.NFO,07/01/2020,12:17:35,2.5,2.5,18600,2.6,18600,0,272800
PFC30Jan20112.5PE.NFO,07/01/2020,12:18:23,2.5,2.5,18600,2.6,37200,0,272800
PFC30Jan20112.5PE.NFO,07/01/2020,12:18:30,2.5,2.5,18600,2.6,18600,0,272800
PFC30Jan20112.5PE.NFO,07/01/2020,12:18:33,2.5,2.5,18600,2.6,24800,0,272800
PFC30Jan20112.5PE.NFO,07/01/2020,12:18:48,2.5,2.5,18600,2.6,31000,0,272800
PFC30Jan20112.5PE.NFO,07/01/2020,12:18:53,2.5,2.5,18600,2.6,24800,0,272800
PFC30Jan20112.5PE.NFO,07/01/2020,12:19:10,2.5,2.5,18600,2.6,18600,0,272800
PFC30Jan20112.5PE.NFO,07/01/2020,12:19:40,2.5,2.5,18600,2.6,31000,0,272800
PFC30Jan20112.5PE.NFO,07/01/2020,12:19:46,2.5,2.5,18600,2.6,37200,0,272800
PFC30Jan20112.5PE.NFO,07/01/2020,12:21:06,2.5,2.5,18600,2.6,31000,0,272800
PFC30Jan20112.5PE.NFO,07/01/2020,12:22:00,2.5,2.5,18600,2.55,6200,0,272800
PFC30Jan20112.5PE.NFO,07/01/2020,12:22:12,2.5,2.5,18600,2.6,43400,0,272800
PFC30Jan20112.5PE.NFO,07/01/2020,12:22:28,2.5,2.5,18600,2.6,24800,0,272800
PFC30Jan20112.5PE.NFO,07/01/2020,12:24:13,2.5,2.5,18600,2.6,37200,0,272800
PFC30Jan20112.5PE.NFO,07/01/2020,12:24:43,2.5,2.5,18600,2.6,24800,0,272800
PFC30Jan20112.5PE.NFO,07/01/2020,12:25:08,2.5,2.55,6200,2.6,6200,0,272800
PFC30Jan20112.5PE.NFO,07/01/2020,12:25:19,2.5,2.55,6200,2.6,12400,0,272800
PFC30Jan20112.5PE.NFO,07/01/2020,12:25:34,2.5,2.55,6200,2.6,6200,0,272800
PFC30Jan20112.5PE.NFO,07/01/2020,12:25:35,2.5,2.55,6200,2.65,43400,0,272800
PFC30Jan20112.5PE.NFO,07/01/2020,12:25:39,2.5,2.5,18600,2.6,18600,0,272800
PFC30Jan20112.5PE.NFO,07/01/2020,12:26:43,2.5,2.55,6200,2.6,6200,0,272800
PFC30Jan20112.5PE.NFO,07/01/2020,12:26:52,2.5,2.5,18600,2.6,6200,0,272800
PFC30Jan20112.5PE.NFO,07/01/2020,12:27:00,2.5,2.55,18600,2.65,37200,0,272800
PFC30Jan20112.5PE.NFO,07/01/2020,12:27:52,2.5,2.55,18600,2.65,18600,0,272800
PFC30Jan20112.5PE.NFO,07/01/2020,12:28:08,2.5,2.55,18600,2.65,24800,0,272800
PFC30Jan20112.5PE.NFO,07/01/2020,12:28:31,2.5,2.55,12400,2.65,18600,0,272800
PFC30Jan20112.5PE.NFO,07/01/2020,12:28:35,2.5,2.55,18600,2.65,24800,0,272800
PFC30Jan20112.5PE.NFO,07/01/2020,12:28:57,2.5,2.6,18600,2.7,18600,0,272800
PFC30Jan20112.5PE.NFO,07/01/2020,12:29:05,2.5,2.6,18600,2.7,6200,0,272800
PFC30Jan20112.5PE.NFO,07/01/2020,12:29:23,2.5,2.65,12400,2.75,37200,0,272800
PFC30Jan20112.5PE.NFO,07/01/2020,12:29:28,2.5,2.6,18600,2.7,6200,0,272800
PFC30Jan20112.5PE.NFO,07/01/2020,12:29:52,2.5,2.6,18600,2.7,18600,0,272800
PFC30Jan20112.5PE.NFO,07/01/2020,12:30:06,2.5,2.6,18600,2.7,6200,0,272800
PFC30Jan20112.5PE.NFO,07/01/2020,12:30:31,2.5,2.6,12400,2.7,6200,0,272800
PFC30Jan20112.5PE.NFO,07/01/2020,12:30:51,2.5,2.6,18600,2.7,6200,0,272800
PFC30Jan20112.5PE.NFO,07/01/2020,12:31:07,2.5,2.6,12400,2.7,6200,0,272800
PFC30Jan20112.5PE.NFO,07/01/2020,12:31:11,2.5,2.6,18600,2.7,6200,0,272800
PFC30Jan20112.5PE.NFO,07/01/2020,12:31:46,2.5,2.6,12400,2.7,6200,0,272800
PFC30Jan20112.5PE.NFO,07/01/2020,12:31:50,2.5,2.6,18600,2.7,6200,0,272800
PFC30Jan20112.5PE.NFO,07/01/2020,12:31:54,2.5,2.6,12400,2.7,6200,0,272800
PFC30Jan20112.5PE.NFO,07/01/2020,12:31:58,2.5,2.65,18600,2.75,31000,0,272800
PFC30Jan20112.5PE.NFO,07/01/2020,12:32:07,2.5,2.65,12400,2.75,24800,0,272800
PFC30Jan20112.5PE.NFO,07/01/2020,12:32:15,2.5,2.65,18600,2.75,31000,0,272800
PFC30Jan20112.5PE.NFO,07/01/2020,12:32:18,2.5,2.65,12400,2.75,24800,0,272800
PFC30Jan20112.5PE.NFO,07/01/2020,12:32:22,2.5,2.6,18600,2.7,6200,0,272800
PFC30Jan20112.5PE.NFO,07/01/2020,12:32:35,2.5,2.65,18600,2.75,31000,0,272800
PFC30Jan20112.5PE.NFO,07/01/2020,12:33:04,2.5,2.6,18600,2.7,6200,0,272800
PFC30Jan20112.5PE.NFO,07/01/2020,12:33:27,2.5,2.6,12400,2.7,6200,0,272800
PFC30Jan20112.5PE.NFO,07/01/2020,12:33:32,2.5,2.6,18600,2.7,6200,0,272800
PFC30Jan20112.5PE.NFO,07/01/2020,12:33:44,2.5,2.65,18600,2.75,31000,0,272800
PFC30Jan20112.5PE.NFO,07/01/2020,12:34:09,2.5,2.6,18600,2.7,6200,0,272800
PFC30Jan20112.5PE.NFO,07/01/2020,12:34:16,2.65,2.65,18600,2.7,6200,6200,279000
PFC30Jan20112.5PE.NFO,07/01/2020,12:34:20,2.65,2.65,18600,2.7,6200,0,279000
PFC30Jan20112.5PE.NFO,07/01/2020,12:34:27,2.65,2.6,18600,2.7,12400,0,279000
PFC30Jan20112.5PE.NFO,07/01/2020,12:34:31,2.65,2.6,18600,2.65,6200,0,279000
PFC30Jan20112.5PE.NFO,07/01/2020,12:34:42,2.65,2.6,12400,2.65,6200,0,279000
PFC30Jan20112.5PE.NFO,07/01/2020,12:34:55,2.65,2.55,18600,2.65,31000,0,279000
PFC30Jan20112.5PE.NFO,07/01/2020,12:35:21,2.65,2.55,18600,2.6,6200,0,279000
PFC30Jan20112.5PE.NFO,07/01/2020,12:35:24,2.65,2.5,18600,2.6,6200,0,279000
PFC30Jan20112.5PE.NFO,07/01/2020,12:36:16,2.65,2.5,18600,2.6,12400,0,279000
PFC30Jan20112.5PE.NFO,07/01/2020,12:36:19,2.65,2.55,12400,2.6,6200,0,279000
PFC30Jan20112.5PE.NFO,07/01/2020,12:36:36,2.65,2.55,18600,2.6,6200,0,279000
PFC30Jan20112.5PE.NFO,07/01/2020,12:37:02,2.65,2.55,12400,2.6,6200,0,279000
PFC30Jan20112.5PE.NFO,07/01/2020,12:37:15,2.65,2.55,18600,2.6,6200,0,279000
PFC30Jan20112.5PE.NFO,07/01/2020,12:37:52,2.65,2.55,12400,2.65,31000,0,279000
PFC30Jan20112.5PE.NFO,07/01/2020,12:38:02,2.65,2.55,18600,2.65,31000,0,279000
PFC30Jan20112.5PE.NFO,07/01/2020,12:38:28,2.65,2.55,6200,2.65,31000,0,279000
PFC30Jan20112.5PE.NFO,07/01/2020,12:38:49,2.65,2.55,6200,2.6,6200,0,279000
PFC30Jan20112.5PE.NFO,07/01/2020,12:38:53,2.65,2.55,6200,2.6,12400,0,279000
PFC30Jan20112.5PE.NFO,07/01/2020,12:39:20,2.65,2.55,18600,2.6,12400,0,279000
PFC30Jan20112.5PE.NFO,07/01/2020,12:40:01,2.65,2.55,18600,2.6,18600,0,279000
PFC30Jan20112.5PE.NFO,07/01/2020,12:40:32,2.65,2.55,6200,2.6,18600,0,279000
PFC30Jan20112.5PE.NFO,07/01/2020,12:41:03,2.65,2.55,18600,2.6,18600,0,279000
PFC30Jan20112.5PE.NFO,07/01/2020,12:42:28,2.65,2.55,12400,2.6,18600,0,279000
PFC30Jan20112.5PE.NFO,07/01/2020,12:42:35,2.65,2.55,18600,2.6,18600,0,279000
PFC30Jan20112.5PE.NFO,07/01/2020,12:42:40,2.65,2.55,18600,2.65,31000,0,279000
PFC30Jan20112.5PE.NFO,07/01/2020,12:43:53,2.65,2.55,18600,2.65,24800,0,279000
PFC30Jan20112.5PE.NFO,07/01/2020,12:44:24,2.65,2.55,18600,2.65,31000,0,279000
PFC30Jan20112.5PE.NFO,07/01/2020,12:44:32,2.65,2.55,6200,2.6,6200,0,279000
PFC30Jan20112.5PE.NFO,07/01/2020,12:44:35,2.65,2.55,18600,2.65,31000,0,279000
PFC30Jan20112.5PE.NFO,07/01/2020,12:45:37,2.65,2.55,18600,2.65,24800,0,279000
PFC30Jan20112.5PE.NFO,07/01/2020,12:45:51,2.65,2.5,24800,2.65,49600,0,279000
PFC30Jan20112.5PE.NFO,07/01/2020,12:46:37,2.65,2.5,24800,2.6,6200,0,279000
PFC30Jan20112.5PE.NFO,07/01/2020,12:46:52,2.65,2.55,6200,2.65,49600,0,279000
PFC30Jan20112.5PE.NFO,07/01/2020,12:47:39,2.65,2.5,24800,2.6,24800,0,279000
PFC30Jan20112.5PE.NFO,07/01/2020,12:47:48,2.65,2.5,24800,2.6,37200,0,279000
PFC30Jan20112.5PE.NFO,07/01/2020,12:48:02,2.65,2.5,18600,2.6,37200,0,279000
PFC30Jan20112.5PE.NFO,07/01/2020,12:48:14,2.65,2.5,6200,2.55,31000,0,279000
PFC30Jan20112.5PE.NFO,07/01/2020,12:48:27,2.65,2.45,18600,2.55,31000,0,279000
PFC30Jan20112.5PE.NFO,07/01/2020,12:48:32,2.65,2.45,18600,2.55,24800,0,279000
PFC30Jan20112.5PE.NFO,07/01/2020,12:48:58,2.65,2.45,18600,2.55,31000,0,279000
PFC30Jan20112.5PE.NFO,07/01/2020,12:49:03,2.65,2.5,18600,2.55,6200,0,279000
PFC30Jan20112.5PE.NFO,07/01/2020,12:49:09,2.65,2.5,18600,2.6,24800,0,279000
PFC30Jan20112.5PE.NFO,07/01/2020,12:50:10,2.65,2.5,12400,2.55,6200,0,279000
PFC30Jan20112.5PE.NFO,07/01/2020,12:50:26,2.65,2.45,18600,2.55,6200,0,279000
PFC30Jan20112.5PE.NFO,07/01/2020,12:50:57,2.65,2.5,12400,2.55,6200,0,279000
PFC30Jan20112.5PE.NFO,07/01/2020,12:51:06,2.65,2.5,12400,2.6,24800,0,279000
PFC30Jan20112.5PE.NFO,07/01/2020,12:51:09,2.65,2.5,12400,2.6,31000,0,279000
PFC30Jan20112.5PE.NFO,07/01/2020,12:52:02,2.65,2.5,18600,2.6,31000,0,279000
PFC30Jan20112.5PE.NFO,07/01/2020,12:52:43,2.65,2.5,18600,2.6,24800,0,279000
PFC30Jan20112.5PE.NFO,07/01/2020,12:53:13,2.65,2.55,18600,2.65,31000,0,279000
PFC30Jan20112.5PE.NFO,07/01/2020,12:53:16,2.65,2.55,18600,2.65,24800,0,279000
PFC30Jan20112.5PE.NFO,07/01/2020,12:54:09,2.65,2.55,18600,2.65,18600,0,279000
PFC30Jan20112.5PE.NFO,07/01/2020,12:54:12,2.65,2.55,18600,2.65,12400,0,279000
PFC30Jan20112.5PE.NFO,07/01/2020,12:54:55,2.65,2.55,18600,2.65,24800,0,279000
PFC30Jan20112.5PE.NFO,07/01/2020,12:55:22,2.65,2.55,18600,2.65,6200,0,279000
PFC30Jan20112.5PE.NFO,07/01/2020,12:55:45,2.65,2.55,18600,2.65,24800,0,279000
PFC30Jan20112.5PE.NFO,07/01/2020,12:56:08,2.65,2.55,18600,2.65,6200,0,279000
PFC30Jan20112.5PE.NFO,07/01/2020,12:56:18,2.65,2.55,18600,2.65,12400,0,279000
PFC30Jan20112.5PE.NFO,07/01/2020,12:56:24,2.65,2.55,18600,2.65,18600,0,279000
PFC30Jan20112.5PE.NFO,07/01/2020,12:56:26,2.65,2.55,18600,2.65,12400,0,279000
PFC30Jan20112.5PE.NFO,07/01/2020,12:56:35,2.65,2.55,18600,2.65,6200,0,279000
PFC30Jan20112.5PE.NFO,07/01/2020,12:56:54,2.65,2.55,18600,2.65,12400,0,279000
PFC30Jan20112.5PE.NFO,07/01/2020,12:57:28,2.65,2.55,18600,2.65,6200,0,279000
PFC30Jan20112.5PE.NFO,07/01/2020,12:57:44,2.65,2.6,18600,2.7,24800,0,279000
PFC30Jan20112.5PE.NFO,07/01/2020,12:58:07,2.65,2.6,12400,2.7,24800,0,279000
PFC30Jan20112.5PE.NFO,07/01/2020,12:58:17,2.65,2.6,12400,2.7,12400,0,279000
PFC30Jan20112.5PE.NFO,07/01/2020,12:58:31,2.65,2.6,12400,2.7,24800,0,279000
PFC30Jan20112.5PE.NFO,07/01/2020,12:59:34,2.65,2.65,6200,2.7,6200,0,279000
PFC30Jan20112.5PE.NFO,07/01/2020,12:59:45,2.65,2.6,18600,2.7,12400,0,279000
PFC30Jan20112.5PE.NFO,07/01/2020,12:59:55,2.65,2.6,24800,2.7,12400,0,279000
PFC30Jan20112.5PE.NFO,07/01/2020,13:00:08,2.65,2.6,24800,2.7,18600,0,279000
PFC30Jan20112.5PE.NFO,07/01/2020,13:01:07,2.65,2.65,24800,2.75,18600,0,279000
PFC30Jan20112.5PE.NFO,07/01/2020,13:01:14,2.65,2.65,24800,2.75,6200,0,279000
PFC30Jan20112.5PE.NFO,07/01/2020,13:01:20,2.65,2.7,12400,2.8,31000,0,279000
PFC30Jan20112.5PE.NFO,07/01/2020,13:01:35,2.65,2.65,24800,2.75,12400,0,279000
PFC30Jan20112.5PE.NFO,07/01/2020,13:01:52,2.65,2.65,12400,2.7,6200,0,279000
PFC30Jan20112.5PE.NFO,07/01/2020,13:02:04,2.65,2.6,18600,2.7,18600,0,279000
PFC30Jan20112.5PE.NFO,07/01/2020,13:02:10,2.65,2.6,18600,2.7,6200,0,279000
PFC30Jan20112.5PE.NFO,07/01/2020,13:02:24,2.65,2.65,6200,2.7,6200,0,279000
PFC30Jan20112.5PE.NFO,07/01/2020,13:02:29,2.65,2.65,12400,2.7,6200,0,279000
PFC30Jan20112.5PE.NFO,07/01/2020,13:02:39,2.65,2.65,6200,2.7,6200,0,279000
PFC30Jan20112.5PE.NFO,07/01/2020,13:02:45,2.65,2.65,12400,2.7,6200,0,279000
PFC30Jan20112.5PE.NFO,07/01/2020,13:02:54,2.65,2.65,6200,2.7,6200,0,279000
PFC30Jan20112.5PE.NFO,07/01/2020,13:02:59,2.65,2.6,18600,2.7,6200,0,279000
PFC30Jan20112.5PE.NFO,07/01/2020,13:03:03,2.65,2.6,18600,2.7,18600,0,279000
PFC30Jan20112.5PE.NFO,07/01/2020,13:03:11,2.65,2.6,12400,2.7,12400,0,279000
PFC30Jan20112.5PE.NFO,07/01/2020,13:03:16,2.65,2.6,18600,2.7,18600,0,279000
PFC30Jan20112.5PE.NFO,07/01/2020,13:03:21,2.65,2.6,18600,2.7,24800,0,279000
PFC30Jan20112.5PE.NFO,07/01/2020,13:03:26,2.65,2.6,18600,2.7,18600,0,279000
PFC30Jan20112.5PE.NFO,07/01/2020,13:03:30,2.65,2.6,18600,2.7,24800,0,279000
PFC30Jan20112.5PE.NFO,07/01/2020,13:03:55,2.65,2.6,18600,2.7,6200,0,279000
PFC30Jan20112.5PE.NFO,07/01/2020,13:04:14,2.65,2.6,18600,2.65,6200,0,279000
PFC30Jan20112.5PE.NFO,07/01/2020,13:04:26,2.65,2.6,24800,2.65,6200,0,279000
PFC30Jan20112.5PE.NFO,07/01/2020,13:04:35,2.65,2.6,18600,2.65,6200,0,279000
PFC30Jan20112.5PE.NFO,07/01/2020,13:04:38,2.65,2.65,18600,2.75,18600,6200,272800
PFC30Jan20112.5PE.NFO,07/01/2020,13:04:50,2.65,2.65,18600,2.75,6200,0,272800
PFC30Jan20112.5PE.NFO,07/01/2020,13:04:56,2.65,2.65,18600,2.75,18600,0,272800
PFC30Jan20112.5PE.NFO,07/01/2020,13:05:02,2.65,2.7,12400,2.8,24800,0,272800
PFC30Jan20112.5PE.NFO,07/01/2020,13:05:08,2.65,2.7,18600,2.8,12400,0,272800
PFC30Jan20112.5PE.NFO,07/01/2020,13:05:14,2.65,2.65,24800,2.75,6200,0,272800
PFC30Jan20112.5PE.NFO,07/01/2020,13:05:30,2.65,2.65,24800,2.8,18600,0,272800
PFC30Jan20112.5PE.NFO,07/01/2020,13:05:36,2.65,2.7,6200,2.8,18600,0,272800
PFC30Jan20112.5PE.NFO,07/01/2020,13:05:57,2.65,2.7,18600,2.8,12400,0,272800
PFC30Jan20112.5PE.NFO,07/01/2020,13:06:03,2.65,2.7,24800,2.8,12400,0,272800
PFC30Jan20112.5PE.NFO,07/01/2020,13:06:09,2.65,2.7,18600,2.8,12400,0,272800
PFC30Jan20112.5PE.NFO,07/01/2020,13:06:14,2.65,2.65,24800,2.75,12400,0,272800
PFC30Jan20112.5PE.NFO,07/01/2020,13:06:31,2.65,2.65,24800,2.8,12400,0,272800
PFC30Jan20112.5PE.NFO,07/01/2020,13:06:37,2.65,2.7,12400,2.8,12400,0,272800
PFC30Jan20112.5PE.NFO,07/01/2020,13:06:47,2.65,2.65,24800,2.75,6200,0,272800
PFC30Jan20112.5PE.NFO,07/01/2020,13:06:56,2.65,2.65,24800,2.8,24800,0,272800
PFC30Jan20112.5PE.NFO,07/01/2020,13:07:01,2.65,2.65,24800,2.75,6200,0,272800
PFC30Jan20112.5PE.NFO,07/01/2020,13:07:07,2.65,2.65,24800,2.8,24800,0,272800
PFC30Jan20112.5PE.NFO,07/01/2020,13:07:18,2.65,2.7,6200,2.8,24800,0,272800
PFC30Jan20112.5PE.NFO,07/01/2020,13:07:29,2.65,2.65,24800,2.8,24800,0,272800
PFC30Jan20112.5PE.NFO,07/01/2020,13:07:35,2.65,2.7,6200,2.8,24800,0,272800
PFC30Jan20112.5PE.NFO,07/01/2020,13:07:40,2.65,2.7,18600,2.8,18600,0,272800
PFC30Jan20112.5PE.NFO,07/01/2020,13:07:45,2.65,2.7,18600,2.8,12400,0,272800
PFC30Jan20112.5PE.NFO,07/01/2020,13:07:55,2.65,2.7,18600,2.8,24800,0,272800
PFC30Jan20112.5PE.NFO,07/01/2020,13:08:02,2.65,2.7,18600,2.85,24800,0,272800
PFC30Jan20112.5PE.NFO,07/01/2020,13:08:09,2.65,2.75,12400,2.85,12400,0,272800
PFC30Jan20112.5PE.NFO,07/01/2020,13:08:24,2.65,2.75,18600,2.9,24800,0,272800
PFC30Jan20112.5PE.NFO,07/01/2020,13:08:32,2.65,2.8,18600,2.9,18600,0,272800
PFC30Jan20112.5PE.NFO,07/01/2020,13:08:39,2.65,2.8,18600,2.9,6200,0,272800
PFC30Jan20112.5PE.NFO,07/01/2020,13:08:51,2.65,2.8,18600,2.9,12400,0,272800
PFC30Jan20112.5PE.NFO,07/01/2020,13:09:03,2.65,2.8,18600,2.9,6200,0,272800
PFC30Jan20112.5PE.NFO,07/01/2020,13:09:18,2.65,2.85,18600,2.95,12400,0,272800
PFC30Jan20112.5PE.NFO,07/01/2020,13:09:26,2.65,2.85,12400,2.95,12400,0,272800
PFC30Jan20112.5PE.NFO,07/01/2020,13:09:40,2.65,2.85,18600,2.95,12400,0,272800
PFC30Jan20112.5PE.NFO,07/01/2020,13:09:46,2.65,2.85,18600,2.95,6200,0,272800
PFC30Jan20112.5PE.NFO,07/01/2020,13:09:53,2.65,2.8,18600,2.9,6200,0,272800
PFC30Jan20112.5PE.NFO,07/01/2020,13:10:00,2.65,2.8,18600,2.95,12400,0,272800
PFC30Jan20112.5PE.NFO,07/01/2020,13:10:06,2.65,2.85,18600,2.95,12400,0,272800
PFC30Jan20112.5PE.NFO,07/01/2020,13:10:13,2.65,2.8,18600,2.95,12400,0,272800
PFC30Jan20112.5PE.NFO,07/01/2020,13:10:20,2.65,2.8,18600,2.9,6200,0,272800
PFC30Jan20112.5PE.NFO,07/01/2020,13:10:42,2.65,2.85,12400,2.95,18600,0,272800
PFC30Jan20112.5PE.NFO,07/01/2020,13:10:51,2.65,2.85,12400,2.95,12400,0,272800
PFC30Jan20112.5PE.NFO,07/01/2020,13:11:00,2.65,2.8,18600,2.95,12400,0,272800
PFC30Jan20112.5PE.NFO,07/01/2020,13:11:17,2.65,2.85,6200,2.95,12400,0,272800
PFC30Jan20112.5PE.NFO,07/01/2020,13:11:30,2.65,2.85,12400,2.95,12400,0,272800
PFC30Jan20112.5PE.NFO,07/01/2020,13:11:34,2.65,2.8,18600,2.95,12400,0,272800
PFC30Jan20112.5PE.NFO,07/01/2020,13:11:39,2.65,2.85,12400,2.95,12400,0,272800
PFC30Jan20112.5PE.NFO,07/01/2020,13:11:48,2.65,2.8,18600,2.95,12400,0,272800
PFC30Jan20112.5PE.NFO,07/01/2020,13:12:01,2.65,2.8,18600,2.9,6200,0,272800
PFC30Jan20112.5PE.NFO,07/01/2020,13:12:08,2.65,2.8,18600,2.95,12400,0,272800
PFC30Jan20112.5PE.NFO,07/01/2020,13:12:31,2.65,2.85,18600,3,12400,0,272800
PFC30Jan20112.5PE.NFO,07/01/2020,13:13:03,2.65,2.85,6200,2.95,12400,0,272800
PFC30Jan20112.5PE.NFO,07/01/2020,13:13:10,2.65,2.8,18600,2.95,12400,0,272800
PFC30Jan20112.5PE.NFO,07/01/2020,13:13:15,2.65,2.8,18600,2.95,18600,0,272800
PFC30Jan20112.5PE.NFO,07/01/2020,13:13:23,2.65,2.8,18600,2.95,12400,0,272800
PFC30Jan20112.5PE.NFO,07/01/2020,13:13:33,2.65,2.8,18600,2.9,6200,0,272800
PFC30Jan20112.5PE.NFO,07/01/2020,13:13:38,2.65,2.8,18600,2.95,12400,0,272800
PFC30Jan20112.5PE.NFO,07/01/2020,13:13:51,2.65,2.8,18600,2.95,24800,0,272800
PFC30Jan20112.5PE.NFO,07/01/2020,13:14:06,2.65,2.8,18600,2.95,18600,0,272800
PFC30Jan20112.5PE.NFO,07/01/2020,13:14:33,2.65,2.8,18600,2.95,24800,0,272800
PFC30Jan20112.5PE.NFO,07/01/2020,13:14:43,2.65,2.8,18600,2.9,6200,0,272800
PFC30Jan20112.5PE.NFO,07/01/2020,13:14:47,2.65,2.8,18600,2.9,12400,0,272800
PFC30Jan20112.5PE.NFO,07/01/2020,13:14:51,2.65,2.8,18600,2.9,6200,0,272800
PFC30Jan20112.5PE.NFO,07/01/2020,13:14:56,2.65,2.8,18600,2.95,24800,0,272800
PFC30Jan20112.5PE.NFO,07/01/2020,13:15:01,2.65,2.85,12400,2.95,18600,0,272800
PFC30Jan20112.5PE.NFO,07/01/2020,13:15:15,2.65,2.85,18600,2.95,18600,0,272800
PFC30Jan20112.5PE.NFO,07/01/2020,13:15:31,2.65,2.85,18600,3,24800,0,272800
PFC30Jan20112.5PE.NFO,07/01/2020,13:16:25,2.65,2.85,18600,2.95,6200,0,272800
PFC30Jan20112.5PE.NFO,07/01/2020,13:16:41,2.65,2.85,12400,2.95,18600,0,272800
PFC30Jan20112.5PE.NFO,07/01/2020,13:16:47,2.65,2.85,18600,3,24800,0,272800
PFC30Jan20112.5PE.NFO,07/01/2020,13:16:52,2.65,2.85,18600,2.95,6200,0,272800
PFC30Jan20112.5PE.NFO,07/01/2020,13:17:27,2.65,2.9,18600,3,6200,0,272800
PFC30Jan20112.5PE.NFO,07/01/2020,13:17:34,2.65,2.9,18600,3,24800,0,272800
PFC30Jan20112.5PE.NFO,07/01/2020,13:17:40,2.65,2.9,6200,3,24800,0,272800
PFC30Jan20112.5PE.NFO,07/01/2020,13:17:44,2.65,2.8,18600,2.9,12400,0,272800
PFC30Jan20112.5PE.NFO,07/01/2020,13:17:49,2.65,2.9,6200,3,18600,0,272800
PFC30Jan20112.5PE.NFO,07/01/2020,13:18:05,2.65,2.9,18600,3,18600,0,272800
PFC30Jan20112.5PE.NFO,07/01/2020,13:18:11,2.65,2.9,18600,3,6200,0,272800
PFC30Jan20112.5PE.NFO,07/01/2020,13:18:44,2.65,2.9,18600,3,12400,0,272800
PFC30Jan20112.5PE.NFO,07/01/2020,13:18:50,2.65,2.9,18600,3,6200,0,272800
PFC30Jan20112.5PE.NFO,07/01/2020,13:19:13,2.65,2.9,6200,3,31000,0,272800
PFC30Jan20112.5PE.NFO,07/01/2020,13:19:19,2.65,2.9,18600,3,12400,0,272800
PFC30Jan20112.5PE.NFO,07/01/2020,13:19:38,2.65,2.9,18600,3,18600,0,272800
PFC30Jan20112.5PE.NFO,07/01/2020,13:20:16,2.65,2.9,6200,3,24800,0,272800
PFC30Jan20112.5PE.NFO,07/01/2020,13:20:50,2.65,2.9,18600,3,24800,0,272800
PFC30Jan20112.5PE.NFO,07/01/2020,13:21:14,2.65,2.9,12400,3,24800,0,272800
PFC30Jan20112.5PE.NFO,07/01/2020,13:21:22,2.65,2.9,18600,3,12400,0,272800
PFC30Jan20112.5PE.NFO,07/01/2020,13:21:38,2.65,2.9,18600,3,18600,0,272800
PFC30Jan20112.5PE.NFO,07/01/2020,13:22:01,2.65,2.85,18600,3,24800,0,272800
PFC30Jan20112.5PE.NFO,07/01/2020,13:22:05,2.65,2.9,18600,3,18600,0,272800
PFC30Jan20112.5PE.NFO,07/01/2020,13:23:04,2.65,2.9,6200,3,18600,0,272800
PFC30Jan20112.5PE.NFO,07/01/2020,13:23:09,2.65,2.9,18600,3,18600,0,272800
PFC30Jan20112.5PE.NFO,07/01/2020,13:23:15,2.65,2.85,12400,2.95,6200,0,272800
PFC30Jan20112.5PE.NFO,07/01/2020,13:23:20,2.65,2.85,6200,2.95,6200,0,272800
PFC30Jan20112.5PE.NFO,07/01/2020,13:23:39,2.65,2.9,6200,3,24800,0,272800
PFC30Jan20112.5PE.NFO,07/01/2020,13:23:43,2.65,2.9,6200,3,18600,0,272800
PFC30Jan20112.5PE.NFO,07/01/2020,13:23:51,2.65,2.9,6200,2.95,6200,0,272800
PFC30Jan20112.5PE.NFO,07/01/2020,13:24:23,2.65,2.85,12400,2.95,6200,0,272800
PFC30Jan20112.5PE.NFO,07/01/2020,13:24:28,2.65,2.85,6200,2.95,6200,0,272800
PFC30Jan20112.5PE.NFO,07/01/2020,13:24:32,2.65,2.85,12400,2.95,6200,0,272800
PFC30Jan20112.5PE.NFO,07/01/2020,13:24:39,2.65,2.85,12400,2.95,18600,0,272800
PFC30Jan20112.5PE.NFO,07/01/2020,13:24:47,2.65,2.75,12400,2.85,6200,0,272800
PFC30Jan20112.5PE.NFO,07/01/2020,13:24:54,2.65,2.75,18600,2.85,6200,0,272800
PFC30Jan20112.5PE.NFO,07/01/2020,13:25:05,2.65,2.75,18600,2.9,24800,0,272800
PFC30Jan20112.5PE.NFO,07/01/2020,13:25:11,2.65,2.75,12400,2.9,24800,0,272800
PFC30Jan20112.5PE.NFO,07/01/2020,13:25:18,2.65,2.75,18600,2.9,24800,0,272800
PFC30Jan20112.5PE.NFO,07/01/2020,13:25:35,2.65,2.75,18600,2.85,6200,0,272800
PFC30Jan20112.5PE.NFO,07/01/2020,13:26:11,2.65,2.75,6200,2.85,12400,0,272800
PFC30Jan20112.5PE.NFO,07/01/2020,13:26:26,2.65,2.7,18600,2.8,12400,0,272800
PFC30Jan20112.5PE.NFO,07/01/2020,13:26:32,2.65,2.7,18600,2.8,6200,0,272800
PFC30Jan20112.5PE.NFO,07/01/2020,13:26:37,2.65,2.7,18600,2.85,31000,0,272800
PFC30Jan20112.5PE.NFO,07/01/2020,13:26:47,2.65,2.7,18600,2.85,24800,0,272800
PFC30Jan20112.5PE.NFO,07/01/2020,13:26:52,2.65,2.75,6200,2.85,18600,0,272800
PFC30Jan20112.5PE.NFO,07/01/2020,13:27:12,2.65,2.75,24800,2.85,12400,0,272800
PFC30Jan20112.5PE.NFO,07/01/2020,13:27:20,2.65,2.75,18600,2.85,12400,0,272800
PFC30Jan20112.5PE.NFO,07/01/2020,13:27:27,2.65,2.75,12400,2.85,24800,0,272800
PFC30Jan20112.5PE.NFO,07/01/2020,13:27:33,2.65,2.75,24800,2.9,31000,0,272800
PFC30Jan20112.5PE.NFO,07/01/2020,13:27:39,2.65,2.75,12400,2.85,12400,0,272800
PFC30Jan20112.5PE.NFO,07/01/2020,13:27:52,2.65,2.75,24800,2.9,31000,0,272800
PFC30Jan20112.5PE.NFO,07/01/2020,13:27:59,2.65,2.8,12400,2.9,24800,0,272800
PFC30Jan20112.5PE.NFO,07/01/2020,13:28:05,2.65,2.75,24800,2.85,6200,0,272800
PFC30Jan20112.5PE.NFO,07/01/2020,13:28:43,2.65,2.75,18600,2.85,6200,0,272800
PFC30Jan20112.5PE.NFO,07/01/2020,13:28:56,2.65,2.8,18600,2.9,18600,0,272800
PFC30Jan20112.5PE.NFO,07/01/2020,13:29:04,2.65,2.8,18600,2.9,6200,0,272800
PFC30Jan20112.5PE.NFO,07/01/2020,13:29:12,2.65,2.8,18600,2.9,18600,0,272800
PFC30Jan20112.5PE.NFO,07/01/2020,13:29:19,2.65,2.75,18600,2.85,6200,0,272800
PFC30Jan20112.5PE.NFO,07/01/2020,13:30:05,2.65,2.75,24800,2.85,6200,0,272800
PFC30Jan20112.5PE.NFO,07/01/2020,13:30:29,2.65,2.8,6200,2.85,6200,0,272800
PFC30Jan20112.5PE.NFO,07/01/2020,13:30:37,2.65,2.75,24800,2.85,6200,0,272800
PFC30Jan20112.5PE.NFO,07/01/2020,13:30:44,2.65,2.8,12400,2.9,24800,0,272800
PFC30Jan20112.5PE.NFO,07/01/2020,13:30:59,2.65,2.8,18600,2.9,24800,0,272800
PFC30Jan20112.5PE.NFO,07/01/2020,13:31:20,2.65,2.8,18600,2.9,18600,0,272800
PFC30Jan20112.5PE.NFO,07/01/2020,13:31:33,2.65,2.8,6200,2.9,24800,0,272800
PFC30Jan20112.5PE.NFO,07/01/2020,13:31:41,2.65,2.75,18600,2.9,31000,0,272800
PFC30Jan20112.5PE.NFO,07/01/2020,13:31:49,2.65,2.75,6200,2.85,31000,0,272800
PFC30Jan20112.5PE.NFO,07/01/2020,13:32:05,2.65,2.75,6200,2.85,37200,0,272800
PFC30Jan20112.5PE.NFO,07/01/2020,13:32:12,2.65,2.75,18600,2.85,31000,0,272800
PFC30Jan20112.5PE.NFO,07/01/2020,13:32:44,2.65,2.8,6200,2.9,37200,0,272800
PFC30Jan20112.5PE.NFO,07/01/2020,13:32:51,2.65,2.75,18600,2.85,24800,0,272800
PFC30Jan20112.5PE.NFO,07/01/2020,13:33:38,2.65,2.7,18600,2.8,12400,0,272800
PFC30Jan20112.5PE.NFO,07/01/2020,13:33:53,2.65,2.65,18600,2.75,24800,0,272800
PFC30Jan20112.5PE.NFO,07/01/2020,13:34:19,2.65,2.65,18600,2.75,31000,0,272800
PFC30Jan20112.5PE.NFO,07/01/2020,13:34:23,2.65,2.65,18600,2.75,24800,0,272800
PFC30Jan20112.5PE.NFO,07/01/2020,13:34:33,2.65,2.65,18600,2.75,18600,0,272800
PFC30Jan20112.5PE.NFO,07/01/2020,13:34:54,2.65,2.6,18600,2.7,18600,0,272800
PFC30Jan20112.5PE.NFO,07/01/2020,13:35:02,2.65,2.6,6200,2.7,24800,0,272800
PFC30Jan20112.5PE.NFO,07/01/2020,13:35:09,2.65,2.5,18600,2.6,18600,0,272800
PFC30Jan20112.5PE.NFO,07/01/2020,13:35:26,2.65,2.45,18600,2.55,6200,0,272800
PFC30Jan20112.5PE.NFO,07/01/2020,13:35:32,2.65,2.4,18600,2.5,24800,0,272800
PFC30Jan20112.5PE.NFO,07/01/2020,13:35:39,2.65,2.35,18600,2.45,12400,0,272800
PFC30Jan20112.5PE.NFO,07/01/2020,13:35:45,2.45,2.4,12400,2.5,31000,6200,266600
PFC30Jan20112.5PE.NFO,07/01/2020,13:35:49,2.45,2.4,24800,2.5,31000,0,266600
PFC30Jan20112.5PE.NFO,07/01/2020,13:35:54,2.45,2.4,24800,2.5,18600,0,266600
PFC30Jan20112.5PE.NFO,07/01/2020,13:36:13,2.45,2.45,18600,2.55,37200,0,266600
PFC30Jan20112.5PE.NFO,07/01/2020,13:36:46,2.45,2.45,24800,2.55,12400,0,266600
PFC30Jan20112.5PE.NFO,07/01/2020,13:36:57,2.45,2.45,24800,2.55,6200,0,266600
PFC30Jan20112.5PE.NFO,07/01/2020,13:37:13,2.45,2.5,12400,2.6,37200,0,266600
PFC30Jan20112.5PE.NFO,07/01/2020,13:37:30,2.45,2.5,12400,2.6,31000,0,266600
PFC30Jan20112.5PE.NFO,07/01/2020,13:37:41,2.45,2.5,18600,2.6,18600,0,266600
PFC30Jan20112.5PE.NFO,07/01/2020,13:37:46,2.45,2.5,12400,2.6,31000,0,266600
PFC30Jan20112.5PE.NFO,07/01/2020,13:37:50,2.45,2.5,12400,2.55,6200,0,266600
PFC30Jan20112.5PE.NFO,07/01/2020,13:37:54,2.45,2.5,31000,2.6,24800,0,266600
PFC30Jan20112.5PE.NFO,07/01/2020,13:38:13,2.45,2.45,24800,2.6,24800,0,266600
PFC30Jan20112.5PE.NFO,07/01/2020,13:38:20,2.45,2.5,18600,2.6,18600,0,266600
PFC30Jan20112.5PE.NFO,07/01/2020,13:38:26,2.45,2.5,18600,2.6,12400,0,266600
PFC30Jan20112.5PE.NFO,07/01/2020,13:38:46,2.45,2.5,12400,2.6,6200,0,266600
PFC30Jan20112.5PE.NFO,07/01/2020,13:38:51,2.45,2.5,18600,2.6,6200,0,266600
PFC30Jan20112.5PE.NFO,07/01/2020,13:38:56,2.45,2.5,12400,2.55,6200,0,266600
PFC30Jan20112.5PE.NFO,07/01/2020,13:39:21,2.45,2.5,18600,2.6,6200,0,266600
PFC30Jan20112.5PE.NFO,07/01/2020,13:39:26,2.45,2.55,12400,2.6,6200,0,266600
PFC30Jan20112.5PE.NFO,07/01/2020,13:39:31,2.45,2.55,18600,2.6,6200,0,266600
PFC30Jan20112.5PE.NFO,07/01/2020,13:39:37,2.45,2.55,18600,2.65,12400,0,266600
PFC30Jan20112.5PE.NFO,07/01/2020,13:39:49,2.45,2.6,12400,2.7,18600,0,266600
PFC30Jan20112.5PE.NFO,07/01/2020,13:40:04,2.45,2.6,18600,2.7,6200,0,266600
PFC30Jan20112.5PE.NFO,07/01/2020,13:40:12,2.45,2.6,18600,2.7,12400,0,266600
PFC30Jan20112.5PE.NFO,07/01/2020,13:40:39,2.45,2.55,18600,2.65,6200,0,266600
PFC30Jan20112.5PE.NFO,07/01/2020,13:41:09,2.45,2.6,18600,2.65,6200,0,266600
PFC30Jan20112.5PE.NFO,07/01/2020,13:41:18,2.45,2.6,12400,2.65,6200,0,266600
PFC30Jan20112.5PE.NFO,07/01/2020,13:41:41,2.45,2.6,18600,2.65,6200,0,266600
PFC30Jan20112.5PE.NFO,07/01/2020,13:41:47,2.45,2.6,18600,2.7,12400,0,266600
PFC30Jan20112.5PE.NFO,07/01/2020,13:42:07,2.45,2.6,18600,2.65,6200,0,266600
PFC30Jan20112.5PE.NFO,07/01/2020,13:42:16,2.45,2.6,12400,2.65,6200,0,266600
PFC30Jan20112.5PE.NFO,07/01/2020,13:42:23,2.45,2.55,18600,2.65,6200,0,266600
PFC30Jan20112.5PE.NFO,07/01/2020,13:42:39,2.45,2.6,12400,2.65,6200,0,266600
PFC30Jan20112.5PE.NFO,07/01/2020,13:42:42,2.45,2.55,18600,2.65,6200,0,266600
PFC30Jan20112.5PE.NFO,07/01/2020,13:43:12,2.45,2.6,12400,2.65,6200,0,266600
PFC30Jan20112.5PE.NFO,07/01/2020,13:43:37,2.45,2.6,24800,2.7,18600,0,266600
PFC30Jan20112.5PE.NFO,07/01/2020,13:43:46,2.45,2.6,24800,2.65,6200,0,266600
PFC30Jan20112.5PE.NFO,07/01/2020,13:43:50,2.45,2.6,24800,2.7,24800,0,266600
PFC30Jan20112.5PE.NFO,07/01/2020,13:43:55,2.45,2.6,24800,2.65,6200,0,266600
PFC30Jan20112.5PE.NFO,07/01/2020,13:44:07,2.45,2.6,24800,2.7,12400,0,266600
PFC30Jan20112.5PE.NFO,07/01/2020,13:44:11,2.45,2.6,12400,2.65,6200,0,266600
PFC30Jan20112.5PE.NFO,07/01/2020,13:44:14,2.45,2.55,24800,2.65,6200,0,266600
PFC30Jan20112.5PE.NFO,07/01/2020,13:44:48,2.45,2.6,12400,2.65,6200,0,266600
PFC30Jan20112.5PE.NFO,07/01/2020,13:45:02,2.45,2.55,24800,2.65,6200,0,266600
PFC30Jan20112.5PE.NFO,07/01/2020,13:45:16,2.45,2.55,24800,2.6,6200,0,266600
PFC30Jan20112.5PE.NFO,07/01/2020,13:45:43,2.45,2.5,24800,2.6,6200,0,266600
PFC30Jan20112.5PE.NFO,07/01/2020,13:46:08,2.45,2.55,12400,2.6,6200,0,266600
PFC30Jan20112.5PE.NFO,07/01/2020,13:46:38,2.45,2.5,24800,2.6,6200,0,266600
PFC30Jan20112.5PE.NFO,07/01/2020,13:46:43,2.45,2.45,24800,2.55,6200,0,266600
PFC30Jan20112.5PE.NFO,07/01/2020,13:46:52,2.45,2.5,18600,2.6,18600,0,266600
PFC30Jan20112.5PE.NFO,07/01/2020,13:47:08,2.45,2.5,24800,2.6,6200,0,266600
PFC30Jan20112.5PE.NFO,07/01/2020,13:48:11,2.45,2.5,24800,2.6,18600,0,266600
PFC30Jan20112.5PE.NFO,07/01/2020,13:48:54,2.45,2.45,24800,2.55,6200,0,266600
PFC30Jan20112.5PE.NFO,07/01/2020,13:49:08,2.45,2.45,24800,2.6,24800,0,266600
PFC30Jan20112.5PE.NFO,07/01/2020,13:49:14,2.45,2.45,24800,2.55,12400,0,266600
PFC30Jan20112.5PE.NFO,07/01/2020,13:50:03,2.45,2.45,31000,2.6,18600,0,266600
PFC30Jan20112.5PE.NFO,07/01/2020,13:50:09,2.45,2.45,24800,2.55,12400,0,266600
PFC30Jan20112.5PE.NFO,07/01/2020,13:50:30,2.45,2.4,31000,2.5,6200,0,266600
PFC30Jan20112.5PE.NFO,07/01/2020,13:50:37,2.45,2.45,12400,2.55,24800,0,266600
PFC30Jan20112.5PE.NFO,07/01/2020,13:50:46,2.45,2.4,31000,2.5,6200,0,266600
PFC30Jan20112.5PE.NFO,07/01/2020,13:50:54,2.45,2.45,18600,2.55,24800,0,266600
PFC30Jan20112.5PE.NFO,07/01/2020,13:51:02,2.45,2.45,18600,2.55,31000,0,266600
PFC30Jan20112.5PE.NFO,07/01/2020,13:51:46,2.45,2.45,18600,2.55,18600,0,266600
PFC30Jan20112.5PE.NFO,07/01/2020,13:52:26,2.45,2.5,12400,2.6,31000,0,266600
PFC30Jan20112.5PE.NFO,07/01/2020,13:52:35,2.45,2.45,31000,2.55,12400,0,266600
PFC30Jan20112.5PE.NFO,07/01/2020,13:52:42,2.45,2.45,31000,2.55,18600,0,266600
PFC30Jan20112.5PE.NFO,07/01/2020,13:52:46,2.45,2.45,24800,2.55,31000,0,266600
PFC30Jan20112.5PE.NFO,07/01/2020,13:53:37,2.45,2.5,18600,2.6,43400,0,266600
PFC30Jan20112.5PE.NFO,07/01/2020,13:53:43,2.45,2.5,24800,2.6,24800,0,266600
PFC30Jan20112.5PE.NFO,07/01/2020,13:53:51,2.45,2.6,6200,2.7,43400,0,266600
PFC30Jan20112.5PE.NFO,07/01/2020,13:53:59,2.45,2.55,31000,2.65,24800,0,266600
PFC30Jan20112.5PE.NFO,07/01/2020,13:54:06,2.45,2.55,31000,2.65,6200,0,266600
PFC30Jan20112.5PE.NFO,07/01/2020,13:54:26,2.45,2.55,6200,2.65,49600,0,266600
PFC30Jan20112.5PE.NFO,07/01/2020,13:54:46,2.45,2.5,31000,2.65,49600,0,266600
PFC30Jan20112.5PE.NFO,07/01/2020,13:55:00,2.45,2.5,12400,2.6,24800,0,266600
PFC30Jan20112.5PE.NFO,07/01/2020,13:55:07,2.45,2.45,24800,2.6,37200,0,266600
PFC30Jan20112.5PE.NFO,07/01/2020,13:55:15,2.45,2.45,18600,2.6,31000,0,266600
PFC30Jan20112.5PE.NFO,07/01/2020,13:55:21,2.45,2.45,31000,2.6,43400,0,266600
PFC30Jan20112.5PE.NFO,07/01/2020,13:55:26,2.45,2.5,18600,2.6,43400,0,266600
PFC30Jan20112.5PE.NFO,07/01/2020,13:55:41,2.45,2.5,12400,2.6,37200,0,266600
PFC30Jan20112.5PE.NFO,07/01/2020,13:55:45,2.45,2.5,6200,2.6,37200,0,266600
PFC30Jan20112.5PE.NFO,07/01/2020,13:56:13,2.45,2.55,6200,2.65,43400,0,266600
PFC30Jan20112.5PE.NFO,07/01/2020,13:56:17,2.45,2.5,31000,2.6,31000,0,266600
PFC30Jan20112.5PE.NFO,07/01/2020,13:56:26,2.45,2.5,31000,2.6,24800,0,266600
PFC30Jan20112.5PE.NFO,07/01/2020,13:56:38,2.6,2.55,31000,2.65,24800,6200,266600
PFC30Jan20112.5PE.NFO,07/01/2020,13:56:57,2.6,2.55,12400,2.65,43400,0,266600
PFC30Jan20112.5PE.NFO,07/01/2020,13:57:30,2.6,2.55,31000,2.65,18600,0,266600
PFC30Jan20112.5PE.NFO,07/01/2020,13:57:46,2.6,2.55,18600,2.65,37200,0,266600
PFC30Jan20112.5PE.NFO,07/01/2020,13:57:52,2.6,2.55,24800,2.65,37200,0,266600
PFC30Jan20112.5PE.NFO,07/01/2020,13:58:02,2.6,2.55,18600,2.65,37200,0,266600
PFC30Jan20112.5PE.NFO,07/01/2020,13:58:33,2.6,2.55,31000,2.65,6200,0,266600
PFC30Jan20112.5PE.NFO,07/01/2020,13:58:44,2.6,2.55,24800,2.65,18600,0,266600
PFC30Jan20112.5PE.NFO,07/01/2020,13:58:57,2.6,2.55,31000,2.65,18600,0,266600
PFC30Jan20112.5PE.NFO,07/01/2020,13:59:10,2.6,2.5,31000,2.6,18600,0,266600
PFC30Jan20112.5PE.NFO,07/01/2020,13:59:14,2.6,2.55,6200,2.6,12400,0,266600
PFC30Jan20112.5PE.NFO,07/01/2020,14:00:41,2.6,2.5,12400,2.6,43400,0,266600
PFC30Jan20112.5PE.NFO,07/01/2020,14:00:55,2.6,2.5,6200,2.55,12400,0,266600
PFC30Jan20112.5PE.NFO,07/01/2020,14:01:01,2.6,2.5,6200,2.55,6200,0,266600
PFC30Jan20112.5PE.NFO,07/01/2020,14:01:06,2.6,2.55,6200,2.65,43400,0,266600
PFC30Jan20112.5PE.NFO,07/01/2020,14:01:16,2.6,2.5,12400,2.6,43400,0,266600
PFC30Jan20112.5PE.NFO,07/01/2020,14:01:29,2.6,2.45,24800,2.55,31000,0,266600
PFC30Jan20112.5PE.NFO,07/01/2020,14:01:33,2.6,2.45,18600,2.55,43400,0,266600
PFC30Jan20112.5PE.NFO,07/01/2020,14:01:38,2.6,2.4,24800,2.5,37200,0,266600
PFC30Jan20112.5PE.NFO,07/01/2020,14:01:41,2.6,2.4,12400,2.5,37200,0,266600
PFC30Jan20112.5PE.NFO,07/01/2020,14:01:45,2.6,2.35,18600,2.45,31000,0,266600
PFC30Jan20112.5PE.NFO,07/01/2020,14:01:48,2.6,2.35,31000,2.45,31000,0,266600
PFC30Jan20112.5PE.NFO,07/01/2020,14:01:56,2.6,2.35,31000,2.45,37200,0,266600
PFC30Jan20112.5PE.NFO,07/01/2020,14:02:01,2.35,2.3,24800,2.4,12400,6200,272800
PFC30Jan20112.5PE.NFO,07/01/2020,14:02:05,2.35,2.3,24800,2.4,12400,0,272800
PFC30Jan20112.5PE.NFO,07/01/2020,14:02:15,2.35,2.3,24800,2.4,49600,0,272800
PFC30Jan20112.5PE.NFO,07/01/2020,14:02:19,2.35,2.3,24800,2.4,43400,0,272800
PFC30Jan20112.5PE.NFO,07/01/2020,14:02:25,2.35,2.3,24800,2.4,37200,0,272800
PFC30Jan20112.5PE.NFO,07/01/2020,14:02:42,2.35,2.25,24800,2.35,18600,0,272800
PFC30Jan20112.5PE.NFO,07/01/2020,14:02:57,2.35,2.25,24800,2.35,24800,0,272800
PFC30Jan20112.5PE.NFO,07/01/2020,14:03:00,2.35,2.25,24800,2.35,18600,0,272800
PFC30Jan20112.5PE.NFO,07/01/2020,14:03:09,2.35,2.25,24800,2.35,24800,0,272800
PFC30Jan20112.5PE.NFO,07/01/2020,14:03:24,2.35,2.2,24800,2.3,31000,0,272800
PFC30Jan20112.5PE.NFO,07/01/2020,14:03:29,2.35,2.2,24800,2.3,24800,0,272800
PFC30Jan20112.5PE.NFO,07/01/2020,14:03:37,2.35,2.2,24800,2.3,31000,0,272800
PFC30Jan20112.5PE.NFO,07/01/2020,14:03:44,2.35,2.25,6200,2.35,43400,0,272800
PFC30Jan20112.5PE.NFO,07/01/2020,14:03:51,2.35,2.2,18600,2.35,43400,0,272800
PFC30Jan20112.5PE.NFO,07/01/2020,14:03:56,2.35,2.25,12400,2.35,43400,0,272800
PFC30Jan20112.5PE.NFO,07/01/2020,14:04:02,2.35,2.2,18600,2.3,43400,0,272800
PFC30Jan20112.5PE.NFO,07/01/2020,14:04:07,2.35,2.2,18600,2.3,37200,0,272800
PFC30Jan20112.5PE.NFO,07/01/2020,14:04:40,2.35,2.2,12400,2.35,49600,0,272800
PFC30Jan20112.5PE.NFO,07/01/2020,14:04:52,2.35,2.2,12400,2.3,12400,0,272800
PFC30Jan20112.5PE.NFO,07/01/2020,14:05:12,2.35,2.2,12400,2.3,31000,0,272800
PFC30Jan20112.5PE.NFO,07/01/2020,14:05:15,2.35,2.2,24800,2.3,31000,0,272800
PFC30Jan20112.5PE.NFO,07/01/2020,14:05:19,2.35,2.2,24800,2.35,49600,0,272800
PFC30Jan20112.5PE.NFO,07/01/2020,14:05:22,2.35,2.2,24800,2.3,43400,0,272800
PFC30Jan20112.5PE.NFO,07/01/2020,14:05:27,2.35,2.2,24800,2.3,24800,0,272800
PFC30Jan20112.5PE.NFO,07/01/2020,14:05:30,2.35,2.2,24800,2.3,18600,0,272800
PFC30Jan20112.5PE.NFO,07/01/2020,14:05:35,2.35,2.2,24800,2.3,24800,0,272800
PFC30Jan20112.5PE.NFO,07/01/2020,14:05:41,2.35,2.2,24800,2.3,18600,0,272800
PFC30Jan20112.5PE.NFO,07/01/2020,14:05:51,2.35,2.2,24800,2.3,24800,0,272800
PFC30Jan20112.5PE.NFO,07/01/2020,14:05:56,2.35,2.25,6200,2.35,49600,0,272800
PFC30Jan20112.5PE.NFO,07/01/2020,14:06:00,2.35,2.25,12400,2.35,49600,0,272800
PFC30Jan20112.5PE.NFO,07/01/2020,14:06:15,2.35,2.25,12400,2.35,43400,0,272800
PFC30Jan20112.5PE.NFO,07/01/2020,14:06:22,2.35,2.25,18600,2.35,43400,0,272800
PFC30Jan20112.5PE.NFO,07/01/2020,14:06:27,2.35,2.25,12400,2.35,43400,0,272800
PFC30Jan20112.5PE.NFO,07/01/2020,14:06:31,2.35,2.25,12400,2.3,6200,0,272800
PFC30Jan20112.5PE.NFO,07/01/2020,14:06:35,2.35,2.25,18600,2.35,43400,0,272800
PFC30Jan20112.5PE.NFO,07/01/2020,14:06:39,2.35,2.25,12400,2.35,43400,0,272800
PFC30Jan20112.5PE.NFO,07/01/2020,14:06:44,2.35,2.25,18600,2.35,43400,0,272800
PFC30Jan20112.5PE.NFO,07/01/2020,14:07:14,2.35,2.2,18600,2.3,12400,0,272800
PFC30Jan20112.5PE.NFO,07/01/2020,14:07:24,2.35,2.25,18600,2.35,43400,0,272800
PFC30Jan20112.5PE.NFO,07/01/2020,14:07:30,2.35,2.25,12400,2.35,43400,0,272800
PFC30Jan20112.5PE.NFO,07/01/2020,14:07:37,2.35,2.25,6200,2.35,43400,0,272800
PFC30Jan20112.5PE.NFO,07/01/2020,14:07:42,2.35,2.25,18600,2.35,43400,0,272800
PFC30Jan20112.5PE.NFO,07/01/2020,14:07:51,2.35,2.2,18600,2.3,31000,0,272800
PFC30Jan20112.5PE.NFO,07/01/2020,14:07:56,2.35,2.15,18600,2.25,31000,0,272800
PFC30Jan20112.5PE.NFO,07/01/2020,14:08:01,2.35,2.15,24800,2.25,43400,0,272800
PFC30Jan20112.5PE.NFO,07/01/2020,14:08:06,2.25,2.15,31000,2.25,12400,6200,272800
PFC30Jan20112.5PE.NFO,07/01/2020,14:08:11,2.25,2.2,12400,2.25,6200,0,272800
PFC30Jan20112.5PE.NFO,07/01/2020,14:08:29,2.25,2.15,18600,2.25,31000,0,272800
PFC30Jan20112.5PE.NFO,07/01/2020,14:08:43,2.25,2.15,18600,2.25,24800,0,272800
PFC30Jan20112.5PE.NFO,07/01/2020,14:09:11,2.25,2.15,18600,2.25,18600,0,272800
PFC30Jan20112.5PE.NFO,07/01/2020,14:09:20,2.25,2.15,18600,2.25,24800,0,272800
PFC30Jan20112.5PE.NFO,07/01/2020,14:09:52,2.25,2.1,31000,2.2,18600,0,272800
PFC30Jan20112.5PE.NFO,07/01/2020,14:10:01,2.2,2.1,31000,2.25,37200,6200,272800
PFC30Jan20112.5PE.NFO,07/01/2020,14:10:16,2.2,2.15,31000,2.25,6200,0,272800
PFC30Jan20112.5PE.NFO,07/01/2020,14:10:21,2.2,2.15,24800,2.25,6200,0,272800
PFC30Jan20112.5PE.NFO,07/01/2020,14:10:57,2.2,2.15,18600,2.25,24800,0,272800
PFC30Jan20112.5PE.NFO,07/01/2020,14:11:32,2.2,2.15,24800,2.25,24800,0,272800
PFC30Jan20112.5PE.NFO,07/01/2020,14:11:35,2.2,2.2,6200,2.3,37200,0,272800
PFC30Jan20112.5PE.NFO,07/01/2020,14:11:38,2.2,2.2,6200,2.25,6200,0,272800
PFC30Jan20112.5PE.NFO,07/01/2020,14:11:49,2.2,2.2,12400,2.3,31000,0,272800
PFC30Jan20112.5PE.NFO,07/01/2020,14:12:07,2.2,2.15,18600,2.25,12400,0,272800
PFC30Jan20112.5PE.NFO,07/01/2020,14:12:27,2.2,2.1,31000,2.25,37200,0,272800
PFC30Jan20112.5PE.NFO,07/01/2020,14:12:33,2.2,2.1,18600,2.2,24800,0,272800
PFC30Jan20112.5PE.NFO,07/01/2020,14:12:38,2.2,2.1,18600,2.2,31000,0,272800
PFC30Jan20112.5PE.NFO,07/01/2020,14:12:42,2.2,2.1,18600,2.2,37200,0,272800
PFC30Jan20112.5PE.NFO,07/01/2020,14:12:50,2.15,2.1,18600,2.2,37200,6200,272800
PFC30Jan20112.5PE.NFO,07/01/2020,14:13:04,2.15,2.1,18600,2.2,31000,0,272800
PFC30Jan20112.5PE.NFO,07/01/2020,14:13:11,2.15,2.1,18600,2.2,24800,0,272800
PFC30Jan20112.5PE.NFO,07/01/2020,14:13:25,2.15,2.1,18600,2.2,18600,0,272800
PFC30Jan20112.5PE.NFO,07/01/2020,14:13:33,2.15,2.1,18600,2.2,24800,0,272800
PFC30Jan20112.5PE.NFO,07/01/2020,14:13:47,2.15,2.1,12400,2.2,37200,0,272800
PFC30Jan20112.5PE.NFO,07/01/2020,14:14:02,2.15,2.1,18600,2.2,24800,0,272800
PFC30Jan20112.5PE.NFO,07/01/2020,14:14:09,2.15,2.1,18600,2.2,37200,0,272800
