Ticker,Date,Time,LTP,BuyPrice,BuyQty,SellPrice,SellQty,LTQ,OpenInterest
PFC30Jan20120CE.NFO,07/01/2020,09:15:06,2.1,1.75,12400,2.45,12400,6200,1531400
PFC30Jan20120CE.NFO,07/01/2020,09:15:06,2.1,1.75,12400,2.45,12400,0,1531400
PFC30Jan20120CE.NFO,07/01/2020,09:15:06,2.1,1.75,12400,2.45,12400,0,1531400
PFC30Jan20120CE.NFO,07/01/2020,09:15:06,2.1,1.75,12400,2.45,12400,0,1531400
PFC30Jan20120CE.NFO,07/01/2020,09:15:16,2.95,2.65,18600,2.95,6200,31000,1531400
PFC30Jan20120CE.NFO,07/01/2020,09:15:16,2.95,2.65,18600,2.95,6200,0,1531400
PFC30Jan20120CE.NFO,07/01/2020,09:15:27,3.5,3.45,6200,4.9,12400,80600,1531400
PFC30Jan20120CE.NFO,07/01/2020,09:15:27,3.5,3.45,6200,4.9,12400,0,1531400
PFC30Jan20120CE.NFO,07/01/2020,09:15:39,3.35,2.85,6200,3.45,12400,12400,1531400
PFC30Jan20120CE.NFO,07/01/2020,09:15:51,3.25,2.75,12400,2.9,12400,6200,1531400
PFC30Jan20120CE.NFO,07/01/2020,09:16:03,3.25,2.65,12400,2.75,6200,0,1531400
PFC30Jan20120CE.NFO,07/01/2020,09:16:15,2.75,2.7,6200,2.8,12400,6200,1531400
PFC30Jan20120CE.NFO,07/01/2020,09:16:26,2.9,2.6,12400,2.75,6200,37200,1531400
PFC30Jan20120CE.NFO,07/01/2020,09:16:36,2.5,2.45,6200,2.65,6200,12400,1531400
PFC30Jan20120CE.NFO,07/01/2020,09:16:46,2.45,2.4,6200,2.5,6200,12400,1531400
PFC30Jan20120CE.NFO,07/01/2020,09:16:56,2.45,2.6,6200,2.7,6200,0,1531400
PFC30Jan20120CE.NFO,07/01/2020,09:17:05,2.45,2.5,18600,2.65,6200,0,1531400
PFC30Jan20120CE.NFO,07/01/2020,09:17:24,2.5,2.45,12400,2.6,6200,18600,1475600
PFC30Jan20120CE.NFO,07/01/2020,09:17:34,2.5,2.45,6200,2.6,12400,0,1475600
PFC30Jan20120CE.NFO,07/01/2020,09:17:45,2.4,2.3,6200,2.4,6200,6200,1475600
PFC30Jan20120CE.NFO,07/01/2020,09:17:56,2.3,2.25,6200,2.45,12400,6200,1475600
PFC30Jan20120CE.NFO,07/01/2020,09:18:05,2.3,2.25,18600,2.45,12400,0,1475600
PFC30Jan20120CE.NFO,07/01/2020,09:18:15,2.3,2.25,12400,2.4,31000,0,1475600
PFC30Jan20120CE.NFO,07/01/2020,09:18:23,2.35,2.2,31000,2.3,6200,6200,1475600
PFC30Jan20120CE.NFO,07/01/2020,09:18:32,2.35,2.2,31000,2.3,6200,0,1475600
PFC30Jan20120CE.NFO,07/01/2020,09:18:41,2.35,2.15,49600,2.25,6200,0,1475600
PFC30Jan20120CE.NFO,07/01/2020,09:18:50,2.25,2.2,6200,2.3,6200,6200,1475600
PFC30Jan20120CE.NFO,07/01/2020,09:18:59,2.25,2.15,12400,2.25,6200,6200,1475600
PFC30Jan20120CE.NFO,07/01/2020,09:19:08,2.2,2.15,6200,2.25,24800,6200,1475600
PFC30Jan20120CE.NFO,07/01/2020,09:19:17,2.2,2.15,12400,2.25,18600,0,1475600
PFC30Jan20120CE.NFO,07/01/2020,09:19:25,2.2,2.2,6200,2.25,6200,0,1475600
PFC30Jan20120CE.NFO,07/01/2020,09:19:34,2.2,2.2,6200,2.3,6200,6200,1475600
PFC30Jan20120CE.NFO,07/01/2020,09:19:42,2.2,2.2,6200,2.3,6200,0,1475600
PFC30Jan20120CE.NFO,07/01/2020,09:19:50,2.2,2.2,12400,2.3,12400,0,1475600
PFC30Jan20120CE.NFO,07/01/2020,09:20:06,2.2,2.2,6200,2.3,12400,6200,1475600
PFC30Jan20120CE.NFO,07/01/2020,09:20:14,2.2,2.2,6200,2.3,12400,0,1475600
PFC30Jan20120CE.NFO,07/01/2020,09:20:21,2.3,2.2,12400,2.25,6200,6200,1450800
PFC30Jan20120CE.NFO,07/01/2020,09:20:29,2.3,2.2,12400,2.25,6200,0,1450800
PFC30Jan20120CE.NFO,07/01/2020,09:20:36,2.25,2.25,6200,2.3,6200,6200,1450800
PFC30Jan20120CE.NFO,07/01/2020,09:20:44,2.25,2.2,24800,2.3,12400,6200,1450800
PFC30Jan20120CE.NFO,07/01/2020,09:20:52,2.25,2.2,24800,2.3,6200,0,1450800
PFC30Jan20120CE.NFO,07/01/2020,09:20:59,2.25,2.2,43400,2.3,12400,0,1450800
PFC30Jan20120CE.NFO,07/01/2020,09:21:08,2.3,2.25,18600,2.4,43400,6200,1450800
PFC30Jan20120CE.NFO,07/01/2020,09:21:16,2.3,2.25,24800,2.35,6200,0,1450800
PFC30Jan20120CE.NFO,07/01/2020,09:21:23,2.3,2.3,12400,2.4,43400,0,1450800
PFC30Jan20120CE.NFO,07/01/2020,09:21:30,2.3,2.25,31000,2.35,6200,0,1450800
PFC30Jan20120CE.NFO,07/01/2020,09:21:47,2.3,2.25,37200,2.35,6200,0,1450800
PFC30Jan20120CE.NFO,07/01/2020,09:21:55,2.3,2.3,6200,2.4,49600,0,1450800
PFC30Jan20120CE.NFO,07/01/2020,09:22:11,2.4,2.3,12400,2.4,18600,43400,1450800
PFC30Jan20120CE.NFO,07/01/2020,09:22:19,2.4,2.3,12400,2.4,18600,0,1450800
PFC30Jan20120CE.NFO,07/01/2020,09:22:27,2.4,2.3,6200,2.4,31000,6200,1450800
PFC30Jan20120CE.NFO,07/01/2020,09:22:34,2.3,2.25,6200,2.35,18600,6200,1450800
PFC30Jan20120CE.NFO,07/01/2020,09:22:41,2.3,2.25,18600,2.35,6200,0,1450800
PFC30Jan20120CE.NFO,07/01/2020,09:22:48,2.35,2.3,12400,2.4,18600,6200,1450800
PFC30Jan20120CE.NFO,07/01/2020,09:22:55,2.35,2.35,6200,2.45,12400,0,1450800
PFC30Jan20120CE.NFO,07/01/2020,09:23:02,2.35,2.4,6200,2.45,6200,0,1450800
PFC30Jan20120CE.NFO,07/01/2020,09:23:10,2.35,2.35,24800,2.45,6200,0,1450800
PFC30Jan20120CE.NFO,07/01/2020,09:23:17,2.35,2.35,24800,2.45,24800,0,1450800
PFC30Jan20120CE.NFO,07/01/2020,09:23:30,2.35,2.35,18600,2.4,6200,0,1450800
PFC30Jan20120CE.NFO,07/01/2020,09:23:49,2.35,2.35,6200,2.4,12400,0,1450800
PFC30Jan20120CE.NFO,07/01/2020,09:23:56,2.35,2.3,12400,2.4,18600,6200,1419800
PFC30Jan20120CE.NFO,07/01/2020,09:24:03,2.35,2.3,24800,2.4,18600,0,1419800
PFC30Jan20120CE.NFO,07/01/2020,09:24:17,2.35,2.3,12400,2.4,18600,0,1419800
PFC30Jan20120CE.NFO,07/01/2020,09:24:24,2.35,2.3,6200,2.4,18600,0,1419800
PFC30Jan20120CE.NFO,07/01/2020,09:24:31,2.35,2.3,31000,2.4,12400,0,1419800
PFC30Jan20120CE.NFO,07/01/2020,09:24:37,2.45,2.45,24800,2.6,37200,18600,1419800
PFC30Jan20120CE.NFO,07/01/2020,09:24:43,2.45,2.5,12400,2.6,12400,0,1419800
PFC30Jan20120CE.NFO,07/01/2020,09:24:49,2.45,2.55,12400,2.6,6200,0,1419800
PFC30Jan20120CE.NFO,07/01/2020,09:24:56,2.45,2.5,24800,2.6,12400,0,1419800
PFC30Jan20120CE.NFO,07/01/2020,09:25:03,2.45,2.55,6200,2.6,12400,0,1419800
PFC30Jan20120CE.NFO,07/01/2020,09:25:10,2.45,2.5,24800,2.6,12400,0,1419800
PFC30Jan20120CE.NFO,07/01/2020,09:25:18,2.45,2.5,6200,2.55,6200,0,1419800
PFC30Jan20120CE.NFO,07/01/2020,09:25:31,2.45,2.45,18600,2.55,12400,0,1419800
PFC30Jan20120CE.NFO,07/01/2020,09:25:38,2.45,2.5,18600,2.6,24800,0,1419800
PFC30Jan20120CE.NFO,07/01/2020,09:25:46,2.45,2.55,6200,2.6,12400,0,1419800
PFC30Jan20120CE.NFO,07/01/2020,09:26:01,2.6,2.55,6200,2.65,24800,6200,1419800
PFC30Jan20120CE.NFO,07/01/2020,09:26:09,2.6,2.55,12400,2.65,24800,6200,1419800
PFC30Jan20120CE.NFO,07/01/2020,09:26:17,2.6,2.55,12400,2.65,24800,0,1419800
PFC30Jan20120CE.NFO,07/01/2020,09:26:30,2.65,2.6,12400,2.7,31000,12400,1413600
PFC30Jan20120CE.NFO,07/01/2020,09:26:37,2.65,2.6,12400,2.7,31000,0,1413600
PFC30Jan20120CE.NFO,07/01/2020,09:26:55,2.65,2.65,6200,2.75,43400,0,1413600
PFC30Jan20120CE.NFO,07/01/2020,09:27:00,2.65,2.65,24800,2.75,37200,0,1413600
PFC30Jan20120CE.NFO,07/01/2020,09:27:06,2.65,2.65,37200,2.75,31000,0,1413600
PFC30Jan20120CE.NFO,07/01/2020,09:27:11,2.65,2.65,49600,2.75,12400,6200,1413600
PFC30Jan20120CE.NFO,07/01/2020,09:27:17,2.65,2.65,18600,2.7,12400,0,1413600
PFC30Jan20120CE.NFO,07/01/2020,09:27:24,2.65,2.65,31000,2.7,6200,0,1413600
PFC30Jan20120CE.NFO,07/01/2020,09:27:30,2.65,2.65,12400,2.7,6200,0,1413600
PFC30Jan20120CE.NFO,07/01/2020,09:27:36,2.65,2.6,6200,2.7,31000,12400,1413600
PFC30Jan20120CE.NFO,07/01/2020,09:27:42,2.65,2.6,6200,2.65,12400,0,1413600
PFC30Jan20120CE.NFO,07/01/2020,09:27:56,2.65,2.6,18600,2.65,6200,0,1413600
PFC30Jan20120CE.NFO,07/01/2020,09:28:11,2.65,2.55,31000,2.65,31000,0,1413600
PFC30Jan20120CE.NFO,07/01/2020,09:28:18,2.65,2.6,6200,2.65,18600,0,1413600
PFC30Jan20120CE.NFO,07/01/2020,09:28:31,2.65,2.6,24800,2.65,6200,0,1413600
PFC30Jan20120CE.NFO,07/01/2020,09:28:37,2.65,2.6,6200,2.65,18600,6200,1413600
PFC30Jan20120CE.NFO,07/01/2020,09:28:42,2.65,2.6,6200,2.65,18600,0,1413600
PFC30Jan20120CE.NFO,07/01/2020,09:28:48,2.65,2.6,49600,2.7,12400,18600,1413600
PFC30Jan20120CE.NFO,07/01/2020,09:28:54,2.65,2.65,18600,2.7,6200,0,1413600
PFC30Jan20120CE.NFO,07/01/2020,09:28:59,2.65,2.65,6200,2.7,6200,0,1413600
PFC30Jan20120CE.NFO,07/01/2020,09:29:06,2.65,2.65,18600,2.7,6200,0,1413600
PFC30Jan20120CE.NFO,07/01/2020,09:29:12,2.7,2.7,12400,2.75,6200,12400,1413600
PFC30Jan20120CE.NFO,07/01/2020,09:29:18,2.75,2.75,18600,2.8,12400,12400,1401200
PFC30Jan20120CE.NFO,07/01/2020,09:29:24,2.75,2.75,24800,2.85,31000,0,1401200
PFC30Jan20120CE.NFO,07/01/2020,09:29:30,2.7,2.65,6200,2.75,24800,31000,1401200
PFC30Jan20120CE.NFO,07/01/2020,09:29:37,2.7,2.65,6200,2.7,6200,0,1401200
PFC30Jan20120CE.NFO,07/01/2020,09:29:49,2.65,2.6,6200,2.7,18600,12400,1401200
PFC30Jan20120CE.NFO,07/01/2020,09:29:55,2.65,2.55,24800,2.7,18600,0,1401200
PFC30Jan20120CE.NFO,07/01/2020,09:30:04,2.65,2.6,12400,2.7,6200,0,1401200
PFC30Jan20120CE.NFO,07/01/2020,09:30:11,2.65,2.6,12400,2.7,12400,0,1401200
PFC30Jan20120CE.NFO,07/01/2020,09:30:16,2.65,2.6,6200,2.7,12400,0,1401200
PFC30Jan20120CE.NFO,07/01/2020,09:30:22,2.65,2.65,6200,2.75,18600,6200,1401200
PFC30Jan20120CE.NFO,07/01/2020,09:30:28,2.65,2.65,6200,2.75,18600,0,1401200
PFC30Jan20120CE.NFO,07/01/2020,09:30:33,2.65,2.65,6200,2.7,6200,0,1401200
PFC30Jan20120CE.NFO,07/01/2020,09:30:38,2.65,2.65,6200,2.75,12400,0,1401200
PFC30Jan20120CE.NFO,07/01/2020,09:30:54,2.65,2.65,6200,2.7,6200,0,1401200
PFC30Jan20120CE.NFO,07/01/2020,09:30:59,2.65,2.55,24800,2.7,31000,6200,1401200
PFC30Jan20120CE.NFO,07/01/2020,09:31:04,2.65,2.6,12400,2.7,18600,0,1401200
PFC30Jan20120CE.NFO,07/01/2020,09:31:16,2.65,2.55,24800,2.7,43400,0,1401200
PFC30Jan20120CE.NFO,07/01/2020,09:31:22,2.65,2.55,24800,2.65,18600,0,1401200
PFC30Jan20120CE.NFO,07/01/2020,09:31:28,2.65,2.55,24800,2.65,24800,0,1401200
PFC30Jan20120CE.NFO,07/01/2020,09:31:34,2.65,2.55,12400,2.65,24800,0,1401200
PFC30Jan20120CE.NFO,07/01/2020,09:31:39,2.65,2.6,6200,2.65,18600,0,1401200
PFC30Jan20120CE.NFO,07/01/2020,09:31:45,2.65,2.6,6200,2.65,12400,0,1401200
PFC30Jan20120CE.NFO,07/01/2020,09:31:50,2.65,2.5,18600,2.65,24800,12400,1401200
PFC30Jan20120CE.NFO,07/01/2020,09:31:56,2.65,2.5,12400,2.6,12400,0,1401200
PFC30Jan20120CE.NFO,07/01/2020,09:32:02,2.65,2.5,12400,2.6,18600,0,1401200
PFC30Jan20120CE.NFO,07/01/2020,09:32:16,2.55,2.5,6200,2.6,12400,12400,1419800
PFC30Jan20120CE.NFO,07/01/2020,09:32:22,2.55,2.5,6200,2.6,6200,0,1419800
PFC30Jan20120CE.NFO,07/01/2020,09:32:29,2.55,2.55,24800,2.65,18600,0,1419800
PFC30Jan20120CE.NFO,07/01/2020,09:32:35,2.55,2.55,24800,2.65,12400,0,1419800
PFC30Jan20120CE.NFO,07/01/2020,09:32:42,2.65,2.6,12400,2.65,6200,6200,1419800
PFC30Jan20120CE.NFO,07/01/2020,09:32:48,2.65,2.6,12400,2.65,6200,0,1419800
PFC30Jan20120CE.NFO,07/01/2020,09:32:54,2.65,2.6,6200,2.65,6200,0,1419800
PFC30Jan20120CE.NFO,07/01/2020,09:33:05,2.65,2.6,12400,2.7,24800,6200,1419800
PFC30Jan20120CE.NFO,07/01/2020,09:33:12,2.65,2.6,6200,2.65,6200,0,1419800
PFC30Jan20120CE.NFO,07/01/2020,09:33:18,2.6,2.55,12400,2.65,6200,6200,1419800
PFC30Jan20120CE.NFO,07/01/2020,09:33:24,2.6,2.55,12400,2.65,6200,0,1419800
PFC30Jan20120CE.NFO,07/01/2020,09:33:31,2.6,2.6,6200,2.65,6200,0,1419800
PFC30Jan20120CE.NFO,07/01/2020,09:33:36,2.6,2.55,12400,2.65,6200,0,1419800
PFC30Jan20120CE.NFO,07/01/2020,09:33:42,2.6,2.55,24800,2.65,6200,0,1419800
PFC30Jan20120CE.NFO,07/01/2020,09:33:47,2.6,2.55,18600,2.65,6200,0,1419800
PFC30Jan20120CE.NFO,07/01/2020,09:34:08,2.65,2.55,12400,2.65,6200,6200,1419800
PFC30Jan20120CE.NFO,07/01/2020,09:34:32,2.65,2.5,12400,2.6,12400,0,1419800
PFC30Jan20120CE.NFO,07/01/2020,09:34:39,2.65,2.45,12400,2.55,6200,0,1419800
PFC30Jan20120CE.NFO,07/01/2020,09:34:45,2.65,2.4,18600,2.5,6200,0,1419800
PFC30Jan20120CE.NFO,07/01/2020,09:34:51,2.65,2.45,6200,2.5,6200,0,1419800
PFC30Jan20120CE.NFO,07/01/2020,09:35:01,2.65,2.45,6200,2.55,12400,0,1419800
PFC30Jan20120CE.NFO,07/01/2020,09:35:07,2.65,2.45,6200,2.5,6200,0,1419800
PFC30Jan20120CE.NFO,07/01/2020,09:35:42,2.65,2.4,12400,2.45,6200,0,1419800
PFC30Jan20120CE.NFO,07/01/2020,09:35:50,2.65,2.4,6200,2.45,6200,0,1419800
PFC30Jan20120CE.NFO,07/01/2020,09:35:58,2.65,2.4,12400,2.5,18600,0,1419800
PFC30Jan20120CE.NFO,07/01/2020,09:36:05,2.65,2.4,12400,2.45,6200,0,1419800
PFC30Jan20120CE.NFO,07/01/2020,09:36:11,2.4,2.4,6200,2.5,12400,6200,1413600
PFC30Jan20120CE.NFO,07/01/2020,09:36:23,2.4,2.4,6200,2.5,12400,0,1413600
PFC30Jan20120CE.NFO,07/01/2020,09:36:40,2.4,2.4,6200,2.5,6200,0,1413600
PFC30Jan20120CE.NFO,07/01/2020,09:36:50,2.4,2.4,12400,2.5,6200,0,1413600
PFC30Jan20120CE.NFO,07/01/2020,09:37:01,2.4,2.4,24800,2.5,12400,0,1413600
PFC30Jan20120CE.NFO,07/01/2020,09:37:07,2.4,2.4,12400,2.5,12400,0,1413600
PFC30Jan20120CE.NFO,07/01/2020,09:37:12,2.4,2.4,6200,2.5,12400,0,1413600
PFC30Jan20120CE.NFO,07/01/2020,09:37:22,2.4,2.4,6200,2.5,12400,6200,1413600
PFC30Jan20120CE.NFO,07/01/2020,09:37:27,2.4,2.35,18600,2.5,12400,0,1413600
PFC30Jan20120CE.NFO,07/01/2020,09:37:43,2.4,2.35,24800,2.5,12400,0,1413600
PFC30Jan20120CE.NFO,07/01/2020,09:37:48,2.4,2.35,24800,2.45,6200,0,1413600
PFC30Jan20120CE.NFO,07/01/2020,09:37:52,2.4,2.35,24800,2.45,18600,0,1413600
PFC30Jan20120CE.NFO,07/01/2020,09:38:46,2.4,2.35,18600,2.45,18600,0,1413600
PFC30Jan20120CE.NFO,07/01/2020,09:38:51,2.4,2.35,24800,2.45,18600,0,1413600
PFC30Jan20120CE.NFO,07/01/2020,09:39:28,2.4,2.35,31000,2.45,18600,0,1413600
PFC30Jan20120CE.NFO,07/01/2020,09:39:33,2.4,2.35,31000,2.45,12400,0,1413600
PFC30Jan20120CE.NFO,07/01/2020,09:39:49,2.4,2.35,31000,2.45,18600,0,1413600
PFC30Jan20120CE.NFO,07/01/2020,09:39:54,2.4,2.35,31000,2.45,6200,0,1413600
PFC30Jan20120CE.NFO,07/01/2020,09:40:11,2.4,2.35,31000,2.5,37200,0,1413600
PFC30Jan20120CE.NFO,07/01/2020,09:40:17,2.4,2.4,12400,2.5,31000,0,1413600
PFC30Jan20120CE.NFO,07/01/2020,09:40:45,2.4,2.4,12400,2.5,18600,0,1413600
PFC30Jan20120CE.NFO,07/01/2020,09:40:51,2.4,2.4,43400,2.5,18600,0,1413600
PFC30Jan20120CE.NFO,07/01/2020,09:41:13,2.4,2.45,18600,2.5,12400,0,1413600
PFC30Jan20120CE.NFO,07/01/2020,09:42:02,2.4,2.4,49600,2.5,18600,0,1413600
PFC30Jan20120CE.NFO,07/01/2020,09:42:23,2.4,2.4,18600,2.5,31000,0,1413600
PFC30Jan20120CE.NFO,07/01/2020,09:42:29,2.4,2.4,18600,2.5,24800,0,1413600
PFC30Jan20120CE.NFO,07/01/2020,09:43:03,2.4,2.4,18600,2.5,18600,0,1413600
PFC30Jan20120CE.NFO,07/01/2020,09:43:09,2.4,2.4,18600,2.45,6200,0,1413600
PFC30Jan20120CE.NFO,07/01/2020,09:43:23,2.4,2.4,12400,2.5,37200,6200,1413600
PFC30Jan20120CE.NFO,07/01/2020,09:43:29,2.4,2.4,12400,2.45,12400,0,1413600
PFC30Jan20120CE.NFO,07/01/2020,09:43:39,2.45,2.4,24800,2.5,18600,6200,1413600
PFC30Jan20120CE.NFO,07/01/2020,09:43:44,2.45,2.4,31000,2.5,12400,0,1413600
PFC30Jan20120CE.NFO,07/01/2020,09:43:50,2.4,2.4,18600,2.5,12400,6200,1413600
PFC30Jan20120CE.NFO,07/01/2020,09:44:12,2.4,2.45,6200,2.5,12400,0,1413600
PFC30Jan20120CE.NFO,07/01/2020,09:44:24,2.5,2.45,24800,2.6,18600,12400,1419800
PFC30Jan20120CE.NFO,07/01/2020,09:44:29,2.5,2.45,24800,2.6,18600,0,1419800
PFC30Jan20120CE.NFO,07/01/2020,09:44:38,2.5,2.5,6200,2.6,18600,0,1419800
PFC30Jan20120CE.NFO,07/01/2020,09:44:43,2.5,2.45,18600,2.6,18600,0,1419800
PFC30Jan20120CE.NFO,07/01/2020,09:45:03,2.5,2.45,18600,2.6,12400,0,1419800
PFC30Jan20120CE.NFO,07/01/2020,09:45:10,2.5,2.5,24800,2.65,18600,0,1419800
PFC30Jan20120CE.NFO,07/01/2020,09:45:24,2.5,2.55,6200,2.65,18600,0,1419800
PFC30Jan20120CE.NFO,07/01/2020,09:45:36,2.5,2.55,24800,2.65,12400,0,1419800
PFC30Jan20120CE.NFO,07/01/2020,09:45:58,2.5,2.55,6200,2.6,6200,0,1419800
PFC30Jan20120CE.NFO,07/01/2020,09:46:09,2.5,2.55,6200,2.65,18600,0,1419800
PFC30Jan20120CE.NFO,07/01/2020,09:46:30,2.55,2.5,6200,2.6,12400,6200,1419800
PFC30Jan20120CE.NFO,07/01/2020,09:46:36,2.55,2.55,18600,2.65,18600,0,1419800
PFC30Jan20120CE.NFO,07/01/2020,09:46:42,2.55,2.55,12400,2.65,18600,0,1419800
PFC30Jan20120CE.NFO,07/01/2020,09:46:48,2.55,2.5,6200,2.6,18600,0,1419800
PFC30Jan20120CE.NFO,07/01/2020,09:46:53,2.55,2.45,18600,2.6,24800,0,1419800
PFC30Jan20120CE.NFO,07/01/2020,09:46:58,2.55,2.45,12400,2.6,24800,0,1419800
PFC30Jan20120CE.NFO,07/01/2020,09:47:08,2.5,2.45,6200,2.55,18600,6200,1419800
PFC30Jan20120CE.NFO,07/01/2020,09:47:13,2.5,2.4,31000,2.55,18600,0,1419800
PFC30Jan20120CE.NFO,07/01/2020,09:47:18,2.55,2.45,6200,2.55,12400,6200,1419800
PFC30Jan20120CE.NFO,07/01/2020,09:47:23,2.55,2.45,6200,2.55,12400,0,1419800
PFC30Jan20120CE.NFO,07/01/2020,09:47:27,2.55,2.45,12400,2.55,12400,0,1419800
PFC30Jan20120CE.NFO,07/01/2020,09:47:36,2.55,2.45,18600,2.55,6200,6200,1426000
PFC30Jan20120CE.NFO,07/01/2020,09:48:13,2.55,2.45,24800,2.55,12400,0,1426000
PFC30Jan20120CE.NFO,07/01/2020,09:48:29,2.55,2.45,18600,2.55,12400,0,1426000
PFC30Jan20120CE.NFO,07/01/2020,09:48:40,2.55,2.45,24800,2.55,12400,0,1426000
PFC30Jan20120CE.NFO,07/01/2020,09:48:47,2.55,2.45,18600,2.55,12400,0,1426000
PFC30Jan20120CE.NFO,07/01/2020,09:48:59,2.55,2.45,12400,2.55,12400,0,1426000
PFC30Jan20120CE.NFO,07/01/2020,09:49:27,2.55,2.45,6200,2.55,24800,0,1426000
PFC30Jan20120CE.NFO,07/01/2020,09:49:44,2.55,2.45,6200,2.55,18600,0,1426000
PFC30Jan20120CE.NFO,07/01/2020,09:49:50,2.55,2.45,6200,2.55,12400,0,1426000
PFC30Jan20120CE.NFO,07/01/2020,09:49:55,2.55,2.45,24800,2.55,12400,0,1426000
PFC30Jan20120CE.NFO,07/01/2020,09:50:04,2.55,2.45,6200,2.55,12400,0,1426000
PFC30Jan20120CE.NFO,07/01/2020,09:50:09,2.55,2.45,12400,2.55,12400,0,1426000
PFC30Jan20120CE.NFO,07/01/2020,09:50:20,2.55,2.45,6200,2.55,12400,0,1426000
PFC30Jan20120CE.NFO,07/01/2020,09:50:25,2.55,2.45,6200,2.55,18600,0,1426000
PFC30Jan20120CE.NFO,07/01/2020,09:51:21,2.55,2.45,6200,2.5,6200,0,1426000
PFC30Jan20120CE.NFO,07/01/2020,09:52:07,2.4,2.35,6200,2.45,6200,6200,1432200
PFC30Jan20120CE.NFO,07/01/2020,09:52:12,2.35,2.3,37200,2.45,6200,6200,1432200
PFC30Jan20120CE.NFO,07/01/2020,09:52:17,2.35,2.35,24800,2.5,6200,0,1432200
PFC30Jan20120CE.NFO,07/01/2020,09:52:22,2.35,2.35,43400,2.5,6200,0,1432200
PFC30Jan20120CE.NFO,07/01/2020,09:52:42,2.35,2.35,6200,2.45,12400,0,1432200
PFC30Jan20120CE.NFO,07/01/2020,09:52:51,2.45,2.35,6200,2.5,18600,6200,1432200
PFC30Jan20120CE.NFO,07/01/2020,09:53:00,2.45,2.4,6200,2.5,18600,0,1432200
PFC30Jan20120CE.NFO,07/01/2020,09:53:07,2.4,2.35,6200,2.45,12400,6200,1432200
PFC30Jan20120CE.NFO,07/01/2020,09:53:13,2.4,2.35,6200,2.45,12400,0,1432200
PFC30Jan20120CE.NFO,07/01/2020,09:53:24,2.4,2.3,31000,2.45,12400,0,1432200
PFC30Jan20120CE.NFO,07/01/2020,09:53:29,2.4,2.35,6200,2.45,12400,0,1432200
PFC30Jan20120CE.NFO,07/01/2020,09:53:33,2.4,2.3,6200,2.4,12400,0,1432200
PFC30Jan20120CE.NFO,07/01/2020,09:53:43,2.4,2.3,6200,2.4,18600,0,1432200
PFC30Jan20120CE.NFO,07/01/2020,09:53:59,2.4,2.3,12400,2.4,6200,0,1432200
PFC30Jan20120CE.NFO,07/01/2020,09:54:04,2.4,2.3,18600,2.4,6200,0,1432200
PFC30Jan20120CE.NFO,07/01/2020,09:54:09,2.4,2.35,6200,2.45,12400,0,1432200
PFC30Jan20120CE.NFO,07/01/2020,09:54:32,2.4,2.35,6200,2.4,6200,0,1432200
PFC30Jan20120CE.NFO,07/01/2020,09:54:41,2.4,2.35,6200,2.4,12400,0,1432200
PFC30Jan20120CE.NFO,07/01/2020,09:54:45,2.35,2.3,24800,2.4,12400,6200,1450800
PFC30Jan20120CE.NFO,07/01/2020,09:54:45,2.35,2.3,24800,2.4,12400,0,1450800
PFC30Jan20120CE.NFO,07/01/2020,09:54:49,2.35,2.35,6200,2.4,12400,0,1450800
PFC30Jan20120CE.NFO,07/01/2020,09:54:50,2.35,2.35,6200,2.4,18600,0,1450800
PFC30Jan20120CE.NFO,07/01/2020,09:55:17,2.35,2.35,6200,2.4,6200,0,1450800
PFC30Jan20120CE.NFO,07/01/2020,09:55:23,2.35,2.35,6200,2.4,24800,0,1450800
PFC30Jan20120CE.NFO,07/01/2020,09:55:28,2.35,2.35,6200,2.4,12400,0,1450800
PFC30Jan20120CE.NFO,07/01/2020,09:55:39,2.35,2.35,6200,2.4,18600,0,1450800
PFC30Jan20120CE.NFO,07/01/2020,09:55:43,2.4,2.35,6200,2.4,12400,6200,1450800
PFC30Jan20120CE.NFO,07/01/2020,09:55:48,2.4,2.35,6200,2.4,6200,0,1450800
PFC30Jan20120CE.NFO,07/01/2020,09:55:51,2.4,2.35,6200,2.4,12400,0,1450800
PFC30Jan20120CE.NFO,07/01/2020,09:55:56,2.4,2.35,6200,2.4,18600,0,1450800
PFC30Jan20120CE.NFO,07/01/2020,09:56:12,2.35,2.3,6200,2.35,24800,6200,1450800
PFC30Jan20120CE.NFO,07/01/2020,09:56:20,2.35,2.3,12400,2.35,31000,0,1450800
PFC30Jan20120CE.NFO,07/01/2020,09:56:38,2.35,2.3,12400,2.35,24800,0,1450800
PFC30Jan20120CE.NFO,07/01/2020,09:56:47,2.35,2.25,31000,2.35,31000,0,1450800
PFC30Jan20120CE.NFO,07/01/2020,09:56:55,2.35,2.25,31000,2.35,24800,0,1450800
PFC30Jan20120CE.NFO,07/01/2020,09:57:04,2.35,2.25,31000,2.35,37200,0,1450800
PFC30Jan20120CE.NFO,07/01/2020,09:57:14,2.35,2.25,31000,2.35,31000,0,1450800
PFC30Jan20120CE.NFO,07/01/2020,09:57:26,2.35,2.25,31000,2.35,24800,0,1450800
PFC30Jan20120CE.NFO,07/01/2020,09:57:36,2.35,2.3,12400,2.4,24800,6200,1457000
PFC30Jan20120CE.NFO,07/01/2020,09:57:45,2.35,2.3,6200,2.4,24800,0,1457000
PFC30Jan20120CE.NFO,07/01/2020,09:58:19,2.35,2.3,6200,2.35,18600,0,1457000
PFC30Jan20120CE.NFO,07/01/2020,09:58:24,2.35,2.25,12400,2.35,24800,0,1457000
PFC30Jan20120CE.NFO,07/01/2020,09:58:29,2.35,2.25,24800,2.35,24800,0,1457000
PFC30Jan20120CE.NFO,07/01/2020,09:58:33,2.35,2.25,18600,2.35,24800,0,1457000
PFC30Jan20120CE.NFO,07/01/2020,09:58:47,2.35,2.25,12400,2.3,6200,0,1457000
PFC30Jan20120CE.NFO,07/01/2020,09:58:53,2.35,2.25,12400,2.3,12400,0,1457000
PFC30Jan20120CE.NFO,07/01/2020,09:59:05,2.35,2.25,6200,2.3,37200,0,1457000
PFC30Jan20120CE.NFO,07/01/2020,09:59:11,2.25,2.2,18600,2.3,37200,6200,1457000
PFC30Jan20120CE.NFO,07/01/2020,09:59:16,2.25,2.2,18600,2.3,37200,0,1457000
PFC30Jan20120CE.NFO,07/01/2020,09:59:22,2.25,2.2,18600,2.25,31000,0,1457000
PFC30Jan20120CE.NFO,07/01/2020,09:59:33,2.25,2.2,18600,2.25,6200,0,1457000
PFC30Jan20120CE.NFO,07/01/2020,09:59:43,2.25,2.2,12400,2.25,6200,0,1457000
PFC30Jan20120CE.NFO,07/01/2020,09:59:55,2.25,2.2,18600,2.25,6200,0,1457000
PFC30Jan20120CE.NFO,07/01/2020,09:59:59,2.25,2.2,12400,2.3,24800,6200,1457000
PFC30Jan20120CE.NFO,07/01/2020,10:00:04,2.25,2.2,24800,2.3,31000,0,1457000
PFC30Jan20120CE.NFO,07/01/2020,10:00:08,2.25,2.2,12400,2.3,24800,0,1457000
PFC30Jan20120CE.NFO,07/01/2020,10:00:25,2.25,2.25,6200,2.3,31000,0,1457000
PFC30Jan20120CE.NFO,07/01/2020,10:00:46,2.2,2.15,12400,2.25,18600,12400,1457000
PFC30Jan20120CE.NFO,07/01/2020,10:00:53,2.2,2.15,12400,2.2,6200,0,1457000
PFC30Jan20120CE.NFO,07/01/2020,10:01:11,2.2,2.15,12400,2.2,12400,0,1457000
PFC30Jan20120CE.NFO,07/01/2020,10:01:18,2.15,2.15,6200,2.2,24800,6200,1457000
PFC30Jan20120CE.NFO,07/01/2020,10:01:25,2.15,2.15,6200,2.2,18600,0,1457000
PFC30Jan20120CE.NFO,07/01/2020,10:01:31,2.15,2.1,18600,2.2,18600,6200,1457000
PFC30Jan20120CE.NFO,07/01/2020,10:01:41,2.15,2.1,31000,2.2,6200,0,1457000
PFC30Jan20120CE.NFO,07/01/2020,10:01:53,2.15,2.1,37200,2.25,24800,0,1457000
PFC30Jan20120CE.NFO,07/01/2020,10:01:59,2.15,2.15,31000,2.25,12400,0,1457000
PFC30Jan20120CE.NFO,07/01/2020,10:02:05,2.15,2.1,24800,2.2,12400,0,1457000
PFC30Jan20120CE.NFO,07/01/2020,10:02:10,2.15,2.1,37200,2.2,6200,0,1457000
PFC30Jan20120CE.NFO,07/01/2020,10:02:20,2.15,2.1,43400,2.2,6200,0,1457000
PFC30Jan20120CE.NFO,07/01/2020,10:02:25,2.15,2.1,43400,2.25,31000,0,1457000
PFC30Jan20120CE.NFO,07/01/2020,10:02:30,2.15,2.1,43400,2.25,18600,0,1457000
PFC30Jan20120CE.NFO,07/01/2020,10:02:35,2.15,2.1,43400,2.25,24800,0,1457000
PFC30Jan20120CE.NFO,07/01/2020,10:02:45,2.15,2.1,31000,2.2,6200,0,1457000
PFC30Jan20120CE.NFO,07/01/2020,10:02:50,2.15,2.1,37200,2.25,24800,0,1457000
PFC30Jan20120CE.NFO,07/01/2020,10:03:19,2.15,2.15,43400,2.25,12400,0,1457000
PFC30Jan20120CE.NFO,07/01/2020,10:03:30,2.15,2.15,49600,2.25,12400,0,1457000
PFC30Jan20120CE.NFO,07/01/2020,10:03:45,2.15,2.15,18600,2.25,18600,0,1457000
PFC30Jan20120CE.NFO,07/01/2020,10:04:23,2.15,2.15,18600,2.25,24800,0,1457000
PFC30Jan20120CE.NFO,07/01/2020,10:04:33,2.15,2.15,18600,2.2,24800,6200,1463200
PFC30Jan20120CE.NFO,07/01/2020,10:04:38,2.15,2.15,18600,2.2,24800,0,1463200
PFC30Jan20120CE.NFO,07/01/2020,10:04:44,2.15,2.1,18600,2.15,12400,12400,1463200
PFC30Jan20120CE.NFO,07/01/2020,10:04:49,2.15,2.1,18600,2.15,12400,0,1463200
PFC30Jan20120CE.NFO,07/01/2020,10:04:54,2.15,2.1,18600,2.15,6200,0,1463200
PFC30Jan20120CE.NFO,07/01/2020,10:05:36,2.1,2.1,6200,2.15,12400,12400,1481800
PFC30Jan20120CE.NFO,07/01/2020,10:05:43,2.1,2.1,6200,2.15,12400,0,1481800
PFC30Jan20120CE.NFO,07/01/2020,10:05:49,2.1,2.1,6200,2.15,6200,0,1481800
PFC30Jan20120CE.NFO,07/01/2020,10:06:00,2.1,2.1,12400,2.15,6200,0,1481800
PFC30Jan20120CE.NFO,07/01/2020,10:06:55,2.1,2.1,6200,2.15,6200,6200,1481800
PFC30Jan20120CE.NFO,07/01/2020,10:07:16,2.1,2.1,6200,2.15,6200,0,1481800
PFC30Jan20120CE.NFO,07/01/2020,10:07:52,2.15,2.1,24800,2.2,12400,6200,1481800
PFC30Jan20120CE.NFO,07/01/2020,10:08:03,2.15,2.15,6200,2.2,6200,0,1481800
PFC30Jan20120CE.NFO,07/01/2020,10:08:12,2.15,2.1,24800,2.2,6200,0,1481800
PFC30Jan20120CE.NFO,07/01/2020,10:08:18,2.15,2.1,31000,2.2,12400,0,1481800
PFC30Jan20120CE.NFO,07/01/2020,10:08:23,2.15,2.1,31000,2.2,6200,0,1481800
PFC30Jan20120CE.NFO,07/01/2020,10:08:30,2.15,2.15,12400,2.25,12400,0,1481800
PFC30Jan20120CE.NFO,07/01/2020,10:08:36,2.15,2.15,18600,2.25,12400,0,1481800
PFC30Jan20120CE.NFO,07/01/2020,10:09:06,2.15,2.15,12400,2.25,24800,0,1481800
PFC30Jan20120CE.NFO,07/01/2020,10:10:52,2.15,2.15,12400,2.2,12400,0,1481800
PFC30Jan20120CE.NFO,07/01/2020,10:10:57,2.15,2.15,12400,2.2,18600,0,1481800
PFC30Jan20120CE.NFO,07/01/2020,10:11:11,2.15,2.15,12400,2.2,12400,0,1481800
PFC30Jan20120CE.NFO,07/01/2020,10:11:16,2.15,2.15,12400,2.2,6200,0,1481800
PFC30Jan20120CE.NFO,07/01/2020,10:11:27,2.2,2.15,31000,2.25,6200,6200,1488000
PFC30Jan20120CE.NFO,07/01/2020,10:11:32,2.2,2.15,12400,2.25,18600,0,1488000
PFC30Jan20120CE.NFO,07/01/2020,10:11:38,2.2,2.15,31000,2.25,6200,0,1488000
PFC30Jan20120CE.NFO,07/01/2020,10:11:56,2.2,2.15,31000,2.2,6200,0,1488000
PFC30Jan20120CE.NFO,07/01/2020,10:12:02,2.2,2.15,18600,2.25,6200,6200,1488000
PFC30Jan20120CE.NFO,07/01/2020,10:12:08,2.2,2.15,24800,2.25,12400,0,1488000
PFC30Jan20120CE.NFO,07/01/2020,10:12:14,2.2,2.15,31000,2.25,12400,0,1488000
PFC30Jan20120CE.NFO,07/01/2020,10:12:19,2.2,2.2,12400,2.3,31000,0,1488000
PFC30Jan20120CE.NFO,07/01/2020,10:12:24,2.2,2.2,31000,2.3,18600,0,1488000
PFC30Jan20120CE.NFO,07/01/2020,10:12:30,2.2,2.2,31000,2.3,12400,0,1488000
PFC30Jan20120CE.NFO,07/01/2020,10:12:35,2.2,2.2,31000,2.3,18600,0,1488000
PFC30Jan20120CE.NFO,07/01/2020,10:12:40,2.2,2.2,43400,2.3,12400,0,1488000
PFC30Jan20120CE.NFO,07/01/2020,10:12:56,2.2,2.2,43400,2.3,6200,0,1488000
PFC30Jan20120CE.NFO,07/01/2020,10:13:08,2.2,2.2,37200,2.3,18600,0,1488000
PFC30Jan20120CE.NFO,07/01/2020,10:13:21,2.3,2.25,6200,2.35,43400,6200,1488000
PFC30Jan20120CE.NFO,07/01/2020,10:13:27,2.3,2.25,6200,2.35,43400,0,1488000
PFC30Jan20120CE.NFO,07/01/2020,10:13:33,2.3,2.2,37200,2.35,37200,0,1488000
PFC30Jan20120CE.NFO,07/01/2020,10:13:39,2.3,2.25,6200,2.35,31000,0,1488000
PFC30Jan20120CE.NFO,07/01/2020,10:13:43,2.3,2.2,37200,2.35,31000,0,1488000
PFC30Jan20120CE.NFO,07/01/2020,10:13:49,2.3,2.25,18600,2.35,12400,0,1488000
PFC30Jan20120CE.NFO,07/01/2020,10:13:56,2.3,2.25,18600,2.35,6200,0,1488000
PFC30Jan20120CE.NFO,07/01/2020,10:14:06,2.35,2.25,24800,2.4,24800,6200,1488000
PFC30Jan20120CE.NFO,07/01/2020,10:14:12,2.35,2.3,6200,2.4,24800,0,1488000
PFC30Jan20120CE.NFO,07/01/2020,10:14:17,2.35,2.25,24800,2.4,18600,6200,1488000
PFC30Jan20120CE.NFO,07/01/2020,10:14:23,2.35,2.25,24800,2.4,18600,0,1488000
PFC30Jan20120CE.NFO,07/01/2020,10:14:29,2.35,2.25,18600,2.4,12400,0,1488000
PFC30Jan20120CE.NFO,07/01/2020,10:14:40,2.35,2.3,6200,2.4,12400,0,1488000
PFC30Jan20120CE.NFO,07/01/2020,10:15:09,2.35,2.3,12400,2.4,12400,0,1488000
PFC30Jan20120CE.NFO,07/01/2020,10:15:14,2.35,2.3,12400,2.35,6200,0,1488000
PFC30Jan20120CE.NFO,07/01/2020,10:15:19,2.35,2.3,12400,2.35,12400,0,1488000
PFC30Jan20120CE.NFO,07/01/2020,10:15:24,2.3,2.3,6200,2.35,6200,6200,1488000
PFC30Jan20120CE.NFO,07/01/2020,10:15:29,2.3,2.3,6200,2.4,12400,0,1488000
PFC30Jan20120CE.NFO,07/01/2020,10:15:57,2.3,2.3,6200,2.4,24800,0,1488000
PFC30Jan20120CE.NFO,07/01/2020,10:16:07,2.3,2.3,6200,2.4,31000,0,1488000
PFC30Jan20120CE.NFO,07/01/2020,10:16:11,2.3,2.25,12400,2.35,24800,0,1488000
PFC30Jan20120CE.NFO,07/01/2020,10:16:16,2.3,2.25,6200,2.3,6200,0,1488000
PFC30Jan20120CE.NFO,07/01/2020,10:16:20,2.3,2.25,18600,2.35,24800,0,1488000
PFC30Jan20120CE.NFO,07/01/2020,10:16:24,2.3,2.25,18600,2.35,18600,6200,1488000
PFC30Jan20120CE.NFO,07/01/2020,10:16:29,2.3,2.3,6200,2.35,18600,0,1488000
PFC30Jan20120CE.NFO,07/01/2020,10:16:39,2.3,2.25,6200,2.35,18600,6200,1488000
PFC30Jan20120CE.NFO,07/01/2020,10:16:45,2.3,2.25,6200,2.35,18600,0,1488000
PFC30Jan20120CE.NFO,07/01/2020,10:16:59,2.3,2.25,12400,2.35,18600,0,1488000
PFC30Jan20120CE.NFO,07/01/2020,10:17:46,2.3,2.2,31000,2.3,18600,0,1488000
PFC30Jan20120CE.NFO,07/01/2020,10:17:49,2.3,2.2,31000,2.3,12400,0,1488000
PFC30Jan20120CE.NFO,07/01/2020,10:18:53,2.3,2.2,6200,2.3,18600,0,1488000
PFC30Jan20120CE.NFO,07/01/2020,10:18:58,2.3,2.2,6200,2.25,6200,0,1488000
PFC30Jan20120CE.NFO,07/01/2020,10:19:02,2.3,2.2,6200,2.3,18600,0,1488000
PFC30Jan20120CE.NFO,07/01/2020,10:19:19,2.3,2.2,24800,2.3,12400,0,1488000
PFC30Jan20120CE.NFO,07/01/2020,10:19:33,2.3,2.25,6200,2.35,24800,0,1488000
PFC30Jan20120CE.NFO,07/01/2020,10:20:07,2.3,2.2,24800,2.35,31000,0,1488000
PFC30Jan20120CE.NFO,07/01/2020,10:20:17,2.3,2.25,18600,2.35,24800,0,1488000
PFC30Jan20120CE.NFO,07/01/2020,10:20:22,2.3,2.25,18600,2.35,31000,0,1488000
PFC30Jan20120CE.NFO,07/01/2020,10:20:26,2.3,2.2,31000,2.35,31000,0,1488000
PFC30Jan20120CE.NFO,07/01/2020,10:20:43,2.3,2.25,6200,2.35,31000,0,1488000
PFC30Jan20120CE.NFO,07/01/2020,10:21:05,2.3,2.25,18600,2.35,24800,0,1488000
PFC30Jan20120CE.NFO,07/01/2020,10:22:42,2.3,2.2,31000,2.35,31000,0,1488000
PFC30Jan20120CE.NFO,07/01/2020,10:23:21,2.2,2.2,18600,2.35,31000,6200,1488000
PFC30Jan20120CE.NFO,07/01/2020,10:23:25,2.2,2.2,31000,2.3,6200,0,1488000
PFC30Jan20120CE.NFO,07/01/2020,10:23:35,2.2,2.2,31000,2.35,37200,0,1488000
PFC30Jan20120CE.NFO,07/01/2020,10:24:10,2.2,2.25,12400,2.35,37200,0,1488000
PFC30Jan20120CE.NFO,07/01/2020,10:24:19,2.2,2.25,6200,2.35,37200,0,1488000
PFC30Jan20120CE.NFO,07/01/2020,10:24:59,2.2,2.2,18600,2.3,6200,0,1488000
PFC30Jan20120CE.NFO,07/01/2020,10:25:08,2.2,2.2,18600,2.35,37200,0,1488000
PFC30Jan20120CE.NFO,07/01/2020,10:25:12,2.2,2.2,18600,2.3,6200,0,1488000
PFC30Jan20120CE.NFO,07/01/2020,10:25:40,2.2,2.15,12400,2.25,31000,0,1488000
PFC30Jan20120CE.NFO,07/01/2020,10:25:50,2.2,2.15,6200,2.2,12400,0,1488000
PFC30Jan20120CE.NFO,07/01/2020,10:26:00,2.2,2.15,6200,2.25,24800,0,1488000
PFC30Jan20120CE.NFO,07/01/2020,10:26:09,2.2,2.1,37200,2.25,24800,0,1488000
PFC30Jan20120CE.NFO,07/01/2020,10:26:14,2.2,2.15,6200,2.25,18600,0,1488000
PFC30Jan20120CE.NFO,07/01/2020,10:26:19,2.2,2.15,18600,2.25,12400,0,1488000
PFC30Jan20120CE.NFO,07/01/2020,10:26:37,2.2,2.15,24800,2.3,18600,0,1488000
PFC30Jan20120CE.NFO,07/01/2020,10:26:59,2.2,2.15,18600,2.25,6200,0,1488000
PFC30Jan20120CE.NFO,07/01/2020,10:27:27,2.2,2.15,18600,2.25,18600,0,1488000
PFC30Jan20120CE.NFO,07/01/2020,10:28:10,2.2,2.1,31000,2.25,31000,0,1488000
PFC30Jan20120CE.NFO,07/01/2020,10:28:15,2.2,2.15,6200,2.25,31000,0,1488000
PFC30Jan20120CE.NFO,07/01/2020,10:29:15,2.2,2.15,24800,2.25,18600,0,1488000
PFC30Jan20120CE.NFO,07/01/2020,10:29:26,2.2,2.15,6200,2.25,24800,0,1488000
PFC30Jan20120CE.NFO,07/01/2020,10:29:34,2.2,2.15,24800,2.25,18600,0,1488000
PFC30Jan20120CE.NFO,07/01/2020,10:29:50,2.2,2.15,6200,2.25,31000,0,1488000
PFC30Jan20120CE.NFO,07/01/2020,10:30:03,2.2,2.15,12400,2.25,31000,0,1488000
PFC30Jan20120CE.NFO,07/01/2020,10:30:06,2.2,2.15,6200,2.25,24800,0,1488000
PFC30Jan20120CE.NFO,07/01/2020,10:30:13,2.2,2.15,6200,2.25,31000,0,1488000
PFC30Jan20120CE.NFO,07/01/2020,10:30:16,2.2,2.1,37200,2.25,31000,0,1488000
PFC30Jan20120CE.NFO,07/01/2020,10:30:52,2.2,2.15,6200,2.25,31000,0,1488000
PFC30Jan20120CE.NFO,07/01/2020,10:30:55,2.2,2.1,37200,2.25,31000,0,1488000
PFC30Jan20120CE.NFO,07/01/2020,10:30:58,2.2,2.1,31000,2.25,31000,0,1488000
PFC30Jan20120CE.NFO,07/01/2020,10:31:17,2.2,2.15,6200,2.25,31000,0,1488000
PFC30Jan20120CE.NFO,07/01/2020,10:31:26,2.2,2.15,12400,2.25,31000,0,1488000
PFC30Jan20120CE.NFO,07/01/2020,10:31:37,2.2,2.15,6200,2.25,31000,0,1488000
PFC30Jan20120CE.NFO,07/01/2020,10:31:40,2.2,2.1,37200,2.25,31000,0,1488000
PFC30Jan20120CE.NFO,07/01/2020,10:31:49,2.2,2.1,31000,2.25,31000,0,1488000
PFC30Jan20120CE.NFO,07/01/2020,10:31:57,2.2,2.15,6200,2.25,31000,0,1488000
PFC30Jan20120CE.NFO,07/01/2020,10:32:25,2.2,2.1,37200,2.25,31000,0,1488000
PFC30Jan20120CE.NFO,07/01/2020,10:32:39,2.2,2.15,6200,2.25,24800,0,1488000
PFC30Jan20120CE.NFO,07/01/2020,10:32:53,2.2,2.1,31000,2.25,24800,0,1488000
PFC30Jan20120CE.NFO,07/01/2020,10:33:01,2.2,2.15,18600,2.25,18600,0,1488000
PFC30Jan20120CE.NFO,07/01/2020,10:33:23,2.2,2.15,18600,2.2,6200,0,1488000
PFC30Jan20120CE.NFO,07/01/2020,10:33:47,2.2,2.1,37200,2.2,6200,0,1488000
PFC30Jan20120CE.NFO,07/01/2020,10:34:11,2.2,2.1,31000,2.2,6200,0,1488000
PFC30Jan20120CE.NFO,07/01/2020,10:34:14,2.2,2.1,31000,2.2,12400,0,1488000
PFC30Jan20120CE.NFO,07/01/2020,10:34:18,2.2,2.1,31000,2.2,6200,0,1488000
PFC30Jan20120CE.NFO,07/01/2020,10:34:48,2.2,2.15,24800,2.2,6200,0,1488000
PFC30Jan20120CE.NFO,07/01/2020,10:35:11,2.2,2.15,18600,2.2,6200,0,1488000
PFC30Jan20120CE.NFO,07/01/2020,10:35:15,2.2,2.1,43400,2.2,6200,0,1488000
PFC30Jan20120CE.NFO,07/01/2020,10:35:24,2.2,2.1,37200,2.2,6200,0,1488000
PFC30Jan20120CE.NFO,07/01/2020,10:35:32,2.2,2.1,31000,2.2,6200,0,1488000
PFC30Jan20120CE.NFO,07/01/2020,10:35:47,2.2,2.1,37200,2.2,6200,0,1488000
PFC30Jan20120CE.NFO,07/01/2020,10:35:52,2.2,2.15,6200,2.2,6200,0,1488000
PFC30Jan20120CE.NFO,07/01/2020,10:36:06,2.2,2.15,6200,2.2,12400,0,1488000
PFC30Jan20120CE.NFO,07/01/2020,10:36:09,2.2,2.15,6200,2.2,18600,0,1488000
PFC30Jan20120CE.NFO,07/01/2020,10:36:13,2.2,2.1,31000,2.2,24800,0,1488000
PFC30Jan20120CE.NFO,07/01/2020,10:36:20,2.2,2.1,31000,2.2,18600,0,1488000
PFC30Jan20120CE.NFO,07/01/2020,10:36:44,2.2,2.1,31000,2.2,24800,0,1488000
PFC30Jan20120CE.NFO,07/01/2020,10:36:54,2.2,2.1,31000,2.2,18600,0,1488000
PFC30Jan20120CE.NFO,07/01/2020,10:37:06,2.15,2.1,12400,2.2,37200,6200,1488000
PFC30Jan20120CE.NFO,07/01/2020,10:37:13,2.15,2.1,12400,2.2,37200,0,1488000
PFC30Jan20120CE.NFO,07/01/2020,10:37:20,2.15,2.1,6200,2.2,37200,0,1488000
PFC30Jan20120CE.NFO,07/01/2020,10:37:34,2.15,2.1,12400,2.2,37200,0,1488000
PFC30Jan20120CE.NFO,07/01/2020,10:37:38,2.15,2.1,6200,2.15,6200,0,1488000
PFC30Jan20120CE.NFO,07/01/2020,10:37:53,2.15,2.1,6200,2.2,37200,0,1488000
PFC30Jan20120CE.NFO,07/01/2020,10:38:00,2.15,2.1,18600,2.2,37200,0,1488000
PFC30Jan20120CE.NFO,07/01/2020,10:38:04,2.15,2.1,18600,2.15,6200,0,1488000
PFC30Jan20120CE.NFO,07/01/2020,10:38:13,2.15,2.1,24800,2.15,6200,0,1488000
PFC30Jan20120CE.NFO,07/01/2020,10:38:19,2.15,2.1,18600,2.15,6200,0,1488000
PFC30Jan20120CE.NFO,07/01/2020,10:38:36,2.15,2.1,12400,2.15,6200,0,1488000
PFC30Jan20120CE.NFO,07/01/2020,10:38:50,2.15,2.1,6200,2.15,6200,0,1488000
PFC30Jan20120CE.NFO,07/01/2020,10:38:56,2.15,2.1,6200,2.15,18600,0,1488000
PFC30Jan20120CE.NFO,07/01/2020,10:39:00,2.15,2.1,6200,2.15,12400,0,1488000
PFC30Jan20120CE.NFO,07/01/2020,10:39:09,2.15,2.1,6200,2.15,18600,0,1488000
PFC30Jan20120CE.NFO,07/01/2020,10:39:13,2.15,2.1,6200,2.15,12400,6200,1494200
PFC30Jan20120CE.NFO,07/01/2020,10:39:26,2.15,2.1,6200,2.15,12400,0,1494200
PFC30Jan20120CE.NFO,07/01/2020,10:39:29,2.15,2.1,6200,2.15,18600,0,1494200
PFC30Jan20120CE.NFO,07/01/2020,10:39:55,2.15,2.1,6200,2.15,24800,0,1494200
PFC30Jan20120CE.NFO,07/01/2020,10:41:25,2.15,2.1,6200,2.15,6200,0,1494200
PFC30Jan20120CE.NFO,07/01/2020,10:43:18,2.15,2.1,6200,2.15,12400,0,1494200
PFC30Jan20120CE.NFO,07/01/2020,10:44:40,2.15,2.1,6200,2.15,18600,0,1494200
PFC30Jan20120CE.NFO,07/01/2020,10:44:59,2.15,2.1,12400,2.15,18600,0,1494200
PFC30Jan20120CE.NFO,07/01/2020,10:45:20,2.15,2.1,12400,2.15,6200,0,1494200
PFC30Jan20120CE.NFO,07/01/2020,10:45:24,2.1,2.05,43400,2.1,12400,12400,1500400
PFC30Jan20120CE.NFO,07/01/2020,10:45:28,2.1,2.05,43400,2.1,12400,0,1500400
PFC30Jan20120CE.NFO,07/01/2020,10:45:37,2.1,2.05,43400,2.1,37200,0,1500400
PFC30Jan20120CE.NFO,07/01/2020,10:45:43,2.1,2.05,37200,2.1,37200,0,1500400
PFC30Jan20120CE.NFO,07/01/2020,10:45:57,2.1,2.05,43400,2.1,37200,0,1500400
PFC30Jan20120CE.NFO,07/01/2020,10:46:08,2.1,2.05,43400,2.1,31000,6200,1500400
PFC30Jan20120CE.NFO,07/01/2020,10:46:28,2.1,2.05,43400,2.1,31000,0,1500400
PFC30Jan20120CE.NFO,07/01/2020,10:47:20,2.1,2.05,43400,2.1,24800,6200,1500400
PFC30Jan20120CE.NFO,07/01/2020,10:47:25,2.1,2.05,43400,2.1,24800,0,1500400
PFC30Jan20120CE.NFO,07/01/2020,10:48:37,2.1,2.05,12400,2.1,31000,0,1500400
PFC30Jan20120CE.NFO,07/01/2020,10:48:58,2.1,2.05,31000,2.1,24800,0,1500400
PFC30Jan20120CE.NFO,07/01/2020,10:49:02,2.1,2.05,37200,2.1,24800,0,1500400
PFC30Jan20120CE.NFO,07/01/2020,10:49:05,2.05,2.05,31000,2.1,24800,6200,1525200
PFC30Jan20120CE.NFO,07/01/2020,10:49:05,2.05,2.05,31000,2.1,24800,0,1525200
PFC30Jan20120CE.NFO,07/01/2020,10:49:12,2.05,2.05,31000,2.1,24800,0,1525200
PFC30Jan20120CE.NFO,07/01/2020,10:49:15,2.05,2.05,6200,2.1,31000,0,1525200
PFC30Jan20120CE.NFO,07/01/2020,10:49:19,2.05,2.05,6200,2.1,37200,0,1525200
PFC30Jan20120CE.NFO,07/01/2020,10:49:25,2.05,2.05,6200,2.1,31000,0,1525200
PFC30Jan20120CE.NFO,07/01/2020,10:49:32,2.05,2,31000,2.1,31000,18600,1525200
PFC30Jan20120CE.NFO,07/01/2020,10:49:34,2,2,24800,2.05,6200,6200,1525200
PFC30Jan20120CE.NFO,07/01/2020,10:49:34,2,2,24800,2.05,6200,0,1525200
PFC30Jan20120CE.NFO,07/01/2020,10:49:37,2,2,31000,2.1,31000,0,1525200
PFC30Jan20120CE.NFO,07/01/2020,10:49:43,2,2,31000,2.1,31000,6200,1525200
PFC30Jan20120CE.NFO,07/01/2020,10:49:47,2,2,24800,2.05,6200,0,1525200
PFC30Jan20120CE.NFO,07/01/2020,10:49:54,2,2,31000,2.1,49600,0,1525200
PFC30Jan20120CE.NFO,07/01/2020,10:50:10,2,2,24800,2.05,6200,0,1525200
PFC30Jan20120CE.NFO,07/01/2020,10:50:15,2,1.95,31000,2.05,12400,0,1525200
PFC30Jan20120CE.NFO,07/01/2020,10:50:21,2,2,6200,2.05,12400,0,1525200
PFC30Jan20120CE.NFO,07/01/2020,10:50:26,2,1.95,31000,2.05,12400,6200,1525200
PFC30Jan20120CE.NFO,07/01/2020,10:50:31,2,1.95,24800,2.05,18600,0,1525200
PFC30Jan20120CE.NFO,07/01/2020,10:50:51,2,1.95,31000,2.05,6200,0,1525200
PFC30Jan20120CE.NFO,07/01/2020,10:50:55,2,1.95,31000,2,18600,6200,1512800
PFC30Jan20120CE.NFO,07/01/2020,10:51:00,2,1.95,24800,2,18600,0,1512800
PFC30Jan20120CE.NFO,07/01/2020,10:51:20,2,1.95,31000,2.05,6200,18600,1512800
PFC30Jan20120CE.NFO,07/01/2020,10:51:24,2,1.95,24800,2.05,6200,0,1512800
PFC30Jan20120CE.NFO,07/01/2020,10:51:28,2,1.95,31000,2.05,6200,0,1512800
PFC30Jan20120CE.NFO,07/01/2020,10:51:32,2,1.95,37200,2.05,6200,0,1512800
PFC30Jan20120CE.NFO,07/01/2020,10:51:43,2,2,18600,2.1,24800,0,1512800
PFC30Jan20120CE.NFO,07/01/2020,10:51:56,2,2,24800,2.1,24800,0,1512800
PFC30Jan20120CE.NFO,07/01/2020,10:52:23,2,2,18600,2.1,24800,0,1512800
PFC30Jan20120CE.NFO,07/01/2020,10:52:27,2,2,31000,2.1,24800,0,1512800
PFC30Jan20120CE.NFO,07/01/2020,10:52:35,2,2,31000,2.1,18600,0,1512800
PFC30Jan20120CE.NFO,07/01/2020,10:52:44,2,2,37200,2.1,6200,0,1512800
PFC30Jan20120CE.NFO,07/01/2020,10:52:56,2,2,6200,2.1,12400,0,1512800
PFC30Jan20120CE.NFO,07/01/2020,10:53:22,2,2,24800,2.1,6200,0,1512800
PFC30Jan20120CE.NFO,07/01/2020,10:54:09,2,2,24800,2.1,12400,0,1512800
PFC30Jan20120CE.NFO,07/01/2020,10:54:15,2,2,6200,2.1,12400,0,1512800
PFC30Jan20120CE.NFO,07/01/2020,10:54:21,2,2,24800,2.1,12400,0,1512800
PFC30Jan20120CE.NFO,07/01/2020,10:54:50,2,2,31000,2.1,12400,0,1512800
PFC30Jan20120CE.NFO,07/01/2020,10:55:03,2,2,31000,2.1,6200,0,1512800
PFC30Jan20120CE.NFO,07/01/2020,10:55:12,2,2,43400,2.1,6200,0,1512800
PFC30Jan20120CE.NFO,07/01/2020,10:55:21,2,2,31000,2.1,12400,0,1512800
PFC30Jan20120CE.NFO,07/01/2020,10:55:25,2,2,6200,2.1,12400,0,1512800
PFC30Jan20120CE.NFO,07/01/2020,10:55:31,2,2,12400,2.1,12400,0,1512800
PFC30Jan20120CE.NFO,07/01/2020,10:55:36,2,2,31000,2.1,12400,0,1512800
PFC30Jan20120CE.NFO,07/01/2020,10:55:50,2,2,31000,2.1,18600,0,1512800
PFC30Jan20120CE.NFO,07/01/2020,10:56:10,2.1,2.1,24800,2.15,6200,37200,1525200
PFC30Jan20120CE.NFO,07/01/2020,10:56:16,2.15,2.1,49600,2.2,6200,6200,1525200
PFC30Jan20120CE.NFO,07/01/2020,10:56:21,2.15,2.1,43400,2.2,6200,0,1525200
PFC30Jan20120CE.NFO,07/01/2020,10:56:25,2.15,2.15,31000,2.2,6200,0,1525200
PFC30Jan20120CE.NFO,07/01/2020,10:56:29,2.15,2.15,24800,2.2,6200,0,1525200
PFC30Jan20120CE.NFO,07/01/2020,10:56:34,2.15,2.15,31000,2.2,6200,0,1525200
PFC30Jan20120CE.NFO,07/01/2020,10:56:44,2.15,2.15,31000,2.2,12400,0,1525200
PFC30Jan20120CE.NFO,07/01/2020,10:56:49,2.15,2.15,24800,2.2,12400,0,1525200
PFC30Jan20120CE.NFO,07/01/2020,10:56:53,2.15,2.15,31000,2.2,12400,0,1525200
PFC30Jan20120CE.NFO,07/01/2020,10:57:02,2.2,2.15,24800,2.2,6200,6200,1519000
PFC30Jan20120CE.NFO,07/01/2020,10:57:11,2.2,2.15,6200,2.2,12400,0,1519000
PFC30Jan20120CE.NFO,07/01/2020,10:57:18,2.2,2.15,6200,2.2,18600,0,1519000
PFC30Jan20120CE.NFO,07/01/2020,10:57:25,2.2,2.1,24800,2.2,31000,0,1519000
PFC30Jan20120CE.NFO,07/01/2020,10:57:31,2.2,2.1,24800,2.2,37200,0,1519000
PFC30Jan20120CE.NFO,07/01/2020,10:57:49,2.2,2.1,37200,2.2,18600,0,1519000
PFC30Jan20120CE.NFO,07/01/2020,10:58:09,2.2,2.1,24800,2.2,24800,0,1519000
PFC30Jan20120CE.NFO,07/01/2020,10:58:13,2.2,2.1,24800,2.2,31000,0,1519000
PFC30Jan20120CE.NFO,07/01/2020,10:58:24,2.2,2.1,12400,2.15,18600,0,1519000
PFC30Jan20120CE.NFO,07/01/2020,10:58:40,2.2,2.1,24800,2.2,37200,0,1519000
PFC30Jan20120CE.NFO,07/01/2020,10:58:46,2.2,2.1,24800,2.2,43400,0,1519000
PFC30Jan20120CE.NFO,07/01/2020,10:59:34,2.2,2.15,24800,2.2,18600,0,1519000
PFC30Jan20120CE.NFO,07/01/2020,10:59:46,2.2,2.15,24800,2.2,24800,0,1519000
PFC30Jan20120CE.NFO,07/01/2020,11:00:02,2.2,2.15,24800,2.2,31000,0,1519000
PFC30Jan20120CE.NFO,07/01/2020,11:00:08,2.2,2.15,12400,2.2,37200,0,1519000
PFC30Jan20120CE.NFO,07/01/2020,11:00:14,2.2,2.15,12400,2.2,43400,0,1519000
PFC30Jan20120CE.NFO,07/01/2020,11:00:35,2.15,2.1,24800,2.2,43400,6200,1519000
PFC30Jan20120CE.NFO,07/01/2020,11:00:55,2.15,2.1,31000,2.2,31000,6200,1519000
PFC30Jan20120CE.NFO,07/01/2020,11:01:03,2.15,2.1,6200,2.15,18600,0,1519000
PFC30Jan20120CE.NFO,07/01/2020,11:01:18,2.15,2.05,31000,2.15,18600,0,1519000
PFC30Jan20120CE.NFO,07/01/2020,11:01:26,2.15,2.05,6200,2.1,12400,0,1519000
PFC30Jan20120CE.NFO,07/01/2020,11:01:40,2.15,2.05,12400,2.15,18600,0,1519000
PFC30Jan20120CE.NFO,07/01/2020,11:01:56,2.15,2.1,18600,2.2,31000,0,1519000
PFC30Jan20120CE.NFO,07/01/2020,11:02:03,2.15,2.1,18600,2.15,31000,0,1519000
PFC30Jan20120CE.NFO,07/01/2020,11:02:10,2.15,2.1,18600,2.15,24800,6200,1519000
PFC30Jan20120CE.NFO,07/01/2020,11:02:17,2.15,2.1,18600,2.15,24800,0,1519000
PFC30Jan20120CE.NFO,07/01/2020,11:02:31,2.1,2.05,43400,2.1,18600,12400,1519000
PFC30Jan20120CE.NFO,07/01/2020,11:02:38,2.1,2.05,49600,2.1,18600,0,1519000
PFC30Jan20120CE.NFO,07/01/2020,11:02:50,2.1,2.05,24800,2.1,12400,6200,1500400
PFC30Jan20120CE.NFO,07/01/2020,11:03:04,2.1,2.05,24800,2.1,12400,0,1500400
PFC30Jan20120CE.NFO,07/01/2020,11:03:10,2.1,2,55800,2.1,24800,0,1500400
PFC30Jan20120CE.NFO,07/01/2020,11:03:42,2.1,2,49600,2.1,37200,0,1500400
PFC30Jan20120CE.NFO,07/01/2020,11:03:55,2.1,2,49600,2.1,31000,0,1500400
PFC30Jan20120CE.NFO,07/01/2020,11:04:02,2.1,2,18600,2.05,6200,0,1500400
PFC30Jan20120CE.NFO,07/01/2020,11:04:09,2.1,2,24800,2.1,49600,0,1500400
PFC30Jan20120CE.NFO,07/01/2020,11:04:22,2.1,2,18600,2.1,49600,0,1500400
PFC30Jan20120CE.NFO,07/01/2020,11:04:28,2.1,2,31000,2.1,49600,0,1500400
PFC30Jan20120CE.NFO,07/01/2020,11:04:35,2.1,2,24800,2.1,49600,0,1500400
PFC30Jan20120CE.NFO,07/01/2020,11:04:42,2.1,2,18600,2.1,49600,0,1500400
PFC30Jan20120CE.NFO,07/01/2020,11:04:49,2.1,2.05,24800,2.1,12400,0,1500400
PFC30Jan20120CE.NFO,07/01/2020,11:05:03,2.1,2.05,31000,2.1,12400,0,1500400
PFC30Jan20120CE.NFO,07/01/2020,11:05:10,2.1,2.05,24800,2.1,12400,0,1500400
PFC30Jan20120CE.NFO,07/01/2020,11:05:16,2.1,2,49600,2.1,18600,0,1500400
PFC30Jan20120CE.NFO,07/01/2020,11:05:23,2.1,2,43400,2.1,18600,0,1500400
PFC30Jan20120CE.NFO,07/01/2020,11:05:29,2.1,2,37200,2.1,18600,0,1500400
PFC30Jan20120CE.NFO,07/01/2020,11:05:36,2.1,2,24800,2.05,6200,0,1500400
PFC30Jan20120CE.NFO,07/01/2020,11:05:42,2.1,2,37200,2.1,31000,0,1500400
PFC30Jan20120CE.NFO,07/01/2020,11:05:48,2.1,2,43400,2.1,18600,0,1500400
PFC30Jan20120CE.NFO,07/01/2020,11:06:09,2.1,2,49600,2.1,18600,0,1500400
PFC30Jan20120CE.NFO,07/01/2020,11:06:50,2.1,2,43400,2.1,18600,0,1500400
PFC30Jan20120CE.NFO,07/01/2020,11:06:55,2.1,2,49600,2.1,18600,0,1500400
PFC30Jan20120CE.NFO,07/01/2020,11:07:01,2.1,2,43400,2.1,18600,0,1500400
PFC30Jan20120CE.NFO,07/01/2020,11:07:07,2.1,2,31000,2.1,18600,0,1500400
PFC30Jan20120CE.NFO,07/01/2020,11:07:12,2.1,2.05,6200,2.1,18600,0,1500400
PFC30Jan20120CE.NFO,07/01/2020,11:07:17,2.1,2,43400,2.1,18600,0,1500400
PFC30Jan20120CE.NFO,07/01/2020,11:07:23,2.1,2,43400,2.1,24800,0,1500400
PFC30Jan20120CE.NFO,07/01/2020,11:07:38,2.1,2,37200,2.1,24800,0,1500400
PFC30Jan20120CE.NFO,07/01/2020,11:07:43,2.1,2.05,6200,2.1,18600,0,1500400
PFC30Jan20120CE.NFO,07/01/2020,11:07:49,2.1,2,62000,2.1,24800,0,1500400
PFC30Jan20120CE.NFO,07/01/2020,11:08:02,2.1,2.05,6200,2.1,18600,0,1500400
PFC30Jan20120CE.NFO,07/01/2020,11:08:08,2.1,2,68200,2.1,18600,0,1500400
PFC30Jan20120CE.NFO,07/01/2020,11:08:27,2.1,2.05,6200,2.1,18600,0,1500400
PFC30Jan20120CE.NFO,07/01/2020,11:08:33,2.1,2.05,18600,2.1,12400,0,1500400
PFC30Jan20120CE.NFO,07/01/2020,11:08:38,2.1,2,49600,2.1,18600,0,1500400
PFC30Jan20120CE.NFO,07/01/2020,11:09:10,2.1,2.05,6200,2.1,18600,0,1500400
PFC30Jan20120CE.NFO,07/01/2020,11:09:20,2.1,2,49600,2.1,24800,0,1500400
PFC30Jan20120CE.NFO,07/01/2020,11:09:41,2.1,2,49600,2.1,31000,0,1500400
PFC30Jan20120CE.NFO,07/01/2020,11:09:54,2.1,2.05,6200,2.1,24800,0,1500400
PFC30Jan20120CE.NFO,07/01/2020,11:10:12,2.1,2.05,6200,2.1,31000,0,1500400
PFC30Jan20120CE.NFO,07/01/2020,11:10:17,2.1,2,49600,2.1,31000,0,1500400
PFC30Jan20120CE.NFO,07/01/2020,11:10:37,2.1,2,43400,2.1,31000,0,1500400
PFC30Jan20120CE.NFO,07/01/2020,11:10:41,2.1,2.05,6200,2.1,24800,0,1500400
PFC30Jan20120CE.NFO,07/01/2020,11:11:12,2.1,2,49600,2.1,31000,0,1500400
PFC30Jan20120CE.NFO,07/01/2020,11:11:26,2.1,2,31000,2.1,31000,0,1500400
PFC30Jan20120CE.NFO,07/01/2020,11:11:34,2.1,2,18600,2.05,12400,0,1500400
PFC30Jan20120CE.NFO,07/01/2020,11:11:42,2,1.95,37200,2.05,18600,6200,1500400
PFC30Jan20120CE.NFO,07/01/2020,11:11:48,2,1.95,55800,2.05,12400,0,1500400
PFC30Jan20120CE.NFO,07/01/2020,11:12:18,2,1.95,55800,2.05,12400,12400,1500400
PFC30Jan20120CE.NFO,07/01/2020,11:12:41,2,2,12400,2.05,12400,0,1500400
PFC30Jan20120CE.NFO,07/01/2020,11:12:52,2,2,43400,2.1,31000,0,1500400
PFC30Jan20120CE.NFO,07/01/2020,11:13:02,2,2,43400,2.1,37200,0,1500400
PFC30Jan20120CE.NFO,07/01/2020,11:13:07,2,2,43400,2.1,31000,0,1500400
PFC30Jan20120CE.NFO,07/01/2020,11:13:29,2,2,49600,2.1,31000,0,1500400
PFC30Jan20120CE.NFO,07/01/2020,11:13:35,2,2,43400,2.1,24800,0,1500400
PFC30Jan20120CE.NFO,07/01/2020,11:13:41,2,2,49600,2.1,31000,0,1500400
PFC30Jan20120CE.NFO,07/01/2020,11:13:47,2,2.05,12400,2.1,31000,0,1500400
PFC30Jan20120CE.NFO,07/01/2020,11:13:52,2,2.05,12400,2.1,18600,0,1500400
PFC30Jan20120CE.NFO,07/01/2020,11:14:41,2,2.05,12400,2.1,24800,0,1500400
PFC30Jan20120CE.NFO,07/01/2020,11:14:51,2,2,62000,2.1,31000,0,1500400
PFC30Jan20120CE.NFO,07/01/2020,11:14:56,2,2.05,12400,2.1,24800,0,1500400
PFC30Jan20120CE.NFO,07/01/2020,11:15:02,2,2,55800,2.1,31000,0,1500400
PFC30Jan20120CE.NFO,07/01/2020,11:15:46,2,2,49600,2.1,31000,0,1500400
PFC30Jan20120CE.NFO,07/01/2020,11:15:50,2,2,49600,2.1,37200,0,1500400
PFC30Jan20120CE.NFO,07/01/2020,11:15:59,2,2,43400,2.1,37200,0,1500400
PFC30Jan20120CE.NFO,07/01/2020,11:16:04,2,2,49600,2.1,37200,0,1500400
PFC30Jan20120CE.NFO,07/01/2020,11:16:16,2,2,37200,2.1,43400,0,1500400
PFC30Jan20120CE.NFO,07/01/2020,11:16:22,2,2,43400,2.1,31000,0,1500400
PFC30Jan20120CE.NFO,07/01/2020,11:16:29,2,2,49600,2.1,31000,0,1500400
PFC30Jan20120CE.NFO,07/01/2020,11:16:34,2,2,43400,2.1,31000,0,1500400
PFC30Jan20120CE.NFO,07/01/2020,11:16:38,2,2,49600,2.1,31000,0,1500400
PFC30Jan20120CE.NFO,07/01/2020,11:17:21,2,2,55800,2.1,31000,0,1500400
PFC30Jan20120CE.NFO,07/01/2020,11:18:32,2,2,49600,2.1,31000,6200,1506600
PFC30Jan20120CE.NFO,07/01/2020,11:19:04,2,2.05,37200,2.1,18600,0,1506600
PFC30Jan20120CE.NFO,07/01/2020,11:19:24,2,2,43400,2.1,24800,0,1506600
PFC30Jan20120CE.NFO,07/01/2020,11:19:49,2,2,49600,2.1,24800,0,1506600
PFC30Jan20120CE.NFO,07/01/2020,11:19:54,2,2,55800,2.1,24800,0,1506600
PFC30Jan20120CE.NFO,07/01/2020,11:19:58,2,2.05,6200,2.1,24800,0,1506600
PFC30Jan20120CE.NFO,07/01/2020,11:20:07,2,2,49600,2.1,24800,0,1506600
PFC30Jan20120CE.NFO,07/01/2020,11:20:35,2.1,2.05,18600,2.1,12400,12400,1506600
PFC30Jan20120CE.NFO,07/01/2020,11:20:40,2.1,2.05,31000,2.15,12400,6200,1494200
PFC30Jan20120CE.NFO,07/01/2020,11:20:45,2.1,2.05,31000,2.15,12400,0,1494200
PFC30Jan20120CE.NFO,07/01/2020,11:20:51,2.1,2.05,43400,2.15,6200,0,1494200
PFC30Jan20120CE.NFO,07/01/2020,11:21:17,2.1,2.05,37200,2.15,6200,0,1494200
PFC30Jan20120CE.NFO,07/01/2020,11:21:26,2.1,2.05,43400,2.15,6200,0,1494200
PFC30Jan20120CE.NFO,07/01/2020,11:21:31,2.1,2.05,24800,2.15,12400,0,1494200
PFC30Jan20120CE.NFO,07/01/2020,11:21:37,2.15,2.1,6200,2.2,31000,24800,1494200
PFC30Jan20120CE.NFO,07/01/2020,11:21:42,2.15,2.05,24800,2.2,31000,0,1494200
PFC30Jan20120CE.NFO,07/01/2020,11:21:47,2.15,2.1,6200,2.2,24800,0,1494200
PFC30Jan20120CE.NFO,07/01/2020,11:21:55,2.15,2.1,6200,2.2,31000,0,1494200
PFC30Jan20120CE.NFO,07/01/2020,11:22:00,2.15,2.05,37200,2.2,18600,0,1494200
PFC30Jan20120CE.NFO,07/01/2020,11:22:16,2.15,2.1,6200,2.2,18600,0,1494200
PFC30Jan20120CE.NFO,07/01/2020,11:22:45,2.15,2.1,24800,2.2,6200,0,1494200
PFC30Jan20120CE.NFO,07/01/2020,11:22:51,2.15,2.1,31000,2.2,6200,0,1494200
PFC30Jan20120CE.NFO,07/01/2020,11:23:19,2.15,2.1,43400,2.2,6200,0,1494200
PFC30Jan20120CE.NFO,07/01/2020,11:23:33,2.15,2.1,49600,2.2,6200,0,1494200
PFC30Jan20120CE.NFO,07/01/2020,11:23:42,2.15,2.15,31000,2.2,6200,0,1494200
PFC30Jan20120CE.NFO,07/01/2020,11:23:47,2.15,2.15,12400,2.2,6200,0,1494200
PFC30Jan20120CE.NFO,07/01/2020,11:24:14,2.15,2.15,18600,2.2,6200,0,1494200
PFC30Jan20120CE.NFO,07/01/2020,11:24:19,2.15,2.15,37200,2.2,6200,0,1494200
PFC30Jan20120CE.NFO,07/01/2020,11:24:32,2.2,2.2,6200,2.25,6200,6200,1519000
PFC30Jan20120CE.NFO,07/01/2020,11:24:37,2.2,2.2,6200,2.25,6200,0,1519000
PFC30Jan20120CE.NFO,07/01/2020,11:24:46,2.2,2.2,6200,2.25,12400,0,1519000
PFC30Jan20120CE.NFO,07/01/2020,11:25:05,2.2,2.15,49600,2.25,12400,0,1519000
PFC30Jan20120CE.NFO,07/01/2020,11:25:09,2.2,2.2,6200,2.25,18600,0,1519000
PFC30Jan20120CE.NFO,07/01/2020,11:25:47,2.2,2.15,55800,2.25,12400,6200,1519000
PFC30Jan20120CE.NFO,07/01/2020,11:26:03,2.2,2.15,37200,2.25,24800,0,1519000
PFC30Jan20120CE.NFO,07/01/2020,11:26:07,2.2,2.15,37200,2.25,12400,0,1519000
PFC30Jan20120CE.NFO,07/01/2020,11:26:17,2.2,2.2,6200,2.25,6200,0,1519000
PFC30Jan20120CE.NFO,07/01/2020,11:26:31,2.2,2.2,12400,2.25,6200,0,1519000
PFC30Jan20120CE.NFO,07/01/2020,11:26:36,2.2,2.2,12400,2.25,12400,0,1519000
PFC30Jan20120CE.NFO,07/01/2020,11:26:45,2.2,2.2,6200,2.25,12400,0,1519000
PFC30Jan20120CE.NFO,07/01/2020,11:26:53,2.2,2.2,12400,2.25,12400,0,1519000
PFC30Jan20120CE.NFO,07/01/2020,11:26:57,2.25,2.2,12400,2.25,6200,6200,1512800
PFC30Jan20120CE.NFO,07/01/2020,11:27:10,2.25,2.2,12400,2.25,6200,0,1512800
PFC30Jan20120CE.NFO,07/01/2020,11:27:17,2.25,2.2,18600,2.25,6200,0,1512800
PFC30Jan20120CE.NFO,07/01/2020,11:27:20,2.25,2.2,18600,2.3,12400,0,1512800
PFC30Jan20120CE.NFO,07/01/2020,11:27:44,2.25,2.2,18600,2.3,18600,0,1512800
PFC30Jan20120CE.NFO,07/01/2020,11:27:53,2.25,2.25,6200,2.3,6200,0,1512800
PFC30Jan20120CE.NFO,07/01/2020,11:28:15,2.25,2.25,6200,2.3,12400,0,1512800
PFC30Jan20120CE.NFO,07/01/2020,11:28:34,2.25,2.25,12400,2.3,12400,0,1512800
PFC30Jan20120CE.NFO,07/01/2020,11:28:53,2.25,2.25,12400,2.3,6200,0,1512800
PFC30Jan20120CE.NFO,07/01/2020,11:28:57,2.25,2.25,43400,2.3,6200,0,1512800
PFC30Jan20120CE.NFO,07/01/2020,11:29:01,2.3,2.3,18600,2.35,6200,6200,1512800
PFC30Jan20120CE.NFO,07/01/2020,11:29:13,2.3,2.3,37200,2.35,6200,0,1512800
PFC30Jan20120CE.NFO,07/01/2020,11:29:17,2.35,2.3,37200,2.4,37200,6200,1512800
PFC30Jan20120CE.NFO,07/01/2020,11:29:20,2.35,2.3,49600,2.4,37200,0,1512800
PFC30Jan20120CE.NFO,07/01/2020,11:29:24,2.35,2.3,37200,2.35,6200,0,1512800
PFC30Jan20120CE.NFO,07/01/2020,11:29:31,2.35,2.3,18600,2.35,6200,0,1512800
PFC30Jan20120CE.NFO,07/01/2020,11:29:45,2.35,2.3,12400,2.35,6200,0,1512800
PFC30Jan20120CE.NFO,07/01/2020,11:30:20,2.35,2.3,12400,2.4,43400,6200,1512800
PFC30Jan20120CE.NFO,07/01/2020,11:30:26,2.35,2.3,6200,2.4,43400,0,1512800
PFC30Jan20120CE.NFO,07/01/2020,11:30:30,2.35,2.3,12400,2.35,6200,0,1512800
PFC30Jan20120CE.NFO,07/01/2020,11:30:40,2.35,2.3,12400,2.4,43400,0,1512800
PFC30Jan20120CE.NFO,07/01/2020,11:30:52,2.35,2.25,24800,2.35,12400,0,1512800
PFC30Jan20120CE.NFO,07/01/2020,11:31:03,2.35,2.3,6200,2.35,12400,0,1512800
PFC30Jan20120CE.NFO,07/01/2020,11:31:15,2.35,2.3,18600,2.35,6200,0,1512800
PFC30Jan20120CE.NFO,07/01/2020,11:31:25,2.35,2.3,12400,2.35,6200,0,1512800
PFC30Jan20120CE.NFO,07/01/2020,11:31:42,2.35,2.25,49600,2.35,6200,0,1512800
PFC30Jan20120CE.NFO,07/01/2020,11:31:46,2.35,2.25,49600,2.35,18600,0,1512800
PFC30Jan20120CE.NFO,07/01/2020,11:31:52,2.35,2.3,18600,2.35,6200,0,1512800
PFC30Jan20120CE.NFO,07/01/2020,11:32:04,2.35,2.3,18600,2.4,43400,0,1512800
PFC30Jan20120CE.NFO,07/01/2020,11:32:10,2.35,2.3,12400,2.35,6200,0,1512800
PFC30Jan20120CE.NFO,07/01/2020,11:32:20,2.35,2.35,24800,2.4,31000,0,1512800
PFC30Jan20120CE.NFO,07/01/2020,11:32:30,2.35,2.35,18600,2.4,31000,0,1512800
PFC30Jan20120CE.NFO,07/01/2020,11:32:55,2.35,2.3,43400,2.4,43400,0,1512800
PFC30Jan20120CE.NFO,07/01/2020,11:33:14,2.35,2.3,37200,2.4,43400,0,1512800
PFC30Jan20120CE.NFO,07/01/2020,11:33:34,2.35,2.35,18600,2.4,31000,0,1512800
PFC30Jan20120CE.NFO,07/01/2020,11:33:43,2.35,2.35,12400,2.4,31000,0,1512800
PFC30Jan20120CE.NFO,07/01/2020,11:33:47,2.35,2.35,6200,2.4,31000,0,1512800
PFC30Jan20120CE.NFO,07/01/2020,11:33:55,2.35,2.35,24800,2.4,31000,0,1512800
PFC30Jan20120CE.NFO,07/01/2020,11:34:02,2.35,2.35,37200,2.4,31000,0,1512800
PFC30Jan20120CE.NFO,07/01/2020,11:34:08,2.4,2.35,37200,2.4,24800,6200,1512800
PFC30Jan20120CE.NFO,07/01/2020,11:34:15,2.4,2.35,37200,2.4,24800,0,1512800
PFC30Jan20120CE.NFO,07/01/2020,11:34:28,2.4,2.35,68200,2.4,6200,18600,1512800
PFC30Jan20120CE.NFO,07/01/2020,11:34:34,2.4,2.4,24800,2.45,6200,6200,1512800
PFC30Jan20120CE.NFO,07/01/2020,11:34:41,2.4,2.4,6200,2.45,6200,0,1512800
PFC30Jan20120CE.NFO,07/01/2020,11:34:47,2.4,2.35,68200,2.45,6200,0,1512800
PFC30Jan20120CE.NFO,07/01/2020,11:35:05,2.4,2.4,31000,2.45,6200,0,1512800
PFC30Jan20120CE.NFO,07/01/2020,11:35:11,2.45,2.45,6200,2.5,6200,6200,1512800
PFC30Jan20120CE.NFO,07/01/2020,11:35:18,2.45,2.45,6200,2.5,6200,0,1512800
PFC30Jan20120CE.NFO,07/01/2020,11:35:30,2.45,2.45,18600,2.5,12400,0,1512800
PFC30Jan20120CE.NFO,07/01/2020,11:35:35,2.45,2.45,49600,2.5,12400,0,1512800
PFC30Jan20120CE.NFO,07/01/2020,11:35:42,2.45,2.45,43400,2.5,12400,0,1512800
PFC30Jan20120CE.NFO,07/01/2020,11:35:48,2.5,2.45,43400,2.5,6200,6200,1488000
PFC30Jan20120CE.NFO,07/01/2020,11:35:54,2.5,2.45,43400,2.55,24800,6200,1488000
PFC30Jan20120CE.NFO,07/01/2020,11:35:59,2.5,2.45,43400,2.55,24800,0,1488000
PFC30Jan20120CE.NFO,07/01/2020,11:36:04,2.5,2.5,18600,2.55,12400,0,1488000
PFC30Jan20120CE.NFO,07/01/2020,11:36:08,2.5,2.5,37200,2.55,12400,0,1488000
PFC30Jan20120CE.NFO,07/01/2020,11:36:13,2.5,2.5,18600,2.55,12400,0,1488000
PFC30Jan20120CE.NFO,07/01/2020,11:36:18,2.5,2.5,24800,2.55,12400,0,1488000
PFC30Jan20120CE.NFO,07/01/2020,11:36:23,2.5,2.5,12400,2.55,12400,0,1488000
PFC30Jan20120CE.NFO,07/01/2020,11:36:29,2.5,2.45,62000,2.55,12400,0,1488000
PFC30Jan20120CE.NFO,07/01/2020,11:36:34,2.5,2.45,49600,2.55,31000,0,1488000
PFC30Jan20120CE.NFO,07/01/2020,11:36:44,2.5,2.45,24800,2.55,31000,0,1488000
PFC30Jan20120CE.NFO,07/01/2020,11:36:50,2.5,2.4,31000,2.5,18600,0,1488000
PFC30Jan20120CE.NFO,07/01/2020,11:36:57,2.5,2.4,24800,2.5,31000,0,1488000
PFC30Jan20120CE.NFO,07/01/2020,11:37:14,2.5,2.4,24800,2.5,24800,0,1488000
PFC30Jan20120CE.NFO,07/01/2020,11:37:36,2.5,2.35,31000,2.45,6200,0,1488000
PFC30Jan20120CE.NFO,07/01/2020,11:37:42,2.5,2.4,37200,2.5,24800,0,1488000
PFC30Jan20120CE.NFO,07/01/2020,11:37:52,2.5,2.4,37200,2.5,31000,0,1488000
PFC30Jan20120CE.NFO,07/01/2020,11:37:59,2.5,2.4,18600,2.45,6200,0,1488000
PFC30Jan20120CE.NFO,07/01/2020,11:38:02,2.5,2.4,12400,2.45,6200,0,1488000
PFC30Jan20120CE.NFO,07/01/2020,11:38:06,2.5,2.35,37200,2.45,6200,0,1488000
PFC30Jan20120CE.NFO,07/01/2020,11:38:19,2.5,2.35,37200,2.45,12400,0,1488000
PFC30Jan20120CE.NFO,07/01/2020,11:38:35,2.5,2.35,37200,2.45,18600,0,1488000
PFC30Jan20120CE.NFO,07/01/2020,11:38:42,2.5,2.35,37200,2.45,12400,0,1488000
PFC30Jan20120CE.NFO,07/01/2020,11:38:45,2.5,2.35,49600,2.45,12400,0,1488000
PFC30Jan20120CE.NFO,07/01/2020,11:38:53,2.5,2.4,18600,2.45,12400,0,1488000
PFC30Jan20120CE.NFO,07/01/2020,11:38:57,2.5,2.35,49600,2.45,12400,0,1488000
PFC30Jan20120CE.NFO,07/01/2020,11:39:00,2.5,2.35,55800,2.45,12400,0,1488000
PFC30Jan20120CE.NFO,07/01/2020,11:39:22,2.5,2.35,18600,2.45,31000,0,1488000
PFC30Jan20120CE.NFO,07/01/2020,11:39:38,2.5,2.35,18600,2.45,24800,0,1488000
PFC30Jan20120CE.NFO,07/01/2020,11:39:42,2.5,2.35,18600,2.45,31000,0,1488000
PFC30Jan20120CE.NFO,07/01/2020,11:39:48,2.4,2.35,6200,2.45,24800,6200,1481800
PFC30Jan20120CE.NFO,07/01/2020,11:39:55,2.4,2.3,43400,2.4,18600,0,1481800
PFC30Jan20120CE.NFO,07/01/2020,11:40:09,2.4,2.3,43400,2.4,24800,0,1481800
PFC30Jan20120CE.NFO,07/01/2020,11:40:23,2.4,2.35,12400,2.45,24800,0,1481800
PFC30Jan20120CE.NFO,07/01/2020,11:40:27,2.4,2.35,37200,2.45,24800,0,1481800
PFC30Jan20120CE.NFO,07/01/2020,11:40:35,2.4,2.4,31000,2.45,12400,0,1481800
PFC30Jan20120CE.NFO,07/01/2020,11:40:43,2.4,2.35,37200,2.45,18600,0,1481800
PFC30Jan20120CE.NFO,07/01/2020,11:41:11,2.4,2.35,24800,2.45,24800,0,1481800
PFC30Jan20120CE.NFO,07/01/2020,11:41:16,2.4,2.35,37200,2.45,24800,0,1481800
PFC30Jan20120CE.NFO,07/01/2020,11:41:46,2.45,2.35,43400,2.45,24800,6200,1488000
PFC30Jan20120CE.NFO,07/01/2020,11:42:11,2.45,2.35,43400,2.45,31000,6200,1488000
PFC30Jan20120CE.NFO,07/01/2020,11:42:22,2.45,2.35,31000,2.45,31000,0,1488000
PFC30Jan20120CE.NFO,07/01/2020,11:42:36,2.45,2.35,43400,2.45,31000,0,1488000
PFC30Jan20120CE.NFO,07/01/2020,11:42:42,2.45,2.35,49600,2.45,31000,0,1488000
PFC30Jan20120CE.NFO,07/01/2020,11:43:19,2.45,2.35,43400,2.45,31000,0,1488000
PFC30Jan20120CE.NFO,07/01/2020,11:43:24,2.45,2.35,49600,2.45,31000,0,1488000
PFC30Jan20120CE.NFO,07/01/2020,11:43:28,2.45,2.35,43400,2.45,31000,0,1488000
PFC30Jan20120CE.NFO,07/01/2020,11:43:36,2.45,2.35,49600,2.45,31000,0,1488000
PFC30Jan20120CE.NFO,07/01/2020,11:43:47,2.45,2.35,49600,2.45,24800,0,1488000
PFC30Jan20120CE.NFO,07/01/2020,11:43:51,2.45,2.35,49600,2.45,31000,0,1488000
PFC30Jan20120CE.NFO,07/01/2020,11:43:58,2.45,2.35,49600,2.45,24800,0,1488000
PFC30Jan20120CE.NFO,07/01/2020,11:45:42,2.45,2.35,31000,2.45,24800,0,1488000
PFC30Jan20120CE.NFO,07/01/2020,11:45:50,2.45,2.35,49600,2.45,24800,0,1488000
PFC30Jan20120CE.NFO,07/01/2020,11:46:19,2.45,2.35,31000,2.45,24800,0,1488000
PFC30Jan20120CE.NFO,07/01/2020,11:46:23,2.45,2.35,12400,2.45,24800,0,1488000
PFC30Jan20120CE.NFO,07/01/2020,11:46:30,2.45,2.35,49600,2.45,18600,0,1488000
PFC30Jan20120CE.NFO,07/01/2020,11:46:36,2.45,2.35,6200,2.4,6200,0,1488000
PFC30Jan20120CE.NFO,07/01/2020,11:47:11,2.45,2.35,12400,2.45,24800,0,1488000
PFC30Jan20120CE.NFO,07/01/2020,11:47:15,2.45,2.35,31000,2.45,24800,0,1488000
PFC30Jan20120CE.NFO,07/01/2020,11:47:19,2.45,2.35,12400,2.45,24800,0,1488000
PFC30Jan20120CE.NFO,07/01/2020,11:47:23,2.45,2.35,6200,2.4,6200,0,1488000
PFC30Jan20120CE.NFO,07/01/2020,11:47:32,2.45,2.3,49600,2.35,6200,0,1488000
PFC30Jan20120CE.NFO,07/01/2020,11:47:37,2.45,2.3,49600,2.4,24800,0,1488000
PFC30Jan20120CE.NFO,07/01/2020,11:47:49,2.45,2.3,12400,2.35,6200,0,1488000
PFC30Jan20120CE.NFO,07/01/2020,11:47:52,2.45,2.25,55800,2.35,6200,0,1488000
PFC30Jan20120CE.NFO,07/01/2020,11:48:16,2.45,2.25,6200,2.3,6200,0,1488000
PFC30Jan20120CE.NFO,07/01/2020,11:48:22,2.3,2.3,24800,2.4,24800,12400,1500400
PFC30Jan20120CE.NFO,07/01/2020,11:48:26,2.3,2.3,31000,2.4,24800,0,1500400
PFC30Jan20120CE.NFO,07/01/2020,11:48:30,2.3,2.3,43400,2.4,24800,0,1500400
PFC30Jan20120CE.NFO,07/01/2020,11:48:34,2.3,2.3,31000,2.4,24800,0,1500400
PFC30Jan20120CE.NFO,07/01/2020,11:49:16,2.3,2.3,24800,2.4,24800,0,1500400
PFC30Jan20120CE.NFO,07/01/2020,11:49:25,2.3,2.3,31000,2.4,24800,0,1500400
PFC30Jan20120CE.NFO,07/01/2020,11:49:29,2.3,2.3,6200,2.35,6200,0,1500400
PFC30Jan20120CE.NFO,07/01/2020,11:49:49,2.3,2.25,37200,2.35,6200,0,1500400
PFC30Jan20120CE.NFO,07/01/2020,11:49:55,2.3,2.25,55800,2.35,6200,0,1500400
PFC30Jan20120CE.NFO,07/01/2020,11:50:00,2.3,2.25,37200,2.35,12400,0,1500400
PFC30Jan20120CE.NFO,07/01/2020,11:50:13,2.3,2.25,31000,2.3,6200,0,1500400
PFC30Jan20120CE.NFO,07/01/2020,11:51:34,2.3,2.3,6200,2.35,12400,6200,1494200
PFC30Jan20120CE.NFO,07/01/2020,11:51:39,2.3,2.3,6200,2.35,12400,0,1494200
PFC30Jan20120CE.NFO,07/01/2020,11:51:57,2.3,2.25,43400,2.35,12400,0,1494200
PFC30Jan20120CE.NFO,07/01/2020,11:53:14,2.3,2.3,6200,2.35,12400,0,1494200
PFC30Jan20120CE.NFO,07/01/2020,11:53:23,2.3,2.3,6200,2.35,18600,0,1494200
PFC30Jan20120CE.NFO,07/01/2020,11:53:34,2.3,2.25,24800,2.35,18600,6200,1494200
PFC30Jan20120CE.NFO,07/01/2020,11:53:40,2.3,2.25,24800,2.35,18600,0,1494200
PFC30Jan20120CE.NFO,07/01/2020,11:54:19,2.3,2.25,12400,2.35,18600,0,1494200
PFC30Jan20120CE.NFO,07/01/2020,11:54:36,2.3,2.25,6200,2.35,18600,0,1494200
PFC30Jan20120CE.NFO,07/01/2020,11:55:10,2.3,2.2,49600,2.3,6200,0,1494200
PFC30Jan20120CE.NFO,07/01/2020,11:55:23,2.3,2.2,49600,2.3,12400,0,1494200
PFC30Jan20120CE.NFO,07/01/2020,11:55:33,2.3,2.2,43400,2.3,12400,0,1494200
PFC30Jan20120CE.NFO,07/01/2020,11:55:52,2.3,2.2,43400,2.3,6200,0,1494200
PFC30Jan20120CE.NFO,07/01/2020,11:55:59,2.3,2.25,6200,2.35,24800,0,1494200
PFC30Jan20120CE.NFO,07/01/2020,11:56:07,2.3,2.25,12400,2.35,24800,0,1494200
PFC30Jan20120CE.NFO,07/01/2020,11:56:15,2.3,2.25,6200,2.3,6200,0,1494200
PFC30Jan20120CE.NFO,07/01/2020,11:57:07,2.3,2.3,37200,2.4,24800,6200,1494200
PFC30Jan20120CE.NFO,07/01/2020,11:57:11,2.3,2.3,37200,2.4,24800,0,1494200
PFC30Jan20120CE.NFO,07/01/2020,11:57:21,2.3,2.35,6200,2.4,18600,0,1494200
PFC30Jan20120CE.NFO,07/01/2020,11:57:49,2.3,2.3,18600,2.4,24800,0,1494200
PFC30Jan20120CE.NFO,07/01/2020,11:57:59,2.35,2.3,37200,2.4,18600,6200,1494200
PFC30Jan20120CE.NFO,07/01/2020,11:58:08,2.35,2.3,37200,2.4,18600,0,1494200
PFC30Jan20120CE.NFO,07/01/2020,11:58:35,2.35,2.3,43400,2.4,18600,0,1494200
PFC30Jan20120CE.NFO,07/01/2020,11:58:46,2.35,2.35,6200,2.4,18600,0,1494200
PFC30Jan20120CE.NFO,07/01/2020,11:59:14,2.35,2.3,43400,2.4,18600,0,1494200
PFC30Jan20120CE.NFO,07/01/2020,11:59:26,2.35,2.3,31000,2.4,18600,0,1494200
PFC30Jan20120CE.NFO,07/01/2020,11:59:30,2.35,2.3,37200,2.4,18600,0,1494200
PFC30Jan20120CE.NFO,07/01/2020,11:59:34,2.35,2.3,37200,2.4,24800,0,1494200
PFC30Jan20120CE.NFO,07/01/2020,11:59:46,2.35,2.25,49600,2.35,6200,0,1494200
PFC30Jan20120CE.NFO,07/01/2020,12:00:59,2.35,2.3,18600,2.35,6200,0,1494200
PFC30Jan20120CE.NFO,07/01/2020,12:01:02,2.35,2.25,55800,2.35,12400,0,1494200
PFC30Jan20120CE.NFO,07/01/2020,12:01:14,2.35,2.25,55800,2.35,18600,0,1494200
PFC30Jan20120CE.NFO,07/01/2020,12:01:32,2.35,2.25,18600,2.35,24800,0,1494200
PFC30Jan20120CE.NFO,07/01/2020,12:01:47,2.35,2.2,55800,2.3,18600,0,1494200
PFC30Jan20120CE.NFO,07/01/2020,12:02:05,2.35,2.2,37200,2.3,18600,0,1494200
PFC30Jan20120CE.NFO,07/01/2020,12:02:14,2.35,2.2,31000,2.3,18600,0,1494200
PFC30Jan20120CE.NFO,07/01/2020,12:02:19,2.35,2.2,6200,2.25,6200,0,1494200
PFC30Jan20120CE.NFO,07/01/2020,12:02:29,2.35,2.15,68200,2.25,6200,0,1494200
PFC30Jan20120CE.NFO,07/01/2020,12:02:35,2.35,2.2,49600,2.3,18600,0,1494200
PFC30Jan20120CE.NFO,07/01/2020,12:02:48,2.35,2.2,31000,2.3,18600,0,1494200
PFC30Jan20120CE.NFO,07/01/2020,12:03:15,2.35,2.25,12400,2.3,18600,0,1494200
PFC30Jan20120CE.NFO,07/01/2020,12:03:33,2.25,2.2,6200,2.3,18600,12400,1488000
PFC30Jan20120CE.NFO,07/01/2020,12:03:46,2.25,2.2,49600,2.3,12400,0,1488000
PFC30Jan20120CE.NFO,07/01/2020,12:04:16,2.25,2.2,31000,2.3,12400,0,1488000
PFC30Jan20120CE.NFO,07/01/2020,12:05:14,2.25,2.2,31000,2.3,6200,0,1488000
PFC30Jan20120CE.NFO,07/01/2020,12:05:17,2.3,2.2,18600,2.3,6200,6200,1488000
PFC30Jan20120CE.NFO,07/01/2020,12:05:24,2.3,2.2,18600,2.3,6200,0,1488000
PFC30Jan20120CE.NFO,07/01/2020,12:05:47,2.3,2.2,37200,2.3,12400,0,1488000
PFC30Jan20120CE.NFO,07/01/2020,12:05:54,2.3,2.2,12400,2.3,12400,0,1488000
PFC30Jan20120CE.NFO,07/01/2020,12:05:59,2.3,2.2,12400,2.3,18600,0,1488000
PFC30Jan20120CE.NFO,07/01/2020,12:06:02,2.3,2.2,24800,2.3,12400,0,1488000
PFC30Jan20120CE.NFO,07/01/2020,12:06:05,2.3,2.2,12400,2.3,18600,0,1488000
PFC30Jan20120CE.NFO,07/01/2020,12:06:09,2.3,2.2,37200,2.3,12400,0,1488000
PFC30Jan20120CE.NFO,07/01/2020,12:06:12,2.3,2.2,55800,2.3,12400,0,1488000
PFC30Jan20120CE.NFO,07/01/2020,12:06:15,2.3,2.2,6200,2.3,18600,0,1488000
PFC30Jan20120CE.NFO,07/01/2020,12:06:36,2.3,2.2,12400,2.3,18600,0,1488000
PFC30Jan20120CE.NFO,07/01/2020,12:06:38,2.3,2.2,12400,2.3,24800,0,1488000
PFC30Jan20120CE.NFO,07/01/2020,12:06:51,2.3,2.2,12400,2.3,31000,0,1488000
PFC30Jan20120CE.NFO,07/01/2020,12:07:15,2.3,2.2,6200,2.25,6200,0,1488000
PFC30Jan20120CE.NFO,07/01/2020,12:07:18,2.2,2.15,55800,2.25,6200,6200,1506600
PFC30Jan20120CE.NFO,07/01/2020,12:07:21,2.2,2.15,55800,2.25,6200,0,1506600
PFC30Jan20120CE.NFO,07/01/2020,12:07:23,2.2,2.15,62000,2.25,6200,0,1506600
PFC30Jan20120CE.NFO,07/01/2020,12:07:49,2.2,2.15,49600,2.25,6200,0,1506600
PFC30Jan20120CE.NFO,07/01/2020,12:08:09,2.2,2.15,62000,2.25,6200,0,1506600
PFC30Jan20120CE.NFO,07/01/2020,12:08:13,2.2,2.2,6200,2.3,37200,0,1506600
PFC30Jan20120CE.NFO,07/01/2020,12:08:31,2.2,2.2,6200,2.3,31000,0,1506600
PFC30Jan20120CE.NFO,07/01/2020,12:08:43,2.2,2.2,6200,2.25,6200,0,1506600
PFC30Jan20120CE.NFO,07/01/2020,12:08:46,2.2,2.15,62000,2.25,6200,0,1506600
PFC30Jan20120CE.NFO,07/01/2020,12:09:04,2.2,2.2,6200,2.3,31000,0,1506600
PFC30Jan20120CE.NFO,07/01/2020,12:09:32,2.25,2.2,6200,2.3,37200,6200,1512800
PFC30Jan20120CE.NFO,07/01/2020,12:09:49,2.25,2.15,62000,2.25,6200,0,1512800
PFC30Jan20120CE.NFO,07/01/2020,12:09:52,2.25,2.2,6200,2.3,31000,0,1512800
PFC30Jan20120CE.NFO,07/01/2020,12:10:02,2.25,2.15,62000,2.25,6200,0,1512800
PFC30Jan20120CE.NFO,07/01/2020,12:10:08,2.25,2.2,6200,2.3,37200,0,1512800
PFC30Jan20120CE.NFO,07/01/2020,12:10:13,2.25,2.15,55800,2.25,6200,0,1512800
PFC30Jan20120CE.NFO,07/01/2020,12:10:30,2.25,2.2,6200,2.25,6200,0,1512800
PFC30Jan20120CE.NFO,07/01/2020,12:10:35,2.25,2.15,55800,2.25,6200,0,1512800
PFC30Jan20120CE.NFO,07/01/2020,12:10:39,2.25,2.2,6200,2.25,6200,0,1512800
PFC30Jan20120CE.NFO,07/01/2020,12:10:45,2.25,2.2,6200,2.3,37200,0,1512800
PFC30Jan20120CE.NFO,07/01/2020,12:10:50,2.25,2.2,6200,2.3,43400,0,1512800
PFC30Jan20120CE.NFO,07/01/2020,12:11:15,2.25,2.2,6200,2.3,37200,0,1512800
PFC30Jan20120CE.NFO,07/01/2020,12:12:39,2.25,2.2,12400,2.3,24800,0,1512800
PFC30Jan20120CE.NFO,07/01/2020,12:12:42,2.25,2.2,37200,2.3,18600,0,1512800
PFC30Jan20120CE.NFO,07/01/2020,12:12:47,2.25,2.25,6200,2.3,12400,0,1512800
PFC30Jan20120CE.NFO,07/01/2020,12:13:08,2.25,2.2,43400,2.3,6200,0,1512800
PFC30Jan20120CE.NFO,07/01/2020,12:13:15,2.25,2.25,6200,2.35,49600,0,1512800
PFC30Jan20120CE.NFO,07/01/2020,12:13:22,2.25,2.25,12400,2.35,49600,0,1512800
PFC30Jan20120CE.NFO,07/01/2020,12:13:28,2.25,2.25,12400,2.35,55800,0,1512800
PFC30Jan20120CE.NFO,07/01/2020,12:13:38,2.25,2.25,12400,2.35,49600,0,1512800
PFC30Jan20120CE.NFO,07/01/2020,12:14:03,2.25,2.2,6200,2.3,18600,0,1512800
PFC30Jan20120CE.NFO,07/01/2020,12:14:10,2.25,2.2,12400,2.3,18600,0,1512800
PFC30Jan20120CE.NFO,07/01/2020,12:14:19,2.25,2.2,6200,2.3,18600,0,1512800
PFC30Jan20120CE.NFO,07/01/2020,12:14:23,2.25,2.2,6200,2.3,24800,0,1512800
PFC30Jan20120CE.NFO,07/01/2020,12:14:26,2.25,2.2,6200,2.3,31000,0,1512800
PFC30Jan20120CE.NFO,07/01/2020,12:14:52,2.25,2.2,6200,2.3,37200,0,1512800
PFC30Jan20120CE.NFO,07/01/2020,12:15:31,2.25,2.2,12400,2.3,24800,0,1512800
PFC30Jan20120CE.NFO,07/01/2020,12:16:03,2.25,2.2,6200,2.3,24800,0,1512800
PFC30Jan20120CE.NFO,07/01/2020,12:16:27,2.25,2.2,18600,2.3,24800,0,1512800
PFC30Jan20120CE.NFO,07/01/2020,12:16:41,2.25,2.2,6200,2.3,24800,0,1512800
PFC30Jan20120CE.NFO,07/01/2020,12:18:00,2.25,2.2,6200,2.25,6200,0,1512800
PFC30Jan20120CE.NFO,07/01/2020,12:18:23,2.25,2.2,12400,2.25,6200,0,1512800
PFC30Jan20120CE.NFO,07/01/2020,12:18:27,2.25,2.2,18600,2.3,31000,0,1512800
PFC30Jan20120CE.NFO,07/01/2020,12:18:30,2.25,2.2,6200,2.3,31000,0,1512800
PFC30Jan20120CE.NFO,07/01/2020,12:19:10,2.25,2.2,6200,2.3,37200,0,1512800
PFC30Jan20120CE.NFO,07/01/2020,12:19:40,2.25,2.2,18600,2.3,31000,0,1512800
PFC30Jan20120CE.NFO,07/01/2020,12:20:54,2.25,2.2,12400,2.3,31000,6200,1512800
PFC30Jan20120CE.NFO,07/01/2020,12:22:00,2.25,2.2,37200,2.3,24800,0,1512800
PFC30Jan20120CE.NFO,07/01/2020,12:22:28,2.25,2.2,6200,2.3,31000,0,1512800
PFC30Jan20120CE.NFO,07/01/2020,12:22:34,2.25,2.2,6200,2.3,37200,0,1512800
PFC30Jan20120CE.NFO,07/01/2020,12:24:13,2.25,2.2,31000,2.3,31000,0,1512800
PFC30Jan20120CE.NFO,07/01/2020,12:24:43,2.25,2.2,6200,2.3,31000,0,1512800
PFC30Jan20120CE.NFO,07/01/2020,12:25:08,2.25,2.2,6200,2.3,37200,0,1512800
PFC30Jan20120CE.NFO,07/01/2020,12:27:00,2.25,2.2,6200,2.25,12400,0,1512800
PFC30Jan20120CE.NFO,07/01/2020,12:27:07,2.25,2.15,37200,2.25,6200,0,1512800
PFC30Jan20120CE.NFO,07/01/2020,12:27:52,2.25,2.15,31000,2.25,31000,0,1512800
PFC30Jan20120CE.NFO,07/01/2020,12:28:05,2.25,2.15,24800,2.25,31000,0,1512800
PFC30Jan20120CE.NFO,07/01/2020,12:28:31,2.25,2.15,18600,2.25,31000,0,1512800
PFC30Jan20120CE.NFO,07/01/2020,12:28:35,2.25,2.15,24800,2.25,31000,0,1512800
PFC30Jan20120CE.NFO,07/01/2020,12:28:57,2.25,2.1,31000,2.2,31000,0,1512800
PFC30Jan20120CE.NFO,07/01/2020,12:29:05,2.25,2.1,6200,2.2,31000,0,1512800
PFC30Jan20120CE.NFO,07/01/2020,12:29:28,2.25,2.15,6200,2.2,31000,0,1512800
PFC30Jan20120CE.NFO,07/01/2020,12:29:33,2.15,2.1,6200,2.2,37200,6200,1512800
PFC30Jan20120CE.NFO,07/01/2020,12:29:47,2.15,2.1,6200,2.2,37200,0,1512800
PFC30Jan20120CE.NFO,07/01/2020,12:29:52,2.15,2.1,24800,2.2,31000,0,1512800
PFC30Jan20120CE.NFO,07/01/2020,12:30:12,2.15,2.1,31000,2.2,37200,0,1512800
PFC30Jan20120CE.NFO,07/01/2020,12:30:31,2.15,2.1,24800,2.2,37200,0,1512800
PFC30Jan20120CE.NFO,07/01/2020,12:30:51,2.15,2.1,31000,2.2,37200,0,1512800
PFC30Jan20120CE.NFO,07/01/2020,12:31:07,2.15,2.1,31000,2.2,31000,0,1512800
PFC30Jan20120CE.NFO,07/01/2020,12:31:46,2.15,2.1,24800,2.2,31000,0,1512800
PFC30Jan20120CE.NFO,07/01/2020,12:31:50,2.15,2.1,31000,2.2,31000,0,1512800
PFC30Jan20120CE.NFO,07/01/2020,12:31:54,2.15,2.1,24800,2.2,31000,0,1512800
PFC30Jan20120CE.NFO,07/01/2020,12:31:58,2.15,2.05,43400,2.15,6200,0,1512800
PFC30Jan20120CE.NFO,07/01/2020,12:32:07,2.15,2.05,37200,2.15,6200,0,1512800
PFC30Jan20120CE.NFO,07/01/2020,12:32:15,2.15,2.05,43400,2.15,6200,0,1512800
PFC30Jan20120CE.NFO,07/01/2020,12:32:18,2.15,2.05,37200,2.15,6200,0,1512800
PFC30Jan20120CE.NFO,07/01/2020,12:32:22,2.15,2.1,12400,2.2,37200,0,1512800
PFC30Jan20120CE.NFO,07/01/2020,12:32:35,2.15,2.05,43400,2.15,6200,0,1512800
PFC30Jan20120CE.NFO,07/01/2020,12:33:04,2.15,2.1,12400,2.2,37200,0,1512800
PFC30Jan20120CE.NFO,07/01/2020,12:33:32,2.15,2.1,18600,2.2,37200,0,1512800
PFC30Jan20120CE.NFO,07/01/2020,12:33:44,2.15,2.05,43400,2.15,6200,0,1512800
PFC30Jan20120CE.NFO,07/01/2020,12:34:09,2.15,2.1,6200,2.2,31000,0,1512800
PFC30Jan20120CE.NFO,07/01/2020,12:34:13,2.15,2.1,6200,2.2,37200,0,1512800
PFC30Jan20120CE.NFO,07/01/2020,12:34:20,2.15,2.05,43400,2.15,6200,0,1512800
PFC30Jan20120CE.NFO,07/01/2020,12:34:27,2.15,2.1,6200,2.2,37200,0,1512800
PFC30Jan20120CE.NFO,07/01/2020,12:34:31,2.15,2.1,49600,2.2,31000,0,1512800
PFC30Jan20120CE.NFO,07/01/2020,12:34:37,2.15,2.1,49600,2.2,18600,0,1512800
PFC30Jan20120CE.NFO,07/01/2020,12:34:42,2.15,2.1,49600,2.2,12400,0,1512800
PFC30Jan20120CE.NFO,07/01/2020,12:34:55,2.15,2.1,49600,2.2,6200,0,1512800
PFC30Jan20120CE.NFO,07/01/2020,12:34:58,2.15,2.1,62000,2.2,6200,0,1512800
PFC30Jan20120CE.NFO,07/01/2020,12:35:01,2.15,2.15,31000,2.25,43400,0,1512800
PFC30Jan20120CE.NFO,07/01/2020,12:35:21,2.15,2.15,37200,2.25,18600,0,1512800
PFC30Jan20120CE.NFO,07/01/2020,12:36:16,2.15,2.15,37200,2.25,12400,0,1512800
PFC30Jan20120CE.NFO,07/01/2020,12:36:19,2.15,2.15,37200,2.25,18600,0,1512800
PFC30Jan20120CE.NFO,07/01/2020,12:36:36,2.15,2.15,37200,2.25,24800,0,1512800
PFC30Jan20120CE.NFO,07/01/2020,12:37:39,2.15,2.15,37200,2.25,31000,0,1512800
PFC30Jan20120CE.NFO,07/01/2020,12:37:52,2.15,2.15,31000,2.25,31000,0,1512800
PFC30Jan20120CE.NFO,07/01/2020,12:37:59,2.15,2.15,12400,2.25,37200,0,1512800
PFC30Jan20120CE.NFO,07/01/2020,12:38:02,2.15,2.15,12400,2.25,43400,0,1512800
PFC30Jan20120CE.NFO,07/01/2020,12:38:18,2.15,2.15,6200,2.25,43400,0,1512800
PFC30Jan20120CE.NFO,07/01/2020,12:38:28,2.15,2.15,18600,2.25,43400,0,1512800
PFC30Jan20120CE.NFO,07/01/2020,12:38:49,2.15,2.15,18600,2.25,37200,0,1512800
PFC30Jan20120CE.NFO,07/01/2020,12:39:21,2.15,2.15,18600,2.25,43400,0,1512800
PFC30Jan20120CE.NFO,07/01/2020,12:41:03,2.15,2.15,12400,2.25,43400,0,1512800
PFC30Jan20120CE.NFO,07/01/2020,12:42:05,2.15,2.15,6200,2.25,43400,0,1512800
PFC30Jan20120CE.NFO,07/01/2020,12:42:30,2.15,2.15,12400,2.25,43400,0,1512800
PFC30Jan20120CE.NFO,07/01/2020,12:42:35,2.15,2.15,6200,2.2,6200,0,1512800
PFC30Jan20120CE.NFO,07/01/2020,12:42:49,2.15,2.15,6200,2.2,12400,0,1512800
PFC30Jan20120CE.NFO,07/01/2020,12:43:02,2.15,2.1,31000,2.2,12400,0,1512800
PFC30Jan20120CE.NFO,07/01/2020,12:44:03,2.15,2.1,31000,2.2,18600,0,1512800
PFC30Jan20120CE.NFO,07/01/2020,12:44:24,2.15,2.1,31000,2.2,6200,0,1512800
PFC30Jan20120CE.NFO,07/01/2020,12:45:14,2.15,2.15,6200,2.2,6200,0,1512800
PFC30Jan20120CE.NFO,07/01/2020,12:45:37,2.15,2.15,6200,2.2,12400,0,1512800
PFC30Jan20120CE.NFO,07/01/2020,12:45:51,2.15,2.15,6200,2.2,6200,0,1512800
PFC30Jan20120CE.NFO,07/01/2020,12:46:37,2.15,2.15,12400,2.25,37200,0,1512800
PFC30Jan20120CE.NFO,07/01/2020,12:46:47,2.15,2.15,12400,2.25,31000,0,1512800
PFC30Jan20120CE.NFO,07/01/2020,12:46:52,2.15,2.15,6200,2.2,6200,0,1512800
PFC30Jan20120CE.NFO,07/01/2020,12:47:29,2.2,2.15,6200,2.25,31000,6200,1506600
PFC30Jan20120CE.NFO,07/01/2020,12:47:32,2.2,2.15,6200,2.25,31000,0,1506600
PFC30Jan20120CE.NFO,07/01/2020,12:47:39,2.2,2.15,6200,2.25,24800,0,1506600
PFC30Jan20120CE.NFO,07/01/2020,12:47:48,2.2,2.15,12400,2.25,12400,0,1506600
PFC30Jan20120CE.NFO,07/01/2020,12:47:58,2.2,2.15,12400,2.25,18600,0,1506600
PFC30Jan20120CE.NFO,07/01/2020,12:48:02,2.2,2.15,31000,2.25,12400,0,1506600
PFC30Jan20120CE.NFO,07/01/2020,12:48:08,2.2,2.2,12400,2.25,12400,0,1506600
PFC30Jan20120CE.NFO,07/01/2020,12:48:14,2.2,2.2,24800,2.3,24800,0,1506600
PFC30Jan20120CE.NFO,07/01/2020,12:48:27,2.2,2.25,6200,2.3,24800,0,1506600
PFC30Jan20120CE.NFO,07/01/2020,12:49:03,2.25,2.2,12400,2.3,37200,6200,1512800
PFC30Jan20120CE.NFO,07/01/2020,12:49:23,2.25,2.2,12400,2.3,37200,0,1512800
PFC30Jan20120CE.NFO,07/01/2020,12:49:58,2.25,2.2,12400,2.3,31000,0,1512800
PFC30Jan20120CE.NFO,07/01/2020,12:50:10,2.25,2.2,31000,2.3,18600,0,1512800
PFC30Jan20120CE.NFO,07/01/2020,12:50:17,2.25,2.2,37200,2.3,18600,0,1512800
PFC30Jan20120CE.NFO,07/01/2020,12:50:26,2.25,2.25,6200,2.3,12400,0,1512800
PFC30Jan20120CE.NFO,07/01/2020,12:50:51,2.25,2.2,37200,2.3,12400,0,1512800
PFC30Jan20120CE.NFO,07/01/2020,12:52:43,2.25,2.2,6200,2.3,37200,0,1512800
PFC30Jan20120CE.NFO,07/01/2020,12:52:47,2.25,2.15,43400,2.3,37200,0,1512800
PFC30Jan20120CE.NFO,07/01/2020,12:53:13,2.25,2.15,18600,2.25,31000,0,1512800
PFC30Jan20120CE.NFO,07/01/2020,12:53:16,2.25,2.15,6200,2.25,31000,0,1512800
PFC30Jan20120CE.NFO,07/01/2020,12:54:09,2.25,2.1,37200,2.25,31000,0,1512800
PFC30Jan20120CE.NFO,07/01/2020,12:54:12,2.25,2.15,6200,2.25,31000,0,1512800
PFC30Jan20120CE.NFO,07/01/2020,12:55:22,2.25,2.1,31000,2.25,31000,0,1512800
PFC30Jan20120CE.NFO,07/01/2020,12:57:28,2.25,2.1,24800,2.2,12400,0,1512800
PFC30Jan20120CE.NFO,07/01/2020,12:57:32,2.25,2.1,24800,2.2,18600,0,1512800
PFC30Jan20120CE.NFO,07/01/2020,12:57:44,2.25,2.05,49600,2.15,6200,0,1512800
PFC30Jan20120CE.NFO,07/01/2020,12:57:50,2.25,2.05,37200,2.15,6200,0,1512800
PFC30Jan20120CE.NFO,07/01/2020,12:57:55,2.25,2.05,37200,2.2,31000,0,1512800
PFC30Jan20120CE.NFO,07/01/2020,12:58:07,2.25,2.1,6200,2.2,31000,0,1512800
PFC30Jan20120CE.NFO,07/01/2020,12:58:12,2.25,2.05,31000,2.15,6200,0,1512800
PFC30Jan20120CE.NFO,07/01/2020,12:58:17,2.25,2.05,31000,2.15,31000,0,1512800
PFC30Jan20120CE.NFO,07/01/2020,12:58:31,2.25,2.05,31000,2.15,6200,0,1512800
PFC30Jan20120CE.NFO,07/01/2020,12:58:57,2.25,2.1,6200,2.15,6200,0,1512800
PFC30Jan20120CE.NFO,07/01/2020,12:59:34,2.25,2.1,6200,2.15,18600,0,1512800
PFC30Jan20120CE.NFO,07/01/2020,12:59:55,2.25,2.1,6200,2.15,24800,0,1512800
PFC30Jan20120CE.NFO,07/01/2020,13:00:15,2.25,2.05,37200,2.15,31000,0,1512800
PFC30Jan20120CE.NFO,07/01/2020,13:01:07,2.25,2,43400,2.15,31000,0,1512800
PFC30Jan20120CE.NFO,07/01/2020,13:01:14,2.25,2,43400,2.1,18600,0,1512800
PFC30Jan20120CE.NFO,07/01/2020,13:01:35,2.25,2,43400,2.1,24800,0,1512800
PFC30Jan20120CE.NFO,07/01/2020,13:01:41,2.25,2,37200,2.1,18600,0,1512800
PFC30Jan20120CE.NFO,07/01/2020,13:02:04,2.25,2.05,6200,2.15,24800,0,1512800
PFC30Jan20120CE.NFO,07/01/2020,13:02:24,2.25,2,43400,2.1,12400,0,1512800
PFC30Jan20120CE.NFO,07/01/2020,13:02:29,2.25,2,31000,2.1,12400,0,1512800
PFC30Jan20120CE.NFO,07/01/2020,13:02:50,2.25,2,31000,2.1,18600,0,1512800
PFC30Jan20120CE.NFO,07/01/2020,13:02:59,2.25,2.05,6200,2.1,6200,0,1512800
PFC30Jan20120CE.NFO,07/01/2020,13:03:11,2.25,2.05,6200,2.15,24800,0,1512800
PFC30Jan20120CE.NFO,07/01/2020,13:04:17,2.25,2.1,6200,2.15,24800,0,1512800
PFC30Jan20120CE.NFO,07/01/2020,13:04:22,2.1,2.05,6200,2.15,24800,6200,1512800
PFC30Jan20120CE.NFO,07/01/2020,13:04:26,2.1,2.05,6200,2.15,24800,0,1512800
PFC30Jan20120CE.NFO,07/01/2020,13:04:38,2.1,2,37200,2.1,12400,0,1512800
PFC30Jan20120CE.NFO,07/01/2020,13:04:50,2.1,2,6200,2.05,6200,0,1512800
PFC30Jan20120CE.NFO,07/01/2020,13:04:56,2.1,2,6200,2.1,24800,0,1512800
PFC30Jan20120CE.NFO,07/01/2020,13:05:02,2.1,2,6200,2.05,6200,0,1512800
PFC30Jan20120CE.NFO,07/01/2020,13:05:08,2.1,2,6200,2.05,12400,0,1512800
PFC30Jan20120CE.NFO,07/01/2020,13:05:14,2.1,2,12400,2.1,31000,0,1512800
PFC30Jan20120CE.NFO,07/01/2020,13:05:25,2.1,2,6200,2.1,31000,0,1512800
PFC30Jan20120CE.NFO,07/01/2020,13:05:36,2.1,2,12400,2.1,31000,0,1512800
PFC30Jan20120CE.NFO,07/01/2020,13:05:46,2,2,6200,2.1,31000,6200,1512800
PFC30Jan20120CE.NFO,07/01/2020,13:05:57,2,1.95,37200,2.05,12400,0,1512800
PFC30Jan20120CE.NFO,07/01/2020,13:06:09,2,1.95,49600,2.05,12400,0,1512800
PFC30Jan20120CE.NFO,07/01/2020,13:06:14,2,2,6200,2.1,31000,0,1512800
PFC30Jan20120CE.NFO,07/01/2020,13:06:20,2,2,37200,2.1,18600,0,1512800
PFC30Jan20120CE.NFO,07/01/2020,13:06:31,2,2,12400,2.1,24800,0,1512800
PFC30Jan20120CE.NFO,07/01/2020,13:06:37,2,2,6200,2.1,24800,0,1512800
PFC30Jan20120CE.NFO,07/01/2020,13:06:51,2,2,18600,2.1,18600,0,1512800
PFC30Jan20120CE.NFO,07/01/2020,13:06:56,2,2,12400,2.1,18600,0,1512800
PFC30Jan20120CE.NFO,07/01/2020,13:07:01,2,2,12400,2.1,24800,0,1512800
PFC30Jan20120CE.NFO,07/01/2020,13:07:07,2,2,18600,2.1,24800,0,1512800
PFC30Jan20120CE.NFO,07/01/2020,13:07:13,2,2,12400,2.1,24800,0,1512800
PFC30Jan20120CE.NFO,07/01/2020,13:07:18,2,2,18600,2.1,24800,0,1512800
PFC30Jan20120CE.NFO,07/01/2020,13:07:29,2,2,31000,2.1,24800,0,1512800
PFC30Jan20120CE.NFO,07/01/2020,13:07:50,2,2,31000,2.1,18600,0,1512800
PFC30Jan20120CE.NFO,07/01/2020,13:08:02,2,1.95,37200,2.05,6200,0,1512800
PFC30Jan20120CE.NFO,07/01/2020,13:08:09,2,1.95,6200,2.05,31000,0,1512800
PFC30Jan20120CE.NFO,07/01/2020,13:08:17,2,1.95,6200,2,6200,0,1512800
PFC30Jan20120CE.NFO,07/01/2020,13:08:32,2,1.9,49600,2,37200,0,1512800
PFC30Jan20120CE.NFO,07/01/2020,13:08:45,2,1.9,43400,2,37200,0,1512800
PFC30Jan20120CE.NFO,07/01/2020,13:08:51,2,1.95,6200,2,18600,0,1512800
PFC30Jan20120CE.NFO,07/01/2020,13:09:11,2,1.9,55800,2,18600,0,1512800
PFC30Jan20120CE.NFO,07/01/2020,13:09:18,2,1.9,31000,2,37200,0,1512800
PFC30Jan20120CE.NFO,07/01/2020,13:09:34,2,1.95,6200,2,37200,0,1512800
PFC30Jan20120CE.NFO,07/01/2020,13:09:40,1.95,1.9,31000,2,37200,6200,1519000
PFC30Jan20120CE.NFO,07/01/2020,13:09:40,1.95,1.9,31000,2,37200,0,1519000
PFC30Jan20120CE.NFO,07/01/2020,13:09:46,1.95,1.9,31000,2,31000,0,1519000
PFC30Jan20120CE.NFO,07/01/2020,13:09:53,1.95,1.95,6200,2,18600,0,1519000
PFC30Jan20120CE.NFO,07/01/2020,13:10:00,1.95,1.95,6200,2,12400,0,1519000
PFC30Jan20120CE.NFO,07/01/2020,13:10:06,1.95,1.9,43400,2,18600,0,1519000
PFC30Jan20120CE.NFO,07/01/2020,13:10:13,1.95,1.95,6200,2,12400,0,1519000
PFC30Jan20120CE.NFO,07/01/2020,13:10:20,1.95,1.95,12400,2,12400,0,1519000
PFC30Jan20120CE.NFO,07/01/2020,13:10:31,1.95,1.95,12400,2,18600,0,1519000
PFC30Jan20120CE.NFO,07/01/2020,13:10:42,1.95,1.9,43400,2,31000,6200,1519000
PFC30Jan20120CE.NFO,07/01/2020,13:10:46,1.95,1.9,43400,2,31000,0,1519000
PFC30Jan20120CE.NFO,07/01/2020,13:10:51,1.95,1.9,37200,2,24800,0,1519000
PFC30Jan20120CE.NFO,07/01/2020,13:11:00,1.95,1.9,49600,1.95,6200,0,1519000
PFC30Jan20120CE.NFO,07/01/2020,13:11:17,1.95,1.9,49600,2,18600,6200,1519000
PFC30Jan20120CE.NFO,07/01/2020,13:11:22,1.95,1.9,49600,2,18600,0,1519000
PFC30Jan20120CE.NFO,07/01/2020,13:11:34,1.95,1.9,55800,2,18600,0,1519000
PFC30Jan20120CE.NFO,07/01/2020,13:11:39,1.9,1.9,37200,2,18600,12400,1519000
PFC30Jan20120CE.NFO,07/01/2020,13:11:39,1.9,1.9,37200,2,18600,0,1519000
PFC30Jan20120CE.NFO,07/01/2020,13:11:43,1.9,1.9,43400,1.95,6200,0,1519000
PFC30Jan20120CE.NFO,07/01/2020,13:11:48,1.9,1.9,49600,1.95,6200,0,1519000
PFC30Jan20120CE.NFO,07/01/2020,13:11:51,1.9,1.9,37200,1.95,6200,6200,1519000
PFC30Jan20120CE.NFO,07/01/2020,13:11:55,1.9,1.9,37200,1.95,6200,0,1519000
PFC30Jan20120CE.NFO,07/01/2020,13:12:01,1.95,1.9,43400,2,12400,6200,1519000
PFC30Jan20120CE.NFO,07/01/2020,13:12:08,1.95,1.95,18600,2,12400,0,1519000
PFC30Jan20120CE.NFO,07/01/2020,13:12:13,1.95,1.95,12400,2,12400,0,1519000
PFC30Jan20120CE.NFO,07/01/2020,13:12:18,1.95,1.9,43400,2,12400,0,1519000
PFC30Jan20120CE.NFO,07/01/2020,13:12:31,1.95,1.9,18600,2,24800,0,1519000
PFC30Jan20120CE.NFO,07/01/2020,13:12:36,1.95,1.9,6200,2,31000,0,1519000
PFC30Jan20120CE.NFO,07/01/2020,13:12:45,1.95,1.9,12400,2,31000,0,1519000
PFC30Jan20120CE.NFO,07/01/2020,13:12:54,1.95,1.9,24800,2,24800,0,1519000
PFC30Jan20120CE.NFO,07/01/2020,13:13:03,1.95,1.95,6200,2,24800,0,1519000
PFC30Jan20120CE.NFO,07/01/2020,13:13:07,1.95,1.9,43400,2,18600,0,1519000
PFC30Jan20120CE.NFO,07/01/2020,13:13:10,1.95,1.9,37200,2,18600,0,1519000
PFC30Jan20120CE.NFO,07/01/2020,13:13:33,2,1.95,12400,2,12400,6200,1525200
PFC30Jan20120CE.NFO,07/01/2020,13:13:38,2,1.9,37200,2,12400,0,1525200
PFC30Jan20120CE.NFO,07/01/2020,13:13:42,2,1.9,37200,2,18600,0,1525200
PFC30Jan20120CE.NFO,07/01/2020,13:13:57,2,1.95,6200,2,12400,0,1525200
PFC30Jan20120CE.NFO,07/01/2020,13:14:43,2,1.95,12400,2,12400,0,1525200
PFC30Jan20120CE.NFO,07/01/2020,13:14:47,2,1.95,18600,2,12400,0,1525200
PFC30Jan20120CE.NFO,07/01/2020,13:14:51,2,1.95,12400,2,12400,0,1525200
PFC30Jan20120CE.NFO,07/01/2020,13:15:01,2,1.9,37200,2,12400,0,1525200
PFC30Jan20120CE.NFO,07/01/2020,13:15:15,2,1.9,24800,2,18600,0,1525200
PFC30Jan20120CE.NFO,07/01/2020,13:15:24,2,1.9,24800,2,24800,0,1525200
PFC30Jan20120CE.NFO,07/01/2020,13:15:37,2,1.9,18600,2,37200,0,1525200
PFC30Jan20120CE.NFO,07/01/2020,13:15:49,2,1.9,18600,1.95,6200,0,1525200
PFC30Jan20120CE.NFO,07/01/2020,13:15:55,1.9,1.9,12400,2,31000,6200,1525200
PFC30Jan20120CE.NFO,07/01/2020,13:16:06,1.9,1.9,12400,1.95,6200,0,1525200
PFC30Jan20120CE.NFO,07/01/2020,13:16:19,1.9,1.9,18600,1.95,6200,0,1525200
PFC30Jan20120CE.NFO,07/01/2020,13:16:25,1.9,1.9,24800,2,31000,0,1525200
PFC30Jan20120CE.NFO,07/01/2020,13:16:30,1.9,1.9,37200,2,12400,0,1525200
PFC30Jan20120CE.NFO,07/01/2020,13:16:47,1.9,1.9,31000,2,31000,0,1525200
PFC30Jan20120CE.NFO,07/01/2020,13:17:09,1.9,1.9,31000,2,24800,0,1525200
PFC30Jan20120CE.NFO,07/01/2020,13:17:13,1.9,1.9,31000,2,18600,0,1525200
PFC30Jan20120CE.NFO,07/01/2020,13:17:27,1.9,1.9,12400,2,31000,0,1525200
PFC30Jan20120CE.NFO,07/01/2020,13:17:40,1.9,1.9,18600,1.95,6200,0,1525200
PFC30Jan20120CE.NFO,07/01/2020,13:17:44,1.9,1.95,18600,2,18600,0,1525200
PFC30Jan20120CE.NFO,07/01/2020,13:17:49,1.9,1.9,24800,2,31000,0,1525200
PFC30Jan20120CE.NFO,07/01/2020,13:17:58,1.9,1.95,6200,2,31000,0,1525200
PFC30Jan20120CE.NFO,07/01/2020,13:18:05,1.95,1.9,18600,1.95,6200,6200,1525200
PFC30Jan20120CE.NFO,07/01/2020,13:18:11,1.95,1.9,6200,1.95,6200,0,1525200
PFC30Jan20120CE.NFO,07/01/2020,13:18:44,1.95,1.9,12400,1.95,6200,0,1525200
PFC30Jan20120CE.NFO,07/01/2020,13:18:50,1.95,1.9,6200,1.95,6200,0,1525200
PFC30Jan20120CE.NFO,07/01/2020,13:18:55,1.95,1.9,18600,1.95,6200,0,1525200
PFC30Jan20120CE.NFO,07/01/2020,13:19:00,1.95,1.9,24800,1.95,6200,0,1525200
PFC30Jan20120CE.NFO,07/01/2020,13:19:06,1.95,1.9,24800,2,31000,0,1525200
PFC30Jan20120CE.NFO,07/01/2020,13:19:13,1.95,1.9,24800,2,24800,0,1525200
PFC30Jan20120CE.NFO,07/01/2020,13:19:19,1.95,1.9,6200,1.95,6200,0,1525200
PFC30Jan20120CE.NFO,07/01/2020,13:19:29,1.95,1.9,6200,1.95,12400,0,1525200
PFC30Jan20120CE.NFO,07/01/2020,13:19:34,1.95,1.9,6200,1.95,6200,0,1525200
PFC30Jan20120CE.NFO,07/01/2020,13:19:38,1.95,1.9,12400,1.95,6200,0,1525200
PFC30Jan20120CE.NFO,07/01/2020,13:20:00,1.95,1.9,18600,1.95,6200,0,1525200
PFC30Jan20120CE.NFO,07/01/2020,13:20:11,1.95,1.9,24800,1.95,6200,0,1525200
PFC30Jan20120CE.NFO,07/01/2020,13:20:16,1.95,1.9,31000,1.95,6200,0,1525200
PFC30Jan20120CE.NFO,07/01/2020,13:20:46,1.95,1.9,31000,2,24800,0,1525200
PFC30Jan20120CE.NFO,07/01/2020,13:20:50,1.95,1.9,18600,1.95,6200,0,1525200
PFC30Jan20120CE.NFO,07/01/2020,13:21:22,1.95,1.9,6200,1.95,6200,0,1525200
PFC30Jan20120CE.NFO,07/01/2020,13:21:43,1.95,1.9,12400,1.95,6200,0,1525200
PFC30Jan20120CE.NFO,07/01/2020,13:21:56,1.95,1.9,6200,1.95,6200,0,1525200
PFC30Jan20120CE.NFO,07/01/2020,13:22:01,1.95,1.9,24800,1.95,6200,0,1525200
PFC30Jan20120CE.NFO,07/01/2020,13:22:05,1.95,1.9,12400,1.95,6200,0,1525200
PFC30Jan20120CE.NFO,07/01/2020,13:22:09,1.95,1.9,6200,1.95,6200,0,1525200
PFC30Jan20120CE.NFO,07/01/2020,13:22:48,1.9,1.85,49600,1.95,6200,6200,1525200
PFC30Jan20120CE.NFO,07/01/2020,13:22:53,1.9,1.9,6200,1.95,12400,0,1525200
PFC30Jan20120CE.NFO,07/01/2020,13:22:59,1.9,1.85,43400,1.95,12400,0,1525200
PFC30Jan20120CE.NFO,07/01/2020,13:23:04,1.9,1.85,43400,1.95,6200,0,1525200
PFC30Jan20120CE.NFO,07/01/2020,13:23:15,1.9,1.9,6200,1.95,6200,0,1525200
PFC30Jan20120CE.NFO,07/01/2020,13:23:39,1.9,1.85,37200,1.95,12400,0,1525200
PFC30Jan20120CE.NFO,07/01/2020,13:23:43,1.9,1.85,37200,1.95,18600,0,1525200
PFC30Jan20120CE.NFO,07/01/2020,13:24:23,1.9,1.9,24800,1.95,6200,0,1525200
PFC30Jan20120CE.NFO,07/01/2020,13:24:28,1.9,1.9,12400,1.95,6200,0,1525200
PFC30Jan20120CE.NFO,07/01/2020,13:24:32,1.9,1.9,12400,1.95,12400,0,1525200
PFC30Jan20120CE.NFO,07/01/2020,13:24:47,1.9,1.95,18600,2,6200,0,1525200
PFC30Jan20120CE.NFO,07/01/2020,13:25:05,2,1.95,12400,2.05,12400,6200,1531400
PFC30Jan20120CE.NFO,07/01/2020,13:25:24,2,1.95,12400,2,6200,0,1531400
PFC30Jan20120CE.NFO,07/01/2020,13:25:35,2,1.95,18600,2,6200,0,1531400
PFC30Jan20120CE.NFO,07/01/2020,13:25:59,2,1.95,18600,2.05,12400,6200,1531400
PFC30Jan20120CE.NFO,07/01/2020,13:26:04,2,1.95,18600,2.05,6200,0,1531400
PFC30Jan20120CE.NFO,07/01/2020,13:26:11,2,2,6200,2.05,6200,0,1531400
PFC30Jan20120CE.NFO,07/01/2020,13:26:26,2.05,2,6200,2.1,12400,6200,1531400
PFC30Jan20120CE.NFO,07/01/2020,13:26:57,2.05,1.95,18600,2.1,12400,0,1531400
PFC30Jan20120CE.NFO,07/01/2020,13:27:12,2.05,1.95,31000,2.1,18600,0,1531400
PFC30Jan20120CE.NFO,07/01/2020,13:27:16,2.05,1.95,31000,2.1,24800,0,1531400
PFC30Jan20120CE.NFO,07/01/2020,13:27:27,2.05,2,6200,2.1,24800,0,1531400
PFC30Jan20120CE.NFO,07/01/2020,13:27:33,2.05,1.95,18600,2.1,31000,0,1531400
PFC30Jan20120CE.NFO,07/01/2020,13:27:39,2.05,1.95,37200,2.1,24800,0,1531400
PFC30Jan20120CE.NFO,07/01/2020,13:27:52,2.05,1.95,12400,2.1,31000,0,1531400
PFC30Jan20120CE.NFO,07/01/2020,13:28:05,2.05,1.95,18600,2.1,31000,0,1531400
PFC30Jan20120CE.NFO,07/01/2020,13:28:56,2.05,1.95,12400,2.1,18600,0,1531400
PFC30Jan20120CE.NFO,07/01/2020,13:29:04,2.05,1.95,6200,2.05,12400,0,1531400
PFC30Jan20120CE.NFO,07/01/2020,13:29:19,2.05,1.95,31000,2.05,6200,0,1531400
PFC30Jan20120CE.NFO,07/01/2020,13:29:32,2.05,1.95,24800,2.05,6200,0,1531400
PFC30Jan20120CE.NFO,07/01/2020,13:29:58,2.05,1.95,18600,2.05,24800,0,1531400
PFC30Jan20120CE.NFO,07/01/2020,13:30:12,2.05,1.95,12400,2.05,24800,0,1531400
PFC30Jan20120CE.NFO,07/01/2020,13:30:29,2.05,1.95,6200,2.05,24800,0,1531400
PFC30Jan20120CE.NFO,07/01/2020,13:30:37,2.05,1.95,12400,2.05,24800,0,1531400
PFC30Jan20120CE.NFO,07/01/2020,13:30:44,2.05,1.95,6200,2.05,24800,0,1531400
PFC30Jan20120CE.NFO,07/01/2020,13:31:34,2.05,1.95,12400,2.05,24800,0,1531400
PFC30Jan20120CE.NFO,07/01/2020,13:31:49,2.05,2,6200,2.05,12400,0,1531400
PFC30Jan20120CE.NFO,07/01/2020,13:32:05,2.05,2,12400,2.05,12400,0,1531400
PFC30Jan20120CE.NFO,07/01/2020,13:32:12,2.05,2,6200,2.05,12400,0,1531400
PFC30Jan20120CE.NFO,07/01/2020,13:32:38,2.05,1.95,37200,2.05,12400,0,1531400
PFC30Jan20120CE.NFO,07/01/2020,13:32:45,2.05,1.95,12400,2.05,31000,0,1531400
PFC30Jan20120CE.NFO,07/01/2020,13:32:51,2.05,1.95,37200,2.05,12400,0,1531400
PFC30Jan20120CE.NFO,07/01/2020,13:33:04,2.05,1.95,37200,2,6200,0,1531400
PFC30Jan20120CE.NFO,07/01/2020,13:33:09,2,2,6200,2.05,6200,6200,1543800
PFC30Jan20120CE.NFO,07/01/2020,13:33:19,2,1.95,37200,2.05,6200,0,1543800
PFC30Jan20120CE.NFO,07/01/2020,13:33:32,2,1.95,37200,2.05,12400,0,1543800
PFC30Jan20120CE.NFO,07/01/2020,13:33:38,2,2,12400,2.05,6200,0,1543800
PFC30Jan20120CE.NFO,07/01/2020,13:33:48,2,2,6200,2.05,6200,0,1543800
PFC30Jan20120CE.NFO,07/01/2020,13:33:53,2.05,2.05,37200,2.15,24800,6200,1543800
PFC30Jan20120CE.NFO,07/01/2020,13:33:59,2.05,2.05,37200,2.15,24800,0,1543800
PFC30Jan20120CE.NFO,07/01/2020,13:34:04,2.05,2.05,37200,2.15,18600,0,1543800
PFC30Jan20120CE.NFO,07/01/2020,13:34:19,2.05,2.05,43400,2.15,18600,0,1543800
PFC30Jan20120CE.NFO,07/01/2020,13:34:28,2.05,2.05,24800,2.15,24800,0,1543800
PFC30Jan20120CE.NFO,07/01/2020,13:34:37,2.05,2.05,31000,2.15,24800,0,1543800
PFC30Jan20120CE.NFO,07/01/2020,13:34:43,2.05,2.05,37200,2.15,24800,0,1543800
PFC30Jan20120CE.NFO,07/01/2020,13:34:54,2.05,2.1,18600,2.15,6200,0,1543800
PFC30Jan20120CE.NFO,07/01/2020,13:35:02,2.15,2.1,31000,2.2,18600,6200,1543800
PFC30Jan20120CE.NFO,07/01/2020,13:35:09,2.2,2.2,6200,2.25,6200,6200,1543800
PFC30Jan20120CE.NFO,07/01/2020,13:35:15,2.2,2.2,6200,2.25,6200,0,1543800
PFC30Jan20120CE.NFO,07/01/2020,13:35:26,2.2,2.2,31000,2.25,6200,0,1543800
PFC30Jan20120CE.NFO,07/01/2020,13:35:32,2.3,2.3,6200,2.35,6200,18600,1543800
PFC30Jan20120CE.NFO,07/01/2020,13:35:39,2.35,2.3,43400,2.4,12400,6200,1543800
PFC30Jan20120CE.NFO,07/01/2020,13:35:45,2.35,2.25,43400,2.35,18600,0,1543800
PFC30Jan20120CE.NFO,07/01/2020,13:35:54,2.35,2.25,24800,2.35,12400,0,1543800
PFC30Jan20120CE.NFO,07/01/2020,13:35:58,2.35,2.25,37200,2.35,12400,0,1543800
PFC30Jan20120CE.NFO,07/01/2020,13:36:02,2.35,2.25,24800,2.35,12400,0,1543800
PFC30Jan20120CE.NFO,07/01/2020,13:36:07,2.35,2.25,24800,2.35,18600,0,1543800
PFC30Jan20120CE.NFO,07/01/2020,13:36:12,2.35,2.2,55800,2.3,6200,0,1543800
PFC30Jan20120CE.NFO,07/01/2020,13:36:40,2.35,2.2,55800,2.3,12400,0,1543800
PFC30Jan20120CE.NFO,07/01/2020,13:36:43,2.35,2.2,37200,2.3,18600,0,1543800
PFC30Jan20120CE.NFO,07/01/2020,13:37:09,2.35,2.2,24800,2.3,24800,0,1543800
PFC30Jan20120CE.NFO,07/01/2020,13:37:41,2.35,2.2,18600,2.3,24800,0,1543800
PFC30Jan20120CE.NFO,07/01/2020,13:37:50,2.35,2.2,37200,2.3,18600,0,1543800
PFC30Jan20120CE.NFO,07/01/2020,13:37:54,2.35,2.2,6200,2.25,6200,0,1543800
PFC30Jan20120CE.NFO,07/01/2020,13:38:13,2.35,2.25,6200,2.3,6200,0,1543800
PFC30Jan20120CE.NFO,07/01/2020,13:38:20,2.3,2.2,18600,2.3,6200,6200,1506600
PFC30Jan20120CE.NFO,07/01/2020,13:38:26,2.3,2.2,18600,2.35,43400,6200,1506600
PFC30Jan20120CE.NFO,07/01/2020,13:38:32,2.3,2.2,24800,2.35,37200,0,1506600
PFC30Jan20120CE.NFO,07/01/2020,13:38:42,2.3,2.2,37200,2.35,31000,0,1506600
PFC30Jan20120CE.NFO,07/01/2020,13:38:46,2.3,2.2,43400,2.35,31000,0,1506600
PFC30Jan20120CE.NFO,07/01/2020,13:38:51,2.3,2.2,31000,2.35,37200,0,1506600
PFC30Jan20120CE.NFO,07/01/2020,13:38:56,2.3,2.2,49600,2.35,24800,0,1506600
PFC30Jan20120CE.NFO,07/01/2020,13:39:02,2.3,2.25,6200,2.35,24800,0,1506600
PFC30Jan20120CE.NFO,07/01/2020,13:39:06,2.3,2.25,6200,2.35,18600,0,1506600
PFC30Jan20120CE.NFO,07/01/2020,13:39:11,2.3,2.2,62000,2.35,24800,0,1506600
PFC30Jan20120CE.NFO,07/01/2020,13:39:16,2.3,2.25,6200,2.35,24800,0,1506600
PFC30Jan20120CE.NFO,07/01/2020,13:39:21,2.3,2.2,43400,2.3,6200,0,1506600
PFC30Jan20120CE.NFO,07/01/2020,13:39:26,2.3,2.2,12400,2.3,6200,0,1506600
PFC30Jan20120CE.NFO,07/01/2020,13:39:31,2.3,2.2,24800,2.3,6200,6200,1500400
PFC30Jan20120CE.NFO,07/01/2020,13:39:37,2.3,2.2,6200,2.3,12400,0,1500400
PFC30Jan20120CE.NFO,07/01/2020,13:39:42,2.3,2.2,6200,2.3,18600,0,1500400
PFC30Jan20120CE.NFO,07/01/2020,13:39:49,2.3,2.15,24800,2.3,31000,0,1500400
PFC30Jan20120CE.NFO,07/01/2020,13:40:04,2.3,2.15,6200,2.3,31000,0,1500400
PFC30Jan20120CE.NFO,07/01/2020,13:40:16,2.3,2.15,18600,2.3,31000,0,1500400
PFC30Jan20120CE.NFO,07/01/2020,13:40:18,2.2,2.15,18600,2.25,6200,6200,1500400
PFC30Jan20120CE.NFO,07/01/2020,13:40:22,2.2,2.15,18600,2.3,31000,0,1500400
PFC30Jan20120CE.NFO,07/01/2020,13:40:39,2.2,2.15,49600,2.25,6200,0,1500400
PFC30Jan20120CE.NFO,07/01/2020,13:40:45,2.2,2.2,6200,2.3,6200,0,1500400
PFC30Jan20120CE.NFO,07/01/2020,13:40:50,2.2,2.2,6200,2.3,18600,0,1500400
PFC30Jan20120CE.NFO,07/01/2020,13:41:09,2.2,2.15,24800,2.25,6200,0,1500400
PFC30Jan20120CE.NFO,07/01/2020,13:41:18,2.2,2.15,37200,2.3,31000,0,1500400
PFC30Jan20120CE.NFO,07/01/2020,13:41:41,2.2,2.15,24800,2.25,6200,0,1500400
PFC30Jan20120CE.NFO,07/01/2020,13:41:43,2.2,2.15,24800,2.3,31000,0,1500400
PFC30Jan20120CE.NFO,07/01/2020,13:41:47,2.2,2.15,24800,2.25,6200,0,1500400
PFC30Jan20120CE.NFO,07/01/2020,13:42:16,2.2,2.15,37200,2.3,31000,0,1500400
PFC30Jan20120CE.NFO,07/01/2020,13:42:23,2.2,2.2,12400,2.3,18600,0,1500400
PFC30Jan20120CE.NFO,07/01/2020,13:42:35,2.2,2.2,12400,2.3,31000,0,1500400
PFC30Jan20120CE.NFO,07/01/2020,13:42:39,2.2,2.15,37200,2.3,31000,0,1500400
PFC30Jan20120CE.NFO,07/01/2020,13:42:42,2.2,2.2,12400,2.3,18600,0,1500400
PFC30Jan20120CE.NFO,07/01/2020,13:43:12,2.2,2.2,18600,2.3,31000,0,1500400
PFC30Jan20120CE.NFO,07/01/2020,13:43:37,2.2,2.15,31000,2.3,31000,0,1500400
PFC30Jan20120CE.NFO,07/01/2020,13:44:00,2.2,2.15,37200,2.25,6200,0,1500400
PFC30Jan20120CE.NFO,07/01/2020,13:44:07,2.2,2.15,31000,2.3,31000,0,1500400
PFC30Jan20120CE.NFO,07/01/2020,13:44:11,2.2,2.15,43400,2.3,31000,0,1500400
PFC30Jan20120CE.NFO,07/01/2020,13:44:18,2.2,2.2,12400,2.3,31000,0,1500400
PFC30Jan20120CE.NFO,07/01/2020,13:44:22,2.2,2.2,24800,2.3,24800,0,1500400
PFC30Jan20120CE.NFO,07/01/2020,13:44:36,2.2,2.2,24800,2.3,31000,0,1500400
PFC30Jan20120CE.NFO,07/01/2020,13:44:48,2.2,2.2,18600,2.25,6200,0,1500400
PFC30Jan20120CE.NFO,07/01/2020,13:45:02,2.2,2.2,24800,2.25,6200,0,1500400
PFC30Jan20120CE.NFO,07/01/2020,13:45:16,2.2,2.2,31000,2.25,6200,0,1500400
PFC30Jan20120CE.NFO,07/01/2020,13:45:22,2.2,2.25,6200,2.3,6200,0,1500400
PFC30Jan20120CE.NFO,07/01/2020,13:45:33,2.2,2.2,31000,2.3,6200,0,1500400
PFC30Jan20120CE.NFO,07/01/2020,13:45:43,2.2,2.25,24800,2.3,6200,0,1500400
PFC30Jan20120CE.NFO,07/01/2020,13:45:50,2.2,2.2,49600,2.3,6200,0,1500400
PFC30Jan20120CE.NFO,07/01/2020,13:45:55,2.3,2.25,18600,2.35,43400,6200,1500400
PFC30Jan20120CE.NFO,07/01/2020,13:45:59,2.3,2.2,43400,2.35,49600,0,1500400
PFC30Jan20120CE.NFO,07/01/2020,13:46:33,2.3,2.2,31000,2.35,68200,0,1500400
PFC30Jan20120CE.NFO,07/01/2020,13:46:38,2.3,2.2,43400,2.35,74400,0,1500400
PFC30Jan20120CE.NFO,07/01/2020,13:46:43,2.3,2.25,24800,2.35,43400,0,1500400
PFC30Jan20120CE.NFO,07/01/2020,13:46:52,2.3,2.25,12400,2.35,49600,0,1500400
PFC30Jan20120CE.NFO,07/01/2020,13:47:08,2.3,2.2,37200,2.3,6200,0,1500400
PFC30Jan20120CE.NFO,07/01/2020,13:47:14,2.3,2.2,43400,2.35,55800,0,1500400
PFC30Jan20120CE.NFO,07/01/2020,13:47:25,2.3,2.2,43400,2.35,43400,0,1500400
PFC30Jan20120CE.NFO,07/01/2020,13:47:36,2.3,2.2,37200,2.35,43400,0,1500400
PFC30Jan20120CE.NFO,07/01/2020,13:47:51,2.3,2.25,6200,2.35,43400,0,1500400
PFC30Jan20120CE.NFO,07/01/2020,13:47:56,2.3,2.2,43400,2.35,43400,0,1500400
PFC30Jan20120CE.NFO,07/01/2020,13:48:11,2.3,2.25,6200,2.35,37200,0,1500400
PFC30Jan20120CE.NFO,07/01/2020,13:48:54,2.3,2.25,37200,2.35,37200,0,1500400
PFC30Jan20120CE.NFO,07/01/2020,13:49:01,2.3,2.25,37200,2.35,24800,0,1500400
PFC30Jan20120CE.NFO,07/01/2020,13:49:08,2.3,2.25,31000,2.35,37200,0,1500400
PFC30Jan20120CE.NFO,07/01/2020,13:49:14,2.3,2.25,37200,2.35,37200,0,1500400
PFC30Jan20120CE.NFO,07/01/2020,13:49:25,2.3,2.25,43400,2.35,18600,0,1500400
PFC30Jan20120CE.NFO,07/01/2020,13:49:33,2.3,2.25,49600,2.35,18600,0,1500400
PFC30Jan20120CE.NFO,07/01/2020,13:49:57,2.3,2.25,24800,2.35,31000,0,1500400
PFC30Jan20120CE.NFO,07/01/2020,13:50:04,2.3,2.25,6200,2.35,37200,0,1500400
PFC30Jan20120CE.NFO,07/01/2020,13:50:09,2.3,2.25,43400,2.35,31000,0,1500400
PFC30Jan20120CE.NFO,07/01/2020,13:50:24,2.3,2.25,49600,2.35,18600,0,1500400
PFC30Jan20120CE.NFO,07/01/2020,13:50:30,2.3,2.3,18600,2.35,18600,0,1500400
PFC30Jan20120CE.NFO,07/01/2020,13:50:37,2.3,2.25,49600,2.35,24800,0,1500400
PFC30Jan20120CE.NFO,07/01/2020,13:50:46,2.3,2.3,12400,2.35,18600,0,1500400
PFC30Jan20120CE.NFO,07/01/2020,13:50:54,2.3,2.25,49600,2.35,31000,0,1500400
PFC30Jan20120CE.NFO,07/01/2020,13:51:02,2.3,2.25,49600,2.35,37200,0,1500400
PFC30Jan20120CE.NFO,07/01/2020,13:51:08,2.3,2.25,43400,2.35,37200,0,1500400
PFC30Jan20120CE.NFO,07/01/2020,13:51:20,2.3,2.25,31000,2.35,37200,0,1500400
PFC30Jan20120CE.NFO,07/01/2020,13:51:41,2.3,2.25,24800,2.35,49600,0,1500400
PFC30Jan20120CE.NFO,07/01/2020,13:51:46,2.3,2.25,18600,2.35,49600,0,1500400
PFC30Jan20120CE.NFO,07/01/2020,13:51:51,2.3,2.25,6200,2.3,12400,0,1500400
PFC30Jan20120CE.NFO,07/01/2020,13:52:12,2.3,2.25,6200,2.3,6200,0,1500400
PFC30Jan20120CE.NFO,07/01/2020,13:52:17,2.3,2.25,6200,2.3,12400,0,1500400
PFC30Jan20120CE.NFO,07/01/2020,13:52:26,2.3,2.2,49600,2.3,31000,0,1500400
PFC30Jan20120CE.NFO,07/01/2020,13:52:31,2.3,2.2,55800,2.3,31000,0,1500400
PFC30Jan20120CE.NFO,07/01/2020,13:52:36,2.3,2.25,6200,2.3,24800,0,1500400
PFC30Jan20120CE.NFO,07/01/2020,13:52:46,2.3,2.25,37200,2.3,6200,0,1500400
PFC30Jan20120CE.NFO,07/01/2020,13:52:51,2.3,2.25,37200,2.35,62000,0,1500400
PFC30Jan20120CE.NFO,07/01/2020,13:52:59,2.3,2.25,37200,2.35,49600,0,1500400
PFC30Jan20120CE.NFO,07/01/2020,13:53:12,2.3,2.25,6200,2.3,6200,0,1500400
PFC30Jan20120CE.NFO,07/01/2020,13:53:21,2.3,2.25,12400,2.3,6200,0,1500400
PFC30Jan20120CE.NFO,07/01/2020,13:53:26,2.3,2.25,6200,2.3,6200,0,1500400
PFC30Jan20120CE.NFO,07/01/2020,13:53:37,2.3,2.2,31000,2.3,24800,0,1500400
PFC30Jan20120CE.NFO,07/01/2020,13:53:43,2.3,2.2,6200,2.25,18600,0,1500400
PFC30Jan20120CE.NFO,07/01/2020,13:53:51,2.3,2.1,43400,2.2,24800,0,1500400
PFC30Jan20120CE.NFO,07/01/2020,13:53:59,2.3,2.1,55800,2.2,18600,0,1500400
PFC30Jan20120CE.NFO,07/01/2020,13:54:12,2.3,2.1,43400,2.2,24800,0,1500400
PFC30Jan20120CE.NFO,07/01/2020,13:54:26,2.3,2.15,12400,2.25,31000,0,1500400
PFC30Jan20120CE.NFO,07/01/2020,13:54:36,2.3,2.15,18600,2.25,31000,0,1500400
PFC30Jan20120CE.NFO,07/01/2020,13:54:46,2.3,2.15,31000,2.25,24800,0,1500400
PFC30Jan20120CE.NFO,07/01/2020,13:55:00,2.3,2.15,43400,2.25,6200,0,1500400
PFC30Jan20120CE.NFO,07/01/2020,13:55:07,2.3,2.2,12400,2.3,24800,0,1500400
PFC30Jan20120CE.NFO,07/01/2020,13:55:15,2.3,2.2,12400,2.3,18600,0,1500400
PFC30Jan20120CE.NFO,07/01/2020,13:55:21,2.3,2.2,18600,2.3,18600,0,1500400
PFC30Jan20120CE.NFO,07/01/2020,13:55:41,2.3,2.2,6200,2.3,24800,0,1500400
PFC30Jan20120CE.NFO,07/01/2020,13:56:13,2.3,2.15,12400,2.25,31000,0,1500400
PFC30Jan20120CE.NFO,07/01/2020,13:56:17,2.3,2.15,43400,2.25,31000,0,1500400
PFC30Jan20120CE.NFO,07/01/2020,13:56:26,2.3,2.15,49600,2.25,31000,0,1500400
