Ticker,Date,Time,LTP,BuyPrice,BuyQty,SellPrice,SellQty,LTQ,OpenInterest
PIDILITIND30Jan201380CE.NFO,07/01/2020,09:38:20,53.35,49.8,5500,57.25,4500,500,3000
PIDILITIND30Jan201380CE.NFO,07/01/2020,09:38:20,53.35,49.8,5500,57.25,4500,0,3000
PIDILITIND30Jan201380CE.NFO,07/01/2020,09:38:20,53.35,49.8,5500,57.25,4500,0,3000
PIDILITIND30Jan201380CE.NFO,07/01/2020,09:38:20,53.35,49.8,5500,57.25,4500,0,3000
PIDILITIND30Jan201380CE.NFO,07/01/2020,09:38:21,53.35,49.8,5500,57.25,3500,0,3000
PIDILITIND30Jan201380CE.NFO,07/01/2020,09:38:24,53.35,49.8,5500,57.15,1000,0,3000
PIDILITIND30Jan201380CE.NFO,07/01/2020,09:38:25,53.35,50.2,3000,57.05,2500,0,3000
PIDILITIND30Jan201380CE.NFO,07/01/2020,09:38:26,53.35,50.25,4000,57.05,2500,0,3000
PIDILITIND30Jan201380CE.NFO,07/01/2020,09:38:27,53.35,50.4,6000,56.95,500,0,3000
PIDILITIND30Jan201380CE.NFO,07/01/2020,09:38:28,53.35,50.5,6000,56.75,500,0,3000
PIDILITIND30Jan201380CE.NFO,07/01/2020,09:38:29,53.35,50.5,9000,56.75,500,0,3000
PIDILITIND30Jan201380CE.NFO,07/01/2020,09:38:30,53.35,50.7,7000,56.65,500,0,3000
PIDILITIND30Jan201380CE.NFO,07/01/2020,09:38:31,53.35,50.7,7000,57.85,7000,0,3000
PIDILITIND30Jan201380CE.NFO,07/01/2020,09:38:32,53.35,50.8,5000,57.75,6500,0,3000
PIDILITIND30Jan201380CE.NFO,07/01/2020,09:38:33,53.35,50.8,5500,57.1,1500,0,3000
PIDILITIND30Jan201380CE.NFO,07/01/2020,09:38:34,53.35,50.8,5500,57.1,500,0,3000
PIDILITIND30Jan201380CE.NFO,07/01/2020,09:38:35,53.35,50.95,4000,57,500,0,3000
PIDILITIND30Jan201380CE.NFO,07/01/2020,09:38:36,53.35,50.9,2500,57.55,3500,0,3000
PIDILITIND30Jan201380CE.NFO,07/01/2020,09:38:37,53.35,50.9,2500,57.45,500,0,3000
PIDILITIND30Jan201380CE.NFO,07/01/2020,09:38:38,53.35,50.9,4500,57.4,500,0,3000
PIDILITIND30Jan201380CE.NFO,07/01/2020,09:38:39,53.35,50.9,3500,58.25,7500,0,3000
PIDILITIND30Jan201380CE.NFO,07/01/2020,09:38:40,53.35,50.9,2500,58.15,4000,0,3000
PIDILITIND30Jan201380CE.NFO,07/01/2020,09:38:41,53.35,50.9,3500,58.05,5000,0,3000
PIDILITIND30Jan201380CE.NFO,07/01/2020,09:38:42,53.35,51.45,1500,57.95,3500,0,3000
PIDILITIND30Jan201380CE.NFO,07/01/2020,09:38:43,53.35,51.35,2500,57.85,3500,0,3000
PIDILITIND30Jan201380CE.NFO,07/01/2020,09:38:44,53.35,51.1,3500,57.65,1500,0,3000
PIDILITIND30Jan201380CE.NFO,07/01/2020,09:38:45,53.35,51.1,8500,58.3,500,0,3000
PIDILITIND30Jan201380CE.NFO,07/01/2020,09:38:46,53.35,51.1,8500,56.25,500,0,3000
PIDILITIND30Jan201380CE.NFO,07/01/2020,09:38:47,53.35,51.1,8500,56.15,500,0,3000
PIDILITIND30Jan201380CE.NFO,07/01/2020,09:38:48,53.35,51.1,8500,56.2,500,0,3000
PIDILITIND30Jan201380CE.NFO,07/01/2020,09:38:49,53.35,51.1,8500,56.3,500,0,3000
PIDILITIND30Jan201380CE.NFO,07/01/2020,09:38:50,53.35,51.15,7500,56.2,500,0,3000
PIDILITIND30Jan201380CE.NFO,07/01/2020,09:38:51,53.35,51.95,1500,56.2,500,0,3000
PIDILITIND30Jan201380CE.NFO,07/01/2020,09:38:52,53.35,51.3,4500,56.25,500,0,3000
PIDILITIND30Jan201380CE.NFO,07/01/2020,09:38:53,53.35,51.3,4500,56.15,500,0,3000
PIDILITIND30Jan201380CE.NFO,07/01/2020,09:38:54,53.35,51.3,4500,55.85,500,0,3000
PIDILITIND30Jan201380CE.NFO,07/01/2020,09:38:55,53.35,51.3,2500,55.85,500,0,3000
PIDILITIND30Jan201380CE.NFO,07/01/2020,09:38:56,53.35,51.3,5500,56.2,500,0,3000
PIDILITIND30Jan201380CE.NFO,07/01/2020,09:38:57,53.35,51.3,6500,56.2,500,0,3000
PIDILITIND30Jan201380CE.NFO,07/01/2020,09:38:58,53.35,51.3,8500,56.45,500,0,3000
PIDILITIND30Jan201380CE.NFO,07/01/2020,09:38:59,53.35,51.3,7500,56.35,500,0,3000
PIDILITIND30Jan201380CE.NFO,07/01/2020,09:39:00,53.35,51.3,8500,56.55,500,0,3000
PIDILITIND30Jan201380CE.NFO,07/01/2020,09:39:01,53.35,52.35,1500,59.45,6000,0,3000
PIDILITIND30Jan201380CE.NFO,07/01/2020,09:39:02,53.35,52.3,1500,59.35,6000,0,3000
PIDILITIND30Jan201380CE.NFO,07/01/2020,09:39:03,53.35,53.1,1500,58.95,1500,0,3000
PIDILITIND30Jan201380CE.NFO,07/01/2020,09:39:04,53.35,52.15,3500,58.85,500,0,3000
PIDILITIND30Jan201380CE.NFO,07/01/2020,09:39:06,53.35,52.45,2500,60.45,10500,0,3000
PIDILITIND30Jan201380CE.NFO,07/01/2020,09:39:07,53.35,52.45,2500,60.35,8500,0,3000
PIDILITIND30Jan201380CE.NFO,07/01/2020,09:39:08,53.35,52.8,1500,59.85,8500,0,3000
PIDILITIND30Jan201380CE.NFO,07/01/2020,09:39:09,53.35,51.9,2500,58.8,500,0,3000
PIDILITIND30Jan201380CE.NFO,07/01/2020,09:39:10,53.35,51.95,3500,58.8,500,0,3000
PIDILITIND30Jan201380CE.NFO,07/01/2020,09:39:11,53.35,51.95,3500,58.75,500,0,3000
PIDILITIND30Jan201380CE.NFO,07/01/2020,09:39:12,53.35,52.5,1500,59.3,3500,0,3000
PIDILITIND30Jan201380CE.NFO,07/01/2020,09:39:13,53.35,52.3,2500,59.2,2500,0,3000
PIDILITIND30Jan201380CE.NFO,07/01/2020,09:39:14,53.35,52,2500,59,1500,0,3000
PIDILITIND30Jan201380CE.NFO,07/01/2020,09:39:15,53.35,52,2500,58.9,2500,0,3000
PIDILITIND30Jan201380CE.NFO,07/01/2020,09:39:17,53.35,52,3500,58.85,500,0,3000
PIDILITIND30Jan201380CE.NFO,07/01/2020,09:39:20,53.35,52,2500,58.85,500,0,3000
PIDILITIND30Jan201380CE.NFO,07/01/2020,09:39:21,53.35,52,2500,58.85,1500,0,3000
PIDILITIND30Jan201380CE.NFO,07/01/2020,09:39:22,53.35,52.05,2500,60.45,8000,0,3000
PIDILITIND30Jan201380CE.NFO,07/01/2020,09:39:25,53.35,52.1,1500,60.45,8000,0,3000
PIDILITIND30Jan201380CE.NFO,07/01/2020,09:39:26,53.35,51.9,1500,58.95,1500,0,3000
PIDILITIND30Jan201380CE.NFO,07/01/2020,09:39:27,53.35,51,6500,58.8,2500,0,3000
PIDILITIND30Jan201380CE.NFO,07/01/2020,09:39:28,53.35,51,7500,58.7,1500,0,3000
PIDILITIND30Jan201380CE.NFO,07/01/2020,09:39:29,53.35,51,7500,58.6,1500,0,3000
PIDILITIND30Jan201380CE.NFO,07/01/2020,09:39:30,53.35,51,7500,58.55,500,0,3000
PIDILITIND30Jan201380CE.NFO,07/01/2020,09:39:32,53.35,51,6500,58.55,3500,0,3000
PIDILITIND30Jan201380CE.NFO,07/01/2020,09:39:33,53.35,51,6500,58.45,2500,0,3000
PIDILITIND30Jan201380CE.NFO,07/01/2020,09:39:34,53.35,51,5500,58.45,2500,0,3000
PIDILITIND30Jan201380CE.NFO,07/01/2020,09:39:35,53.35,51.35,2500,58.45,3500,0,3000
PIDILITIND30Jan201380CE.NFO,07/01/2020,09:39:36,53.35,51.35,3500,58.4,2500,0,3000
PIDILITIND30Jan201380CE.NFO,07/01/2020,09:39:37,53.35,51.35,3500,58.35,500,0,3000
PIDILITIND30Jan201380CE.NFO,07/01/2020,09:39:38,53.35,51.35,4500,58.35,2500,0,3000
PIDILITIND30Jan201380CE.NFO,07/01/2020,09:39:39,53.35,51.35,3500,58.35,2500,0,3000
PIDILITIND30Jan201380CE.NFO,07/01/2020,09:39:40,53.35,51.35,3500,58.35,500,0,3000
PIDILITIND30Jan201380CE.NFO,07/01/2020,09:39:41,53.35,51.35,5500,59.15,6500,0,3000
PIDILITIND30Jan201380CE.NFO,07/01/2020,09:39:42,53.35,51.35,7500,59.05,2500,0,3000
PIDILITIND30Jan201380CE.NFO,07/01/2020,09:39:43,53.35,52.75,1500,59,1500,0,3000
PIDILITIND30Jan201380CE.NFO,07/01/2020,09:39:44,53.35,52.85,1500,58.9,500,0,3000
PIDILITIND30Jan201380CE.NFO,07/01/2020,09:39:45,53.35,52.05,4500,58.85,500,0,3000
PIDILITIND30Jan201380CE.NFO,07/01/2020,09:39:46,53.35,52.05,3500,58.75,1500,0,3000
PIDILITIND30Jan201380CE.NFO,07/01/2020,09:39:47,53.35,52.05,3500,58.65,500,0,3000
PIDILITIND30Jan201380CE.NFO,07/01/2020,09:39:48,53.35,52.3,2500,58.5,500,0,3000
PIDILITIND30Jan201380CE.NFO,07/01/2020,09:39:49,53.35,52.1,3500,58.5,500,0,3000
PIDILITIND30Jan201380CE.NFO,07/01/2020,09:39:50,53.35,52.15,2500,58.75,500,0,3000
PIDILITIND30Jan201380CE.NFO,07/01/2020,09:39:51,53.35,52.3,1500,58.75,500,0,3000
PIDILITIND30Jan201380CE.NFO,07/01/2020,09:39:52,53.35,52.3,2500,58.75,500,0,3000
PIDILITIND30Jan201380CE.NFO,07/01/2020,09:39:53,53.35,51.55,5500,60,4500,0,3000
PIDILITIND30Jan201380CE.NFO,07/01/2020,09:39:54,53.35,51.55,5500,60,6500,0,3000
PIDILITIND30Jan201380CE.NFO,07/01/2020,09:39:55,53.35,51.55,5500,59.9,7500,0,3000
PIDILITIND30Jan201380CE.NFO,07/01/2020,09:39:56,53.35,52.85,1500,59.8,9000,0,3000
PIDILITIND30Jan201380CE.NFO,07/01/2020,09:39:57,53.35,52,2500,59.6,5000,0,3000
PIDILITIND30Jan201380CE.NFO,07/01/2020,09:39:58,53.35,52.15,1500,59.4,5500,0,3000
PIDILITIND30Jan201380CE.NFO,07/01/2020,09:39:59,53.35,52.15,1500,59.3,4500,0,3000
PIDILITIND30Jan201380CE.NFO,07/01/2020,09:40:00,53.35,52.15,1500,59.25,3500,0,3000
PIDILITIND30Jan201380CE.NFO,07/01/2020,09:40:02,53.35,51.9,2500,59.25,4500,0,3000
PIDILITIND30Jan201380CE.NFO,07/01/2020,09:40:03,53.35,51.9,3500,59.25,4500,0,3000
PIDILITIND30Jan201380CE.NFO,07/01/2020,09:40:04,53.35,51.9,5500,59.25,3500,0,3000
PIDILITIND30Jan201380CE.NFO,07/01/2020,09:40:05,53.35,51.9,5500,59.25,2500,0,3000
PIDILITIND30Jan201380CE.NFO,07/01/2020,09:40:06,53.35,51.9,4500,59.25,2500,0,3000
PIDILITIND30Jan201380CE.NFO,07/01/2020,09:40:17,53.35,52.55,2500,59.25,2500,0,3000
PIDILITIND30Jan201380CE.NFO,07/01/2020,09:40:23,53.35,52.55,2500,59.25,3500,0,3000
PIDILITIND30Jan201380CE.NFO,07/01/2020,09:40:28,53.35,52.15,3500,59.25,3500,0,3000
PIDILITIND30Jan201380CE.NFO,07/01/2020,09:40:34,53.35,52.2,1000,59.25,2500,0,3000
PIDILITIND30Jan201380CE.NFO,07/01/2020,09:40:40,53.35,52.25,2500,59.25,2500,0,3000
PIDILITIND30Jan201380CE.NFO,07/01/2020,09:40:46,53.35,52.25,2500,59.25,4500,0,3000
PIDILITIND30Jan201380CE.NFO,07/01/2020,09:40:51,53.35,52.65,2500,60.55,500,0,3000
PIDILITIND30Jan201380CE.NFO,07/01/2020,09:40:56,53.35,52.65,2500,59.7,2000,0,3000
PIDILITIND30Jan201380CE.NFO,07/01/2020,09:41:02,53.35,51.15,7500,59.55,2500,0,3000
PIDILITIND30Jan201380CE.NFO,07/01/2020,09:41:07,53.35,53.65,5500,59.45,500,0,3000
PIDILITIND30Jan201380CE.NFO,07/01/2020,09:41:13,53.35,52.1,7500,59.45,500,0,3000
PIDILITIND30Jan201380CE.NFO,07/01/2020,09:41:18,53.35,52.4,7500,59.45,500,0,3000
PIDILITIND30Jan201380CE.NFO,07/01/2020,09:41:28,53.35,52.4,6500,59.45,500,0,3000
PIDILITIND30Jan201380CE.NFO,07/01/2020,09:41:38,53.35,52.4,5500,59.45,500,0,3000
PIDILITIND30Jan201380CE.NFO,07/01/2020,09:41:43,53.35,52.4,7500,59.4,1000,0,3000
PIDILITIND30Jan201380CE.NFO,07/01/2020,09:41:48,53.35,52.65,1500,59.35,1000,0,3000
PIDILITIND30Jan201380CE.NFO,07/01/2020,09:41:54,53.35,52.65,8500,58.9,500,0,3000
PIDILITIND30Jan201380CE.NFO,07/01/2020,09:42:02,53.35,52.95,4000,58.3,500,0,3000
PIDILITIND30Jan201380CE.NFO,07/01/2020,09:42:10,53.35,53,9500,57.7,500,0,3000
PIDILITIND30Jan201380CE.NFO,07/01/2020,09:42:17,53.35,53,8500,57.7,500,0,3000
PIDILITIND30Jan201380CE.NFO,07/01/2020,09:42:23,53.35,53,9500,57.9,500,0,3000
PIDILITIND30Jan201380CE.NFO,07/01/2020,09:42:30,53.35,54.55,3500,58.15,500,0,3000
PIDILITIND30Jan201380CE.NFO,07/01/2020,09:42:37,53.35,55,500,58.3,500,0,3000
PIDILITIND30Jan201380CE.NFO,07/01/2020,09:42:44,53.35,55,500,58.05,500,0,3000
PIDILITIND30Jan201380CE.NFO,07/01/2020,09:42:51,53.35,55,500,57.95,500,0,3000
PIDILITIND30Jan201380CE.NFO,07/01/2020,09:42:57,53.35,54,500,57.95,500,0,3000
PIDILITIND30Jan201380CE.NFO,07/01/2020,09:43:09,53.35,54.05,4000,58.15,500,0,3000
PIDILITIND30Jan201380CE.NFO,07/01/2020,09:43:13,53.35,54.6,4500,58.75,500,0,3000
PIDILITIND30Jan201380CE.NFO,07/01/2020,09:43:18,53.35,54.85,4500,58.75,500,0,3000
PIDILITIND30Jan201380CE.NFO,07/01/2020,09:43:23,53.35,55.55,3000,59.85,500,0,3000
PIDILITIND30Jan201380CE.NFO,07/01/2020,09:43:29,53.35,55.65,7500,60.15,500,0,3000
PIDILITIND30Jan201380CE.NFO,07/01/2020,09:43:34,53.35,55.7,8500,60.85,500,0,3000
PIDILITIND30Jan201380CE.NFO,07/01/2020,09:43:39,53.35,55.7,9500,61.1,500,0,3000
PIDILITIND30Jan201380CE.NFO,07/01/2020,09:43:44,53.35,56.9,3500,61.1,500,0,3000
PIDILITIND30Jan201380CE.NFO,07/01/2020,09:43:50,53.35,57.2,1000,61.15,500,0,3000
PIDILITIND30Jan201380CE.NFO,07/01/2020,09:43:55,53.35,57.1,3000,61.4,500,0,3000
PIDILITIND30Jan201380CE.NFO,07/01/2020,09:44:00,53.35,57.2,4000,61.55,500,0,3000
PIDILITIND30Jan201380CE.NFO,07/01/2020,09:44:06,53.35,57.2,2000,61.55,500,0,3000
PIDILITIND30Jan201380CE.NFO,07/01/2020,09:44:12,53.35,56.25,4500,61.55,500,0,3000
PIDILITIND30Jan201380CE.NFO,07/01/2020,09:44:18,53.35,56.45,7500,61.45,500,0,3000
PIDILITIND30Jan201380CE.NFO,07/01/2020,09:44:24,53.35,56.45,3000,61.45,500,0,3000
PIDILITIND30Jan201380CE.NFO,07/01/2020,09:44:29,53.35,54.7,8000,61.45,500,0,3000
PIDILITIND30Jan201380CE.NFO,07/01/2020,09:44:38,53.35,54.75,9500,61.45,500,0,3000
PIDILITIND30Jan201380CE.NFO,07/01/2020,09:45:18,53.35,54.75,10500,61.45,500,0,3000
PIDILITIND30Jan201380CE.NFO,07/01/2020,09:45:24,53.35,57.55,5000,61.45,500,0,3000
PIDILITIND30Jan201380CE.NFO,07/01/2020,09:45:31,53.35,56.25,8500,61.45,500,0,3000
PIDILITIND30Jan201380CE.NFO,07/01/2020,09:45:36,53.35,56.25,9500,61.45,500,0,3000
PIDILITIND30Jan201380CE.NFO,07/01/2020,09:45:41,53.35,56.9,3000,61.45,500,0,3000
PIDILITIND30Jan201380CE.NFO,07/01/2020,09:45:47,53.35,56.95,4000,61.45,500,0,3000
PIDILITIND30Jan201380CE.NFO,07/01/2020,09:45:52,53.35,56.95,6000,61.45,500,0,3000
PIDILITIND30Jan201380CE.NFO,07/01/2020,09:45:58,53.35,57,9500,61.45,500,0,3000
PIDILITIND30Jan201380CE.NFO,07/01/2020,09:46:04,53.35,57,10500,62.2,500,0,3000
PIDILITIND30Jan201380CE.NFO,07/01/2020,09:46:09,53.35,57,10500,62.4,500,0,3000
PIDILITIND30Jan201380CE.NFO,07/01/2020,09:46:14,53.35,57,10500,62.65,500,0,3000
PIDILITIND30Jan201380CE.NFO,07/01/2020,09:46:30,53.35,59.1,2000,62.65,500,0,3000
PIDILITIND30Jan201380CE.NFO,07/01/2020,09:46:36,53.35,59.7,1000,62.65,500,0,3000
PIDILITIND30Jan201380CE.NFO,07/01/2020,09:46:42,53.35,59.4,4000,62.9,500,0,3000
PIDILITIND30Jan201380CE.NFO,07/01/2020,09:46:48,53.35,59.45,4500,63.2,500,0,3000
PIDILITIND30Jan201380CE.NFO,07/01/2020,09:46:53,53.35,59.45,3000,63.2,500,0,3000
PIDILITIND30Jan201380CE.NFO,07/01/2020,09:46:58,53.35,57.9,10500,67.6,2500,0,3000
PIDILITIND30Jan201380CE.NFO,07/01/2020,09:47:08,53.35,58.25,7500,69.15,1000,0,3000
PIDILITIND30Jan201380CE.NFO,07/01/2020,09:47:13,53.35,62.05,1500,71.3,3000,0,3000
PIDILITIND30Jan201380CE.NFO,07/01/2020,09:47:18,53.35,61.1,2500,71.3,2500,0,3000
PIDILITIND30Jan201380CE.NFO,07/01/2020,09:47:23,53.35,60.1,4500,71.3,2500,0,3000
PIDILITIND30Jan201380CE.NFO,07/01/2020,09:47:28,53.35,58.85,6500,71.25,4000,0,3000
PIDILITIND30Jan201380CE.NFO,07/01/2020,09:47:32,53.35,59.6,7500,71.25,4000,0,3000
PIDILITIND30Jan201380CE.NFO,07/01/2020,09:47:36,53.35,61.75,4500,71.25,4000,0,3000
PIDILITIND30Jan201380CE.NFO,07/01/2020,09:47:41,53.35,62.7,4500,71.25,2500,0,3000
PIDILITIND30Jan201380CE.NFO,07/01/2020,09:47:50,53.35,61.5,1500,71.25,1000,0,3000
PIDILITIND30Jan201380CE.NFO,07/01/2020,09:47:54,53.35,63,5500,71.25,1000,0,3000
PIDILITIND30Jan201380CE.NFO,07/01/2020,09:47:59,53.35,61.15,8500,71.15,3500,0,3000
PIDILITIND30Jan201380CE.NFO,07/01/2020,09:48:04,53.35,63.55,3500,71.15,2500,0,3000
PIDILITIND30Jan201380CE.NFO,07/01/2020,09:48:09,53.35,63.55,5000,71.2,500,0,3000
PIDILITIND30Jan201380CE.NFO,07/01/2020,09:48:11,53.35,63.6,1500,71.2,500,0,3000
PIDILITIND30Jan201380CE.NFO,07/01/2020,09:48:13,53.35,63.6,1500,71.2,1000,0,3000
PIDILITIND30Jan201380CE.NFO,07/01/2020,09:48:14,53.35,63.55,7000,71.2,1000,0,3000
PIDILITIND30Jan201380CE.NFO,07/01/2020,09:48:15,53.35,63.6,1500,71.2,500,0,3000
PIDILITIND30Jan201380CE.NFO,07/01/2020,09:48:18,53.35,63.6,1500,71,2500,0,3000
PIDILITIND30Jan201380CE.NFO,07/01/2020,09:48:19,53.35,63.6,1500,70.9,2500,0,3000
PIDILITIND30Jan201380CE.NFO,07/01/2020,09:48:21,53.35,63.55,3000,70.8,3500,0,3000
PIDILITIND30Jan201380CE.NFO,07/01/2020,09:48:21,53.35,62.1,4500,70.8,3500,0,3000
PIDILITIND30Jan201380CE.NFO,07/01/2020,09:48:22,53.35,62.1,8500,70.8,3500,0,3000
PIDILITIND30Jan201380CE.NFO,07/01/2020,09:48:24,53.35,62.1,8500,70.8,2500,0,3000
PIDILITIND30Jan201380CE.NFO,07/01/2020,09:48:25,53.35,62.1,8500,72.55,4000,0,3000
PIDILITIND30Jan201380CE.NFO,07/01/2020,09:48:26,53.35,62.1,8500,73.95,4000,0,3000
PIDILITIND30Jan201380CE.NFO,07/01/2020,09:48:28,53.35,62.1,7000,73.95,3000,0,3000
PIDILITIND30Jan201380CE.NFO,07/01/2020,09:48:29,53.35,62.15,3500,73.95,4000,0,3000
PIDILITIND30Jan201380CE.NFO,07/01/2020,09:48:29,53.35,62.15,5500,73.95,4000,0,3000
PIDILITIND30Jan201380CE.NFO,07/01/2020,09:48:30,53.35,62.15,8500,73.95,4000,0,3000
PIDILITIND30Jan201380CE.NFO,07/01/2020,09:48:31,53.35,62.15,7000,73.95,2500,0,3000
PIDILITIND30Jan201380CE.NFO,07/01/2020,09:48:33,53.35,62.2,7000,73.85,3500,0,3000
PIDILITIND30Jan201380CE.NFO,07/01/2020,09:48:35,53.35,62.3,1500,73.95,5000,0,3000
PIDILITIND30Jan201380CE.NFO,07/01/2020,09:48:36,53.35,63.65,1500,73.95,5000,0,3000
PIDILITIND30Jan201380CE.NFO,07/01/2020,09:48:37,53.35,61.2,8000,73.95,3500,0,3000
PIDILITIND30Jan201380CE.NFO,07/01/2020,09:48:39,53.35,61.25,9500,73.95,2500,0,3000
PIDILITIND30Jan201380CE.NFO,07/01/2020,09:48:40,53.35,61.25,8500,73.95,2500,0,3000
PIDILITIND30Jan201380CE.NFO,07/01/2020,09:48:40,53.35,61.25,8500,73.85,3500,0,3000
PIDILITIND30Jan201380CE.NFO,07/01/2020,09:48:42,53.35,63.25,8500,73.85,2500,0,3000
PIDILITIND30Jan201380CE.NFO,07/01/2020,09:48:43,53.35,63.25,7500,73.85,2500,0,3000
PIDILITIND30Jan201380CE.NFO,07/01/2020,09:48:44,53.35,63.25,7500,78.65,2500,0,3000
PIDILITIND30Jan201380CE.NFO,07/01/2020,09:48:44,53.35,63.25,7500,79.05,2500,0,3000
PIDILITIND30Jan201380CE.NFO,07/01/2020,09:48:46,53.35,63.25,7500,69.85,500,0,3000
PIDILITIND30Jan201380CE.NFO,07/01/2020,09:48:46,53.35,63.45,5000,69.95,500,0,3000
PIDILITIND30Jan201380CE.NFO,07/01/2020,09:48:47,53.35,63.5,7500,69.95,500,0,3000
PIDILITIND30Jan201380CE.NFO,07/01/2020,09:48:48,53.35,63.5,7500,69.4,500,0,3000
PIDILITIND30Jan201380CE.NFO,07/01/2020,09:48:49,53.35,63.5,7500,69.3,500,0,3000
PIDILITIND30Jan201380CE.NFO,07/01/2020,09:48:50,53.35,63.5,7500,69.85,500,0,3000
PIDILITIND30Jan201380CE.NFO,07/01/2020,09:48:51,53.35,63.5,6500,69.2,500,0,3000
PIDILITIND30Jan201380CE.NFO,07/01/2020,09:48:54,53.35,63.5,6500,69.45,500,0,3000
PIDILITIND30Jan201380CE.NFO,07/01/2020,09:48:55,53.35,63.5,6500,69.65,500,0,3000
PIDILITIND30Jan201380CE.NFO,07/01/2020,09:48:55,53.35,63.5,6500,69.95,500,0,3000
PIDILITIND30Jan201380CE.NFO,07/01/2020,09:48:56,53.35,63.5,6500,69.25,500,0,3000
PIDILITIND30Jan201380CE.NFO,07/01/2020,09:48:57,53.35,63.5,6500,0,0,0,3000
PIDILITIND30Jan201380CE.NFO,07/01/2020,09:48:59,53.35,63.5,7500,0,0,0,3000
PIDILITIND30Jan201380CE.NFO,07/01/2020,09:49:00,53.35,63.5,7500,69.35,500,0,3000
PIDILITIND30Jan201380CE.NFO,07/01/2020,09:49:01,53.35,63.5,7500,69.6,500,0,3000
PIDILITIND30Jan201380CE.NFO,07/01/2020,09:49:02,53.35,63.5,7500,69.65,500,0,3000
PIDILITIND30Jan201380CE.NFO,07/01/2020,09:49:03,53.35,63.5,7500,69.85,500,0,3000
PIDILITIND30Jan201380CE.NFO,07/01/2020,09:49:04,53.35,63.5,7500,69.9,500,0,3000
PIDILITIND30Jan201380CE.NFO,07/01/2020,09:49:05,53.35,63.5,7500,70.2,500,0,3000
PIDILITIND30Jan201380CE.NFO,07/01/2020,09:49:06,53.35,63.5,7500,70.3,500,0,3000
PIDILITIND30Jan201380CE.NFO,07/01/2020,09:49:07,53.35,63.5,7500,70.1,500,0,3000
PIDILITIND30Jan201380CE.NFO,07/01/2020,09:49:08,53.35,63.5,7500,70.8,500,0,3000
PIDILITIND30Jan201380CE.NFO,07/01/2020,09:49:09,53.35,63.6,3000,0,0,0,3000
PIDILITIND30Jan201380CE.NFO,07/01/2020,09:49:17,53.35,63.6,3500,70.8,500,0,3000
PIDILITIND30Jan201380CE.NFO,07/01/2020,09:49:22,53.35,63.6,1500,70.9,500,0,3000
PIDILITIND30Jan201380CE.NFO,07/01/2020,09:49:34,53.35,63.6,1500,70.65,500,0,3000
PIDILITIND30Jan201380CE.NFO,07/01/2020,09:49:39,53.35,63.6,1500,70.55,500,0,3000
PIDILITIND30Jan201380CE.NFO,07/01/2020,09:50:25,53.35,63.55,6000,70.55,500,0,3000
PIDILITIND30Jan201380CE.NFO,07/01/2020,09:50:29,53.35,63.6,1500,70.55,500,0,3000
PIDILITIND30Jan201380CE.NFO,07/01/2020,09:50:57,53.35,63.55,6000,70.55,500,0,3000
PIDILITIND30Jan201380CE.NFO,07/01/2020,09:51:02,53.35,63.55,2000,70.55,500,0,3000
PIDILITIND30Jan201380CE.NFO,07/01/2020,09:51:17,53.35,63.55,1000,70.55,500,0,3000
PIDILITIND30Jan201380CE.NFO,07/01/2020,09:51:21,53.35,63.55,2000,70.55,500,0,3000
PIDILITIND30Jan201380CE.NFO,07/01/2020,09:51:25,53.35,63.55,1000,70.55,500,0,3000
PIDILITIND30Jan201380CE.NFO,07/01/2020,09:51:33,53.35,62.25,1000,70.55,500,0,3000
PIDILITIND30Jan201380CE.NFO,07/01/2020,09:51:38,53.35,62.25,1000,65.9,500,0,3000
PIDILITIND30Jan201380CE.NFO,07/01/2020,09:51:43,53.35,62.25,3000,66.6,500,0,3000
PIDILITIND30Jan201380CE.NFO,07/01/2020,09:51:47,53.35,62.3,1000,65.85,500,0,3000
PIDILITIND30Jan201380CE.NFO,07/01/2020,09:51:52,53.35,61.4,10000,66.4,500,0,3000
PIDILITIND30Jan201380CE.NFO,07/01/2020,09:51:58,53.35,62.5,1000,66.4,500,0,3000
PIDILITIND30Jan201380CE.NFO,07/01/2020,09:52:02,53.35,61.9,3500,66.4,500,0,3000
PIDILITIND30Jan201380CE.NFO,07/01/2020,09:52:07,53.35,62,4500,66.45,500,0,3000
PIDILITIND30Jan201380CE.NFO,07/01/2020,09:52:12,53.35,62,7500,65.7,500,0,3000
PIDILITIND30Jan201380CE.NFO,07/01/2020,09:52:17,53.35,62.1,3500,65.45,500,0,3000
PIDILITIND30Jan201380CE.NFO,07/01/2020,09:52:22,53.35,62.2,2500,65.4,500,0,3000
PIDILITIND30Jan201380CE.NFO,07/01/2020,09:52:28,53.35,62.2,2500,65.25,500,0,3000
PIDILITIND30Jan201380CE.NFO,07/01/2020,09:52:33,53.35,62.25,1000,65.25,500,0,3000
PIDILITIND30Jan201380CE.NFO,07/01/2020,09:52:47,53.35,62.25,1000,65.7,500,0,3000
PIDILITIND30Jan201380CE.NFO,07/01/2020,09:52:56,53.35,62.3,5500,66.2,500,0,3000
PIDILITIND30Jan201380CE.NFO,07/01/2020,09:53:01,53.35,62.75,2500,66.5,500,0,3000
PIDILITIND30Jan201380CE.NFO,07/01/2020,09:53:07,53.35,62.75,1000,66.5,1000,0,3000
PIDILITIND30Jan201380CE.NFO,07/01/2020,09:53:14,53.35,62.3,1000,66.5,1000,0,3000
PIDILITIND30Jan201380CE.NFO,07/01/2020,09:53:24,53.35,62.6,2500,66.5,1000,0,3000
PIDILITIND30Jan201380CE.NFO,07/01/2020,09:53:29,53.35,62.8,2500,66.5,1000,0,3000
PIDILITIND30Jan201380CE.NFO,07/01/2020,09:53:33,53.35,62.8,1000,66.5,1000,0,3000
PIDILITIND30Jan201380CE.NFO,07/01/2020,09:53:38,53.35,61.1,10500,66.5,1000,0,3000
PIDILITIND30Jan201380CE.NFO,07/01/2020,09:53:49,53.35,61.1,2000,66.25,500,0,3000
PIDILITIND30Jan201380CE.NFO,07/01/2020,09:53:53,53.35,61.1,1000,65.8,500,0,3000
PIDILITIND30Jan201380CE.NFO,07/01/2020,09:53:59,53.35,61.25,2000,65.35,500,0,3000
PIDILITIND30Jan201380CE.NFO,07/01/2020,09:54:04,53.35,61.25,2000,65.3,1000,0,3000
PIDILITIND30Jan201380CE.NFO,07/01/2020,09:54:15,53.35,61.25,1000,64.85,500,0,3000
PIDILITIND30Jan201380CE.NFO,07/01/2020,09:54:20,53.35,61.25,1000,64.8,500,0,3000
PIDILITIND30Jan201380CE.NFO,07/01/2020,09:54:25,53.35,61.25,1000,65.15,1000,0,3000
PIDILITIND30Jan201380CE.NFO,07/01/2020,09:54:31,53.35,61.25,1000,65.15,500,0,3000
PIDILITIND30Jan201380CE.NFO,07/01/2020,09:54:35,53.35,61.3,2500,65.15,500,0,3000
PIDILITIND30Jan201380CE.NFO,07/01/2020,09:54:40,53.35,61.5,1500,65,500,0,3000
PIDILITIND30Jan201380CE.NFO,07/01/2020,09:54:45,53.35,61.5,1000,64.95,500,0,3000
PIDILITIND30Jan201380CE.NFO,07/01/2020,09:54:55,53.35,61.5,1000,65,500,0,3000
PIDILITIND30Jan201380CE.NFO,07/01/2020,09:55:06,53.35,61.65,1500,65,500,0,3000
PIDILITIND30Jan201380CE.NFO,07/01/2020,09:55:12,53.35,61.7,1500,65.25,500,0,3000
PIDILITIND30Jan201380CE.NFO,07/01/2020,09:55:18,53.35,61.7,1000,65.2,500,0,3000
PIDILITIND30Jan201380CE.NFO,07/01/2020,09:56:01,53.35,60.25,2500,65.2,500,0,3000
PIDILITIND30Jan201380CE.NFO,07/01/2020,09:56:06,53.35,60.55,1000,65.2,500,0,3000
PIDILITIND30Jan201380CE.NFO,07/01/2020,09:56:12,53.35,60.85,1000,65.2,500,0,3000
PIDILITIND30Jan201380CE.NFO,07/01/2020,09:56:26,53.35,59.55,5000,65.2,500,0,3000
PIDILITIND30Jan201380CE.NFO,07/01/2020,09:56:32,53.35,59.95,5500,65.2,500,0,3000
PIDILITIND30Jan201380CE.NFO,07/01/2020,09:56:38,53.35,60.4,1500,65.2,500,0,3000
PIDILITIND30Jan201380CE.NFO,07/01/2020,09:56:51,53.35,60.4,1000,65.2,500,0,3000
PIDILITIND30Jan201380CE.NFO,07/01/2020,09:56:55,53.35,60.6,1500,65.2,500,0,3000
PIDILITIND30Jan201380CE.NFO,07/01/2020,09:57:00,53.35,60.6,1000,65.2,500,0,3000
PIDILITIND30Jan201380CE.NFO,07/01/2020,09:57:09,53.35,60.65,1000,65.2,500,0,3000
PIDILITIND30Jan201380CE.NFO,07/01/2020,09:57:14,53.35,60.7,1500,65.2,500,0,3000
PIDILITIND30Jan201380CE.NFO,07/01/2020,09:57:26,53.35,60.75,1000,65.2,500,0,3000
PIDILITIND30Jan201380CE.NFO,07/01/2020,09:57:31,53.35,60.8,1000,65.2,500,0,3000
PIDILITIND30Jan201380CE.NFO,07/01/2020,09:57:53,53.35,59.3,1000,63,500,0,3000
PIDILITIND30Jan201380CE.NFO,07/01/2020,09:57:57,53.35,59.4,5000,63.8,500,0,3000
PIDILITIND30Jan201380CE.NFO,07/01/2020,09:58:03,53.35,59.5,4000,63.85,500,0,3000
PIDILITIND30Jan201380CE.NFO,07/01/2020,09:58:08,53.35,59.5,8000,63.85,500,0,3000
PIDILITIND30Jan201380CE.NFO,07/01/2020,09:58:14,53.35,60.1,4000,64.05,500,0,3000
PIDILITIND30Jan201380CE.NFO,07/01/2020,09:58:19,53.35,60.15,1000,64,500,0,3000
PIDILITIND30Jan201380CE.NFO,07/01/2020,09:58:24,53.35,60.15,4000,64.05,500,0,3000
PIDILITIND30Jan201380CE.NFO,07/01/2020,09:58:38,53.35,60.3,7000,64.8,500,0,3000
PIDILITIND30Jan201380CE.NFO,07/01/2020,09:58:42,53.35,60.45,6000,64.85,500,0,3000
PIDILITIND30Jan201380CE.NFO,07/01/2020,09:58:47,53.35,60.45,5000,64.85,500,0,3000
PIDILITIND30Jan201380CE.NFO,07/01/2020,09:58:53,53.35,60.45,4000,64.85,500,0,3000
PIDILITIND30Jan201380CE.NFO,07/01/2020,09:59:33,53.35,60.45,3000,64.85,500,0,3000
PIDILITIND30Jan201380CE.NFO,07/01/2020,09:59:47,53.35,60.45,1000,64.85,500,0,3000
PIDILITIND30Jan201380CE.NFO,07/01/2020,09:59:51,53.35,60.45,3000,64.85,500,0,3000
PIDILITIND30Jan201380CE.NFO,07/01/2020,09:59:55,53.35,60.5,3000,64.85,500,0,3000
PIDILITIND30Jan201380CE.NFO,07/01/2020,10:00:08,53.35,60.5,2000,64.85,500,0,3000
PIDILITIND30Jan201380CE.NFO,07/01/2020,10:00:15,53.35,60.5,3000,64.85,500,0,3000
PIDILITIND30Jan201380CE.NFO,07/01/2020,10:00:31,53.35,60.6,1000,64.85,500,0,3000
PIDILITIND30Jan201380CE.NFO,07/01/2020,10:00:46,53.35,59.6,1000,64.85,500,0,3000
PIDILITIND30Jan201380CE.NFO,07/01/2020,10:00:53,53.35,60.1,1000,64.85,500,0,3000
PIDILITIND30Jan201380CE.NFO,07/01/2020,10:00:59,53.35,60.2,1500,64.85,500,0,3000
PIDILITIND30Jan201380CE.NFO,07/01/2020,10:01:05,53.35,59.15,6000,63.4,1500,0,3000
PIDILITIND30Jan201380CE.NFO,07/01/2020,10:01:11,53.35,59.4,1500,63.3,1000,0,3000
PIDILITIND30Jan201380CE.NFO,07/01/2020,10:01:18,53.35,59.4,1000,63.25,2000,0,3000
PIDILITIND30Jan201380CE.NFO,07/01/2020,10:01:25,53.35,59.4,1000,63.05,500,0,3000
PIDILITIND30Jan201380CE.NFO,07/01/2020,10:01:36,53.35,59.45,1000,63.1,500,0,3000
PIDILITIND30Jan201380CE.NFO,07/01/2020,10:01:41,53.35,58.8,2000,62.8,500,0,3000
PIDILITIND30Jan201380CE.NFO,07/01/2020,10:01:47,53.35,58.8,1000,62.55,1000,0,3000
PIDILITIND30Jan201380CE.NFO,07/01/2020,10:01:54,53.35,58.95,1000,62.85,500,0,3000
PIDILITIND30Jan201380CE.NFO,07/01/2020,10:01:59,53.35,59,1000,62.85,1000,0,3000
PIDILITIND30Jan201380CE.NFO,07/01/2020,10:02:05,53.35,59,1000,63.1,500,0,3000
PIDILITIND30Jan201380CE.NFO,07/01/2020,10:02:10,53.35,59,1000,62.65,500,0,3000
PIDILITIND30Jan201380CE.NFO,07/01/2020,10:02:16,53.35,59,1000,62.35,500,0,3000
PIDILITIND30Jan201380CE.NFO,07/01/2020,10:02:20,53.35,59,1000,62.15,500,0,3000
PIDILITIND30Jan201380CE.NFO,07/01/2020,10:02:25,53.35,59,1000,62,500,0,3000
PIDILITIND30Jan201380CE.NFO,07/01/2020,10:02:30,53.35,57.75,2000,61.95,500,0,3000
PIDILITIND30Jan201380CE.NFO,07/01/2020,10:02:35,53.35,58,2000,62.05,1500,0,3000
PIDILITIND30Jan201380CE.NFO,07/01/2020,10:02:41,53.35,58,2000,61.85,500,0,3000
PIDILITIND30Jan201380CE.NFO,07/01/2020,10:02:45,53.35,58,3000,61.8,1500,0,3000
PIDILITIND30Jan201380CE.NFO,07/01/2020,10:02:50,53.35,58,2000,61.8,1500,0,3000
PIDILITIND30Jan201380CE.NFO,07/01/2020,10:02:56,53.35,58,3000,62.2,1500,0,3000
PIDILITIND30Jan201380CE.NFO,07/01/2020,10:03:01,53.35,58.05,3500,62.2,500,0,3000
PIDILITIND30Jan201380CE.NFO,07/01/2020,10:03:07,53.35,58.45,2000,62.4,1500,0,3000
PIDILITIND30Jan201380CE.NFO,07/01/2020,10:03:13,53.35,58.45,2000,62,500,0,3000
PIDILITIND30Jan201380CE.NFO,07/01/2020,10:03:19,53.35,58.6,1000,62.75,1500,0,3000
PIDILITIND30Jan201380CE.NFO,07/01/2020,10:03:25,53.35,58.95,2000,62.75,1500,0,3000
PIDILITIND30Jan201380CE.NFO,07/01/2020,10:03:30,53.35,58.95,2000,62.2,1500,0,3000
PIDILITIND30Jan201380CE.NFO,07/01/2020,10:03:35,53.35,58.95,1000,61.95,500,0,3000
PIDILITIND30Jan201380CE.NFO,07/01/2020,10:03:40,53.35,58.95,2000,62.1,500,0,3000
PIDILITIND30Jan201380CE.NFO,07/01/2020,10:03:45,53.35,58.95,1000,62,1000,0,3000
PIDILITIND30Jan201380CE.NFO,07/01/2020,10:03:57,53.35,58.95,2000,62,500,0,3000
PIDILITIND30Jan201380CE.NFO,07/01/2020,10:04:02,53.35,58.95,2000,61.9,500,0,3000
PIDILITIND30Jan201380CE.NFO,07/01/2020,10:04:08,53.35,59.05,4000,62.35,500,0,3000
PIDILITIND30Jan201380CE.NFO,07/01/2020,10:04:13,53.35,59.05,2000,62.4,1000,0,3000
PIDILITIND30Jan201380CE.NFO,07/01/2020,10:04:18,53.35,59.05,2000,62.15,500,0,3000
PIDILITIND30Jan201380CE.NFO,07/01/2020,10:04:23,53.35,59.05,2000,62.35,500,0,3000
PIDILITIND30Jan201380CE.NFO,07/01/2020,10:04:28,53.35,59.05,2000,62.1,500,0,3000
PIDILITIND30Jan201380CE.NFO,07/01/2020,10:04:33,53.35,59.05,2000,62,500,0,3000
PIDILITIND30Jan201380CE.NFO,07/01/2020,10:04:39,62,59.05,2000,62.25,500,500,3000
PIDILITIND30Jan201380CE.NFO,07/01/2020,10:04:39,62,59.05,2000,62.25,500,0,3000
PIDILITIND30Jan201380CE.NFO,07/01/2020,10:04:44,62,59.05,1000,62.25,1500,0,3000
PIDILITIND30Jan201380CE.NFO,07/01/2020,10:05:05,62,59.05,1000,62.25,1000,0,3000
PIDILITIND30Jan201380CE.NFO,07/01/2020,10:05:11,62,59.05,1000,62.25,1500,0,3000
PIDILITIND30Jan201380CE.NFO,07/01/2020,10:05:16,62,59.05,1000,61.95,1500,0,3000
PIDILITIND30Jan201380CE.NFO,07/01/2020,10:05:20,62,59.05,1000,61.55,500,0,3000
PIDILITIND30Jan201380CE.NFO,07/01/2020,10:05:24,62,59.05,1000,61.3,500,0,3000
PIDILITIND30Jan201380CE.NFO,07/01/2020,10:05:29,62,57.75,2000,61,500,0,3000
PIDILITIND30Jan201380CE.NFO,07/01/2020,10:05:36,62,57.75,1000,62.2,1500,0,3000
PIDILITIND30Jan201380CE.NFO,07/01/2020,10:05:43,62,57.75,2000,61.5,500,0,3000
PIDILITIND30Jan201380CE.NFO,07/01/2020,10:05:49,62,57.75,2000,60.95,500,0,3000
PIDILITIND30Jan201380CE.NFO,07/01/2020,10:05:55,62,57.75,1000,60.35,500,0,3000
PIDILITIND30Jan201380CE.NFO,07/01/2020,10:06:00,62,57.75,1000,61.9,1500,0,3000
PIDILITIND30Jan201380CE.NFO,07/01/2020,10:06:06,62,57.75,1000,61.3,1500,0,3000
PIDILITIND30Jan201380CE.NFO,07/01/2020,10:06:12,62,57.75,1000,60.6,1500,0,3000
PIDILITIND30Jan201380CE.NFO,07/01/2020,10:06:18,62,57.75,1000,60.35,1500,0,3000
PIDILITIND30Jan201380CE.NFO,07/01/2020,10:06:24,62,57.75,1000,62.4,1000,0,3000
PIDILITIND30Jan201380CE.NFO,07/01/2020,10:06:30,62,57.75,1000,62.35,1500,0,3000
PIDILITIND30Jan201380CE.NFO,07/01/2020,10:07:28,62,57.8,1000,62.15,500,0,3000
PIDILITIND30Jan201380CE.NFO,07/01/2020,10:07:34,62,56.5,1000,61.45,3000,0,3000
PIDILITIND30Jan201380CE.NFO,07/01/2020,10:07:40,62,56.5,1000,61.15,1500,0,3000
PIDILITIND30Jan201380CE.NFO,07/01/2020,10:07:46,62,56.5,1000,60.95,1500,0,3000
PIDILITIND30Jan201380CE.NFO,07/01/2020,10:07:58,62,56.5,1000,60.9,2000,0,3000
PIDILITIND30Jan201380CE.NFO,07/01/2020,10:08:03,62,56.5,1000,60.75,2000,0,3000
PIDILITIND30Jan201380CE.NFO,07/01/2020,10:08:12,62,56.5,1000,62.9,1000,0,3000
PIDILITIND30Jan201380CE.NFO,07/01/2020,10:08:18,62,56.5,1000,62.6,500,0,3000
PIDILITIND30Jan201380CE.NFO,07/01/2020,10:08:24,62,56.5,1000,62.9,1500,0,3000
PIDILITIND30Jan201380CE.NFO,07/01/2020,10:08:30,62,56.8,1000,63.85,4500,0,3000
PIDILITIND30Jan201380CE.NFO,07/01/2020,10:08:36,62,56.85,1000,62.9,500,0,3000
PIDILITIND30Jan201380CE.NFO,07/01/2020,10:08:43,62,56.85,1000,63.15,2500,0,3000
PIDILITIND30Jan201380CE.NFO,07/01/2020,10:08:49,62,56.85,1000,63.3,6500,0,3000
PIDILITIND30Jan201380CE.NFO,07/01/2020,10:08:55,62,56.85,1000,62.75,500,0,3000
PIDILITIND30Jan201380CE.NFO,07/01/2020,10:09:00,62,56.55,2500,63.5,4500,0,3000
PIDILITIND30Jan201380CE.NFO,07/01/2020,10:09:06,62,56.6,1000,62.9,1500,0,3000
PIDILITIND30Jan201380CE.NFO,07/01/2020,10:09:11,62,56.65,1500,64.5,9500,0,3000
PIDILITIND30Jan201380CE.NFO,07/01/2020,10:09:12,62,56.8,1000,64.3,8500,0,3000
PIDILITIND30Jan201380CE.NFO,07/01/2020,10:09:12,62,56.8,2000,64.3,8500,0,3000
PIDILITIND30Jan201380CE.NFO,07/01/2020,10:09:14,62,56.8,2000,64.1,3500,0,3000
PIDILITIND30Jan201380CE.NFO,07/01/2020,10:09:15,62,56.8,2000,64.05,1000,0,3000
PIDILITIND30Jan201380CE.NFO,07/01/2020,10:09:16,62,56.85,1500,63.9,5500,0,3000
PIDILITIND30Jan201380CE.NFO,07/01/2020,10:09:17,62,57,1000,63.05,1500,0,3000
PIDILITIND30Jan201380CE.NFO,07/01/2020,10:09:18,62,57,1000,62.95,1500,0,3000
PIDILITIND30Jan201380CE.NFO,07/01/2020,10:09:19,62,57,1000,62.7,1500,0,3000
PIDILITIND30Jan201380CE.NFO,07/01/2020,10:09:19,62,57,1000,62.65,1000,0,3000
PIDILITIND30Jan201380CE.NFO,07/01/2020,10:09:20,62,57,1000,62.55,1000,0,3000
PIDILITIND30Jan201380CE.NFO,07/01/2020,10:09:21,62,57,1000,62.45,1000,0,3000
PIDILITIND30Jan201380CE.NFO,07/01/2020,10:09:23,62,57,1000,63.55,3000,0,3000
PIDILITIND30Jan201380CE.NFO,07/01/2020,10:09:25,62,57.05,1000,63.55,4000,0,3000
PIDILITIND30Jan201380CE.NFO,07/01/2020,10:09:26,62,57.05,1000,63.4,1500,0,3000
PIDILITIND30Jan201380CE.NFO,07/01/2020,10:09:28,62,57.05,1000,63,1500,0,3000
PIDILITIND30Jan201380CE.NFO,07/01/2020,10:09:28,62,57.05,1000,63.15,1500,0,3000
PIDILITIND30Jan201380CE.NFO,07/01/2020,10:09:29,62,57.05,1000,63.05,1500,0,3000
PIDILITIND30Jan201380CE.NFO,07/01/2020,10:09:30,62,57.05,1000,64.35,8000,0,3000
PIDILITIND30Jan201380CE.NFO,07/01/2020,10:09:32,62,57.05,1000,64.2,7500,0,3000
PIDILITIND30Jan201380CE.NFO,07/01/2020,10:09:33,62,57.05,1000,64.1,4500,0,3000
PIDILITIND30Jan201380CE.NFO,07/01/2020,10:09:34,62,57.1,2000,64,4500,0,3000
PIDILITIND30Jan201380CE.NFO,07/01/2020,10:09:35,62,57.1,1000,63.9,3500,0,3000
PIDILITIND30Jan201380CE.NFO,07/01/2020,10:09:36,62,57.1,1000,63.8,3500,0,3000
PIDILITIND30Jan201380CE.NFO,07/01/2020,10:09:37,62,57.15,1500,63.5,1500,0,3000
PIDILITIND30Jan201380CE.NFO,07/01/2020,10:09:38,62,57.15,1000,63.4,1500,0,3000
PIDILITIND30Jan201380CE.NFO,07/01/2020,10:09:39,62,57.15,1000,63.3,1500,0,3000
PIDILITIND30Jan201380CE.NFO,07/01/2020,10:09:39,62,57.2,500,63.2,1500,0,3000
PIDILITIND30Jan201380CE.NFO,07/01/2020,10:09:41,62,56.2,2000,63,3000,0,3000
PIDILITIND30Jan201380CE.NFO,07/01/2020,10:09:42,62,56.25,3000,62.95,1000,0,3000
PIDILITIND30Jan201380CE.NFO,07/01/2020,10:09:42,62,56.3,3000,63.65,4000,0,3000
PIDILITIND30Jan201380CE.NFO,07/01/2020,10:09:44,62,56.4,2000,63.6,4500,0,3000
PIDILITIND30Jan201380CE.NFO,07/01/2020,10:09:45,62,56.45,1500,63.5,4500,0,3000
PIDILITIND30Jan201380CE.NFO,07/01/2020,10:09:46,62,56.5,2000,63.4,1500,0,3000
PIDILITIND30Jan201380CE.NFO,07/01/2020,10:09:47,62,56.55,2000,63.25,1500,0,3000
PIDILITIND30Jan201380CE.NFO,07/01/2020,10:09:47,62,56.6,2000,63.15,500,0,3000
PIDILITIND30Jan201380CE.NFO,07/01/2020,10:09:48,62,56.6,1000,63,2000,0,3000
PIDILITIND30Jan201380CE.NFO,07/01/2020,10:09:50,62,56.6,2000,62.85,1000,0,3000
PIDILITIND30Jan201380CE.NFO,07/01/2020,10:09:51,62,56.6,2000,62.75,500,0,3000
PIDILITIND30Jan201380CE.NFO,07/01/2020,10:09:53,62,56.6,2000,62.6,500,0,3000
PIDILITIND30Jan201380CE.NFO,07/01/2020,10:09:54,62,56.65,2000,62.55,1000,0,3000
PIDILITIND30Jan201380CE.NFO,07/01/2020,10:09:55,62,56.65,3000,62.4,1000,0,3000
PIDILITIND30Jan201380CE.NFO,07/01/2020,10:09:57,62,56.65,2000,62.3,500,0,3000
PIDILITIND30Jan201380CE.NFO,07/01/2020,10:09:57,62,56.65,2000,62.25,1000,0,3000
PIDILITIND30Jan201380CE.NFO,07/01/2020,10:09:59,62,56.65,6000,62.15,500,0,3000
PIDILITIND30Jan201380CE.NFO,07/01/2020,10:10:00,62,56.7,7500,62.1,1000,0,3000
PIDILITIND30Jan201380CE.NFO,07/01/2020,10:10:01,62,56.7,6000,62,500,0,3000
PIDILITIND30Jan201380CE.NFO,07/01/2020,10:10:02,62,56.7,6000,61.85,500,0,3000
PIDILITIND30Jan201380CE.NFO,07/01/2020,10:10:03,62,56.7,4000,61.85,500,0,3000
PIDILITIND30Jan201380CE.NFO,07/01/2020,10:10:04,62,56.75,1500,61.8,1000,0,3000
PIDILITIND30Jan201380CE.NFO,07/01/2020,10:10:05,62,56.75,7500,61.7,500,0,3000
PIDILITIND30Jan201380CE.NFO,07/01/2020,10:10:06,62,56.75,6000,61.55,500,0,3000
PIDILITIND30Jan201380CE.NFO,07/01/2020,10:10:07,62,56.75,6000,61.5,1000,0,3000
PIDILITIND30Jan201380CE.NFO,07/01/2020,10:10:08,62,56.75,6000,61.4,500,0,3000
PIDILITIND30Jan201380CE.NFO,07/01/2020,10:10:08,62,56.75,6000,61.35,1000,0,3000
PIDILITIND30Jan201380CE.NFO,07/01/2020,10:10:09,62,56.75,7000,61.25,500,0,3000
PIDILITIND30Jan201380CE.NFO,07/01/2020,10:10:10,62,56.75,7000,61.2,1000,0,3000
PIDILITIND30Jan201380CE.NFO,07/01/2020,10:10:12,62,56.75,6000,61.1,500,0,3000
PIDILITIND30Jan201380CE.NFO,07/01/2020,10:10:18,62,56.8,3500,60.65,500,0,3000
PIDILITIND30Jan201380CE.NFO,07/01/2020,10:10:23,62,57.35,1000,60.7,500,0,3000
PIDILITIND30Jan201380CE.NFO,07/01/2020,10:10:28,62,56.05,9000,60.4,500,0,3000
PIDILITIND30Jan201380CE.NFO,07/01/2020,10:10:33,62,56.55,4500,60.7,500,0,3000
PIDILITIND30Jan201380CE.NFO,07/01/2020,10:10:37,62,56.55,9500,60.7,500,0,3000
PIDILITIND30Jan201380CE.NFO,07/01/2020,10:10:47,62,56.55,10500,60.7,500,0,3000
PIDILITIND30Jan201380CE.NFO,07/01/2020,10:11:01,62,56.55,9500,60.7,500,0,3000
PIDILITIND30Jan201380CE.NFO,07/01/2020,10:11:06,62,57,6500,60.7,500,0,3000
PIDILITIND30Jan201380CE.NFO,07/01/2020,10:11:11,62,57,8500,61.4,500,0,3000
PIDILITIND30Jan201380CE.NFO,07/01/2020,10:11:17,62,57,6500,62.6,1000,0,3000
PIDILITIND30Jan201380CE.NFO,07/01/2020,10:11:22,62,57.35,1000,62.15,1000,0,3000
PIDILITIND30Jan201380CE.NFO,07/01/2020,10:11:27,62,57.35,1000,61.75,500,0,3000
PIDILITIND30Jan201380CE.NFO,07/01/2020,10:11:32,62,57.35,2000,61.3,500,0,3000
PIDILITIND30Jan201380CE.NFO,07/01/2020,10:11:38,62,57.35,2000,60.85,500,0,3000
PIDILITIND30Jan201380CE.NFO,07/01/2020,10:11:44,62,57.35,1000,60.75,1000,0,3000
PIDILITIND30Jan201380CE.NFO,07/01/2020,10:11:50,62,57.35,2000,60.65,1000,0,3000
PIDILITIND30Jan201380CE.NFO,07/01/2020,10:11:56,62,56.3,2000,60.1,500,0,3000
PIDILITIND30Jan201380CE.NFO,07/01/2020,10:12:02,62,56.3,1000,60,500,0,3000
PIDILITIND30Jan201380CE.NFO,07/01/2020,10:12:08,62,56.3,2000,60,500,0,3000
PIDILITIND30Jan201380CE.NFO,07/01/2020,10:12:11,62,56.3,2000,59.95,500,0,3000
PIDILITIND30Jan201380CE.NFO,07/01/2020,10:12:12,62,56.3,2000,60.25,500,0,3000
PIDILITIND30Jan201380CE.NFO,07/01/2020,10:12:18,62,56.4,500,60.2,500,0,3000
PIDILITIND30Jan201380CE.NFO,07/01/2020,10:12:19,62,56.45,1000,60.1,500,0,3000
PIDILITIND30Jan201380CE.NFO,07/01/2020,10:12:20,62,56.45,2000,60.1,500,0,3000
PIDILITIND30Jan201380CE.NFO,07/01/2020,10:12:20,62,56.45,1000,60.1,500,0,3000
PIDILITIND30Jan201380CE.NFO,07/01/2020,10:12:23,62,56.5,2000,60.2,500,0,3000
PIDILITIND30Jan201380CE.NFO,07/01/2020,10:12:25,62,56.5,1000,60.05,500,0,3000
PIDILITIND30Jan201380CE.NFO,07/01/2020,10:12:26,62,56.5,1000,59.95,500,0,3000
PIDILITIND30Jan201380CE.NFO,07/01/2020,10:12:26,62,56.5,1000,60.2,500,0,3000
PIDILITIND30Jan201380CE.NFO,07/01/2020,10:12:29,62,56.5,1000,60.05,500,0,3000
PIDILITIND30Jan201380CE.NFO,07/01/2020,10:12:31,62,56.5,1000,59.9,500,0,3000
PIDILITIND30Jan201380CE.NFO,07/01/2020,10:12:36,62,56.5,1000,59.8,500,0,3000
PIDILITIND30Jan201380CE.NFO,07/01/2020,10:12:37,62,56.5,1000,59.85,500,0,3000
PIDILITIND30Jan201380CE.NFO,07/01/2020,10:12:39,62,56.5,2000,59.85,500,0,3000
PIDILITIND30Jan201380CE.NFO,07/01/2020,10:12:40,62,56.5,1000,59.8,500,0,3000
PIDILITIND30Jan201380CE.NFO,07/01/2020,10:12:41,62,56.5,1000,59.9,500,0,3000
PIDILITIND30Jan201380CE.NFO,07/01/2020,10:12:41,62,56.5,2000,59.9,500,0,3000
PIDILITIND30Jan201380CE.NFO,07/01/2020,10:12:42,62,56.5,2000,60,500,0,3000
PIDILITIND30Jan201380CE.NFO,07/01/2020,10:12:45,62,56.5,1000,59.9,500,0,3000
PIDILITIND30Jan201380CE.NFO,07/01/2020,10:12:49,62,56.5,1000,60.05,500,0,3000
PIDILITIND30Jan201380CE.NFO,07/01/2020,10:12:50,62,56.5,2000,60.05,500,0,3000
PIDILITIND30Jan201380CE.NFO,07/01/2020,10:12:53,62,56.5,2000,60,500,0,3000
PIDILITIND30Jan201380CE.NFO,07/01/2020,10:12:54,62,56.5,1000,59.95,500,0,3000
PIDILITIND30Jan201380CE.NFO,07/01/2020,10:12:56,62,56.5,1000,59.95,1000,0,3000
PIDILITIND30Jan201380CE.NFO,07/01/2020,10:12:57,62,56.5,1000,59.8,500,0,3000
PIDILITIND30Jan201380CE.NFO,07/01/2020,10:12:59,62,56.5,2000,59.85,500,0,3000
PIDILITIND30Jan201380CE.NFO,07/01/2020,10:12:59,62,56.55,1500,59.85,500,0,3000
PIDILITIND30Jan201380CE.NFO,07/01/2020,10:13:00,62,56.55,2000,59.85,500,0,3000
PIDILITIND30Jan201380CE.NFO,07/01/2020,10:13:07,62,56.55,1000,59.85,500,0,3000
PIDILITIND30Jan201380CE.NFO,07/01/2020,10:13:09,62,56.55,2000,59.85,500,0,3000
PIDILITIND30Jan201380CE.NFO,07/01/2020,10:13:10,62,56.55,2000,60.05,500,0,3000
PIDILITIND30Jan201380CE.NFO,07/01/2020,10:13:12,62,56.55,1000,60.05,500,0,3000
PIDILITIND30Jan201380CE.NFO,07/01/2020,10:13:14,62,56.55,1000,59.9,500,0,3000
PIDILITIND30Jan201380CE.NFO,07/01/2020,10:13:17,62,56.55,2000,59.9,500,0,3000
PIDILITIND30Jan201380CE.NFO,07/01/2020,10:13:26,62,56.55,2000,60.15,500,0,3000
PIDILITIND30Jan201380CE.NFO,07/01/2020,10:13:28,62,56.55,2000,60.1,500,0,3000
PIDILITIND30Jan201380CE.NFO,07/01/2020,10:13:29,62,56.55,2000,60,500,0,3000
PIDILITIND30Jan201380CE.NFO,07/01/2020,10:13:30,62,56.55,2000,59.95,500,0,3000
PIDILITIND30Jan201380CE.NFO,07/01/2020,10:13:31,62,56.55,2000,59.85,500,0,3000
PIDILITIND30Jan201380CE.NFO,07/01/2020,10:13:32,62,56.55,1000,61.6,500,0,3000
PIDILITIND30Jan201380CE.NFO,07/01/2020,10:13:33,62,56.55,1000,62.6,500,0,3000
PIDILITIND30Jan201380CE.NFO,07/01/2020,10:13:34,62,55.4,2500,62.35,2000,0,3000
PIDILITIND30Jan201380CE.NFO,07/01/2020,10:13:35,62,55.55,1500,62.15,1500,0,3000
PIDILITIND30Jan201380CE.NFO,07/01/2020,10:13:36,62,55.75,2000,62.25,1500,0,3000
PIDILITIND30Jan201380CE.NFO,07/01/2020,10:13:37,62,55.8,3500,62.05,1500,0,3000
PIDILITIND30Jan201380CE.NFO,07/01/2020,10:13:37,62,55.8,3500,61.85,500,0,3000
PIDILITIND30Jan201380CE.NFO,07/01/2020,10:13:38,62,55.85,500,61.7,500,0,3000
PIDILITIND30Jan201380CE.NFO,07/01/2020,10:13:40,62,55.85,1000,61.6,500,0,3000
PIDILITIND30Jan201380CE.NFO,07/01/2020,10:13:41,62,55.85,1000,62.65,500,0,3000
PIDILITIND30Jan201380CE.NFO,07/01/2020,10:13:42,62,55.85,1000,62.5,500,0,3000
PIDILITIND30Jan201380CE.NFO,07/01/2020,10:13:43,62,55.85,1000,62.35,500,0,3000
PIDILITIND30Jan201380CE.NFO,07/01/2020,10:13:44,62,55.85,1000,62.05,1500,0,3000
PIDILITIND30Jan201380CE.NFO,07/01/2020,10:13:45,62,55.85,1000,61.9,500,0,3000
PIDILITIND30Jan201380CE.NFO,07/01/2020,10:13:46,62,55.85,1000,61.65,500,0,3000
PIDILITIND30Jan201380CE.NFO,07/01/2020,10:13:47,62,55.85,2000,61.65,500,0,3000
PIDILITIND30Jan201380CE.NFO,07/01/2020,10:13:48,62,56.1,1000,62.6,500,0,3000
PIDILITIND30Jan201380CE.NFO,07/01/2020,10:13:49,62,56.1,1000,62.35,500,0,3000
PIDILITIND30Jan201380CE.NFO,07/01/2020,10:13:50,62,56.1,1000,63.35,2500,0,3000
PIDILITIND30Jan201380CE.NFO,07/01/2020,10:13:51,62,56.15,1000,62.9,1500,0,3000
PIDILITIND30Jan201380CE.NFO,07/01/2020,10:13:52,62,56.15,1000,62.75,500,0,3000
PIDILITIND30Jan201380CE.NFO,07/01/2020,10:13:53,62,56.15,1000,62.6,500,0,3000
PIDILITIND30Jan201380CE.NFO,07/01/2020,10:13:54,62,56.15,1000,62.45,500,0,3000
PIDILITIND30Jan201380CE.NFO,07/01/2020,10:13:55,62,56.2,1000,62.35,500,0,3000
PIDILITIND30Jan201380CE.NFO,07/01/2020,10:13:56,62,56.25,1000,62.7,500,0,3000
PIDILITIND30Jan201380CE.NFO,07/01/2020,10:13:57,62,56.3,1000,62.6,500,0,3000
PIDILITIND30Jan201380CE.NFO,07/01/2020,10:13:58,62,56.35,1000,62.45,500,0,3000
PIDILITIND30Jan201380CE.NFO,07/01/2020,10:13:59,62,56.35,1000,63.35,4500,0,3000
PIDILITIND30Jan201380CE.NFO,07/01/2020,10:14:00,62,56.35,1000,62.7,1500,0,3000
PIDILITIND30Jan201380CE.NFO,07/01/2020,10:14:01,62,56.35,1000,62.75,500,0,3000
PIDILITIND30Jan201380CE.NFO,07/01/2020,10:14:02,62,56.35,1000,62.8,500,0,3000
PIDILITIND30Jan201380CE.NFO,07/01/2020,10:14:03,62,56.5,1500,64.85,3500,0,3000
PIDILITIND30Jan201380CE.NFO,07/01/2020,10:14:04,62,56.5,1000,63.45,3500,0,3000
PIDILITIND30Jan201380CE.NFO,07/01/2020,10:14:05,62,55.9,1500,63.2,500,0,3000
PIDILITIND30Jan201380CE.NFO,07/01/2020,10:14:06,62,56.3,1500,63.4,500,0,3000
PIDILITIND30Jan201380CE.NFO,07/01/2020,10:14:07,62,56.3,1500,63.1,500,0,3000
PIDILITIND30Jan201380CE.NFO,07/01/2020,10:14:09,62,56.3,1500,63,500,0,3000
PIDILITIND30Jan201380CE.NFO,07/01/2020,10:14:10,62,56.3,1500,63.3,500,0,3000
PIDILITIND30Jan201380CE.NFO,07/01/2020,10:14:11,62,55.55,6500,63,500,0,3000
PIDILITIND30Jan201380CE.NFO,07/01/2020,10:14:12,62,55.65,7500,63,500,0,3000
PIDILITIND30Jan201380CE.NFO,07/01/2020,10:14:13,62,55.9,3500,63.1,2000,0,3000
PIDILITIND30Jan201380CE.NFO,07/01/2020,10:14:14,62,55.9,3500,63,500,0,3000
PIDILITIND30Jan201380CE.NFO,07/01/2020,10:14:15,62,55.9,3500,63.3,500,0,3000
PIDILITIND30Jan201380CE.NFO,07/01/2020,10:14:16,62,55.9,3500,63.25,2000,0,3000
PIDILITIND30Jan201380CE.NFO,07/01/2020,10:14:17,62,55.9,2000,63.1,2000,0,3000
PIDILITIND30Jan201380CE.NFO,07/01/2020,10:14:19,62,55.9,3000,63.25,500,0,3000
PIDILITIND30Jan201380CE.NFO,07/01/2020,10:14:20,62,55.9,3000,63.1,500,0,3000
PIDILITIND30Jan201380CE.NFO,07/01/2020,10:14:21,62,55.9,3000,62.95,1500,0,3000
PIDILITIND30Jan201380CE.NFO,07/01/2020,10:14:22,62,55.9,3000,63.25,500,0,3000
PIDILITIND30Jan201380CE.NFO,07/01/2020,10:14:23,62,55.9,3000,63.1,500,0,3000
PIDILITIND30Jan201380CE.NFO,07/01/2020,10:14:24,62,55.9,3000,63,500,0,3000
PIDILITIND30Jan201380CE.NFO,07/01/2020,10:14:25,62,55.9,2000,63,500,0,3000
PIDILITIND30Jan201380CE.NFO,07/01/2020,10:14:26,62,55.9,5000,63.05,1500,0,3000
PIDILITIND30Jan201380CE.NFO,07/01/2020,10:14:27,62,55.95,2000,63.5,500,0,3000
PIDILITIND30Jan201380CE.NFO,07/01/2020,10:14:28,62,55.95,3000,63.2,4000,0,3000
PIDILITIND30Jan201380CE.NFO,07/01/2020,10:14:29,62,55.95,3000,63.1,3000,0,3000
PIDILITIND30Jan201380CE.NFO,07/01/2020,10:14:30,62,56,2000,63,3000,0,3000
PIDILITIND30Jan201380CE.NFO,07/01/2020,10:14:31,62,56.05,3000,62.85,500,0,3000
PIDILITIND30Jan201380CE.NFO,07/01/2020,10:14:32,62,56.1,2000,64.35,3500,0,3000
PIDILITIND30Jan201380CE.NFO,07/01/2020,10:14:33,62,56.1,2000,63.7,2000,0,3000
PIDILITIND30Jan201380CE.NFO,07/01/2020,10:14:34,62,56.15,2000,63.6,7000,0,3000
PIDILITIND30Jan201380CE.NFO,07/01/2020,10:14:35,62,56.15,2000,63.5,9000,0,3000
PIDILITIND30Jan201380CE.NFO,07/01/2020,10:14:36,62,56.15,2000,63.4,5000,0,3000
PIDILITIND30Jan201380CE.NFO,07/01/2020,10:14:37,62,56.15,2000,63.4,3000,0,3000
PIDILITIND30Jan201380CE.NFO,07/01/2020,10:14:38,62,56.15,2000,63.4,2000,0,3000
PIDILITIND30Jan201380CE.NFO,07/01/2020,10:14:45,62,56.15,2000,63.25,1500,0,3000
PIDILITIND30Jan201380CE.NFO,07/01/2020,10:14:46,62,56.15,2000,63.15,1500,0,3000
PIDILITIND30Jan201380CE.NFO,07/01/2020,10:14:53,62,56.15,2000,63.15,5500,0,3000
PIDILITIND30Jan201380CE.NFO,07/01/2020,10:14:54,62,56.15,2000,63.05,1500,0,3000
PIDILITIND30Jan201380CE.NFO,07/01/2020,10:14:55,62,56.15,2000,62.85,1500,0,3000
PIDILITIND30Jan201380CE.NFO,07/01/2020,10:14:56,62,56.15,2000,62.9,500,0,3000
PIDILITIND30Jan201380CE.NFO,07/01/2020,10:14:58,62,56.15,2000,64.05,5500,0,3000
PIDILITIND30Jan201380CE.NFO,07/01/2020,10:14:59,62,56.15,2000,63.35,3000,0,3000
PIDILITIND30Jan201380CE.NFO,07/01/2020,10:15:02,62,56.15,2000,63.05,1500,0,3000
PIDILITIND30Jan201380CE.NFO,07/01/2020,10:15:04,62,56.15,2000,64.6,2500,0,3000
PIDILITIND30Jan201380CE.NFO,07/01/2020,10:15:05,62,56.15,2000,64.5,6500,0,3000
PIDILITIND30Jan201380CE.NFO,07/01/2020,10:15:06,62,56.15,2000,63.55,6000,0,3000
PIDILITIND30Jan201380CE.NFO,07/01/2020,10:15:07,62,56.15,2000,63.25,3000,0,3000
PIDILITIND30Jan201380CE.NFO,07/01/2020,10:15:08,62,56.15,2000,63.1,3000,0,3000
PIDILITIND30Jan201380CE.NFO,07/01/2020,10:15:09,62,56.15,2000,62.95,3000,0,3000
PIDILITIND30Jan201380CE.NFO,07/01/2020,10:15:10,62,56.15,2000,62.8,1500,0,3000
PIDILITIND30Jan201380CE.NFO,07/01/2020,10:15:11,62,56.15,2000,62.7,500,0,3000
PIDILITIND30Jan201380CE.NFO,07/01/2020,10:15:12,62,56.15,2000,63.6,1500,0,3000
PIDILITIND30Jan201380CE.NFO,07/01/2020,10:15:13,62,56.15,2000,63.35,1500,0,3000
PIDILITIND30Jan201380CE.NFO,07/01/2020,10:15:14,62,56.15,2000,63.2,1500,0,3000
PIDILITIND30Jan201380CE.NFO,07/01/2020,10:15:15,62,56.15,3000,62.9,1500,0,3000
PIDILITIND30Jan201380CE.NFO,07/01/2020,10:15:16,62,56.15,3000,62.8,500,0,3000
PIDILITIND30Jan201380CE.NFO,07/01/2020,10:15:18,62,56.15,3000,63.4,1500,0,3000
PIDILITIND30Jan201380CE.NFO,07/01/2020,10:15:19,62,56.15,3000,63.25,1500,0,3000
PIDILITIND30Jan201380CE.NFO,07/01/2020,10:15:20,62,56.15,3000,62.95,1500,0,3000
PIDILITIND30Jan201380CE.NFO,07/01/2020,10:15:21,62,56.15,3000,62.8,1500,0,3000
PIDILITIND30Jan201380CE.NFO,07/01/2020,10:15:22,62,56.15,3000,63.45,500,0,3000
PIDILITIND30Jan201380CE.NFO,07/01/2020,10:15:24,62,56.2,5500,63.25,1500,0,3000
PIDILITIND30Jan201380CE.NFO,07/01/2020,10:15:25,62,56.25,6500,63.1,1500,0,3000
PIDILITIND30Jan201380CE.NFO,07/01/2020,10:15:26,62,56.25,5500,62.95,1500,0,3000
PIDILITIND30Jan201380CE.NFO,07/01/2020,10:15:27,62,56.25,4500,62.85,500,0,3000
PIDILITIND30Jan201380CE.NFO,07/01/2020,10:15:28,62,56.25,3000,63.3,500,0,3000
PIDILITIND30Jan201380CE.NFO,07/01/2020,10:15:29,62,56.25,3000,63.25,1500,0,3000
PIDILITIND30Jan201380CE.NFO,07/01/2020,10:15:30,62,56.25,2000,63.1,1500,0,3000
PIDILITIND30Jan201380CE.NFO,07/01/2020,10:15:31,62,56.25,5000,62.95,1500,0,3000
PIDILITIND30Jan201380CE.NFO,07/01/2020,10:15:32,62,56.25,5000,63.45,500,0,3000
PIDILITIND30Jan201380CE.NFO,07/01/2020,10:15:36,62,56.25,5000,63.3,500,0,3000
PIDILITIND30Jan201380CE.NFO,07/01/2020,10:15:37,62,56.25,5000,62.85,1500,0,3000
PIDILITIND30Jan201380CE.NFO,07/01/2020,10:15:38,62,56.25,5000,63.1,1500,0,3000
PIDILITIND30Jan201380CE.NFO,07/01/2020,10:15:39,62,56.25,5000,62.8,1500,0,3000
PIDILITIND30Jan201380CE.NFO,07/01/2020,10:15:40,62,56.25,5000,62.7,500,0,3000
PIDILITIND30Jan201380CE.NFO,07/01/2020,10:15:42,62,56.55,2000,64.6,7500,0,3000
PIDILITIND30Jan201380CE.NFO,07/01/2020,10:15:43,62,56.6,3500,64.6,8500,0,3000
PIDILITIND30Jan201380CE.NFO,07/01/2020,10:15:44,62,56.6,2000,64.3,9000,0,3000
PIDILITIND30Jan201380CE.NFO,07/01/2020,10:15:45,62,56.6,2000,64.05,1500,0,3000
PIDILITIND30Jan201380CE.NFO,07/01/2020,10:15:46,62,56.6,2000,63.85,4500,0,3000
PIDILITIND30Jan201380CE.NFO,07/01/2020,10:15:47,62,56.6,2000,63.7,3000,0,3000
PIDILITIND30Jan201380CE.NFO,07/01/2020,10:15:48,62,56.6,1000,63.5,2000,0,3000
PIDILITIND30Jan201380CE.NFO,07/01/2020,10:15:49,62,56.6,1000,63.4,500,0,3000
PIDILITIND30Jan201380CE.NFO,07/01/2020,10:15:50,62,56.6,1000,63.4,1500,0,3000
PIDILITIND30Jan201380CE.NFO,07/01/2020,10:15:51,62,56.6,1000,63.3,500,0,3000
PIDILITIND30Jan201380CE.NFO,07/01/2020,10:15:52,62,56.6,1000,63.8,2500,0,3000
PIDILITIND30Jan201380CE.NFO,07/01/2020,10:15:53,62,56.6,2000,63.8,4500,0,3000
PIDILITIND30Jan201380CE.NFO,07/01/2020,10:15:54,62,56.6,1000,63.55,3500,0,3000
PIDILITIND30Jan201380CE.NFO,07/01/2020,10:15:55,62,56.6,1000,63.4,1500,0,3000
PIDILITIND30Jan201380CE.NFO,07/01/2020,10:15:56,62,56.6,1000,63.4,4500,0,3000
PIDILITIND30Jan201380CE.NFO,07/01/2020,10:15:57,62,56.6,1000,63.2,500,0,3000
PIDILITIND30Jan201380CE.NFO,07/01/2020,10:15:58,62,56.6,1000,63.2,1500,0,3000
PIDILITIND30Jan201380CE.NFO,07/01/2020,10:15:59,62,56.6,2000,63,500,0,3000
PIDILITIND30Jan201380CE.NFO,07/01/2020,10:16:00,62,56.6,1000,63.2,1500,0,3000
PIDILITIND30Jan201380CE.NFO,07/01/2020,10:16:01,62,56.6,1000,63.1,500,0,3000
PIDILITIND30Jan201380CE.NFO,07/01/2020,10:16:02,62,56.6,1000,64.3,9500,0,3000
PIDILITIND30Jan201380CE.NFO,07/01/2020,10:16:03,62,56.6,1000,64.15,9000,0,3000
PIDILITIND30Jan201380CE.NFO,07/01/2020,10:16:04,62,56.6,1000,63.6,3000,0,3000
PIDILITIND30Jan201380CE.NFO,07/01/2020,10:16:05,62,56.6,1000,63.35,3500,0,3000
PIDILITIND30Jan201380CE.NFO,07/01/2020,10:16:06,62,56.6,1000,62.85,500,0,3000
PIDILITIND30Jan201380CE.NFO,07/01/2020,10:16:07,62,56.6,1000,62.75,500,0,3000
PIDILITIND30Jan201380CE.NFO,07/01/2020,10:16:08,62,56.6,1000,65.25,5500,0,3000
PIDILITIND30Jan201380CE.NFO,07/01/2020,10:16:09,62,56.6,1000,63.6,3500,0,3000
PIDILITIND30Jan201380CE.NFO,07/01/2020,10:16:10,62,56.6,1000,63.45,3000,0,3000
PIDILITIND30Jan201380CE.NFO,07/01/2020,10:16:11,62,56.6,1000,63.3,3000,0,3000
PIDILITIND30Jan201380CE.NFO,07/01/2020,10:16:12,62,56.6,1000,63.1,3500,0,3000
PIDILITIND30Jan201380CE.NFO,07/01/2020,10:16:13,62,56.6,1000,63.15,1500,0,3000
PIDILITIND30Jan201380CE.NFO,07/01/2020,10:16:14,62,56.6,1000,62.9,500,0,3000
PIDILITIND30Jan201380CE.NFO,07/01/2020,10:16:15,62,56.6,1000,62.8,500,0,3000
PIDILITIND30Jan201380CE.NFO,07/01/2020,10:16:17,62,55.65,6500,62.65,500,0,3000
PIDILITIND30Jan201380CE.NFO,07/01/2020,10:16:18,62,55.65,4500,62.65,500,0,3000
PIDILITIND30Jan201380CE.NFO,07/01/2020,10:16:20,62,55.9,4500,62.65,500,0,3000
PIDILITIND30Jan201380CE.NFO,07/01/2020,10:16:23,62,55.9,1000,62.65,1500,0,3000
PIDILITIND30Jan201380CE.NFO,07/01/2020,10:16:24,62,55.9,1000,62.5,2500,0,3000
PIDILITIND30Jan201380CE.NFO,07/01/2020,10:16:25,62,55.9,3000,62.4,500,0,3000
PIDILITIND30Jan201380CE.NFO,07/01/2020,10:16:26,62,55.9,1000,62.55,500,0,3000
PIDILITIND30Jan201380CE.NFO,07/01/2020,10:16:27,62,55.9,2000,62.55,500,0,3000
PIDILITIND30Jan201380CE.NFO,07/01/2020,10:16:28,62,55.9,2000,62.65,500,0,3000
PIDILITIND30Jan201380CE.NFO,07/01/2020,10:16:30,62,55.9,1000,62.55,500,0,3000
PIDILITIND30Jan201380CE.NFO,07/01/2020,10:16:31,62,55.9,1000,62.5,1500,0,3000
PIDILITIND30Jan201380CE.NFO,07/01/2020,10:16:32,62,55.9,1000,62.4,500,0,3000
PIDILITIND30Jan201380CE.NFO,07/01/2020,10:16:33,62,55.9,1000,62.55,500,0,3000
PIDILITIND30Jan201380CE.NFO,07/01/2020,10:16:34,62,55.9,1000,62.5,1500,0,3000
PIDILITIND30Jan201380CE.NFO,07/01/2020,10:16:35,62,55.95,2500,63.05,3500,0,3000
PIDILITIND30Jan201380CE.NFO,07/01/2020,10:16:36,62,55.95,2000,62.95,4000,0,3000
PIDILITIND30Jan201380CE.NFO,07/01/2020,10:16:37,62,55.95,2000,62.75,500,0,3000
PIDILITIND30Jan201380CE.NFO,07/01/2020,10:16:38,62,55.95,2000,62.65,500,0,3000
PIDILITIND30Jan201380CE.NFO,07/01/2020,10:16:39,62,56,1000,62.55,500,0,3000
PIDILITIND30Jan201380CE.NFO,07/01/2020,10:16:40,62,56,1000,62.85,3500,0,3000
PIDILITIND30Jan201380CE.NFO,07/01/2020,10:16:41,62,56,1000,62.75,500,0,3000
PIDILITIND30Jan201380CE.NFO,07/01/2020,10:16:42,62,56,1000,62.7,1500,0,3000
PIDILITIND30Jan201380CE.NFO,07/01/2020,10:16:43,62,56.05,1500,62.6,500,0,3000
PIDILITIND30Jan201380CE.NFO,07/01/2020,10:16:44,62,56.1,2000,62.6,500,0,3000
PIDILITIND30Jan201380CE.NFO,07/01/2020,10:16:52,62,56.15,2500,62.6,500,0,3000
PIDILITIND30Jan201380CE.NFO,07/01/2020,10:16:54,62,56.15,2500,62.55,1500,0,3000
PIDILITIND30Jan201380CE.NFO,07/01/2020,10:16:55,62,56.2,1500,62.45,500,0,3000
PIDILITIND30Jan201380CE.NFO,07/01/2020,10:16:56,62,56.2,1500,62.65,500,0,3000
PIDILITIND30Jan201380CE.NFO,07/01/2020,10:16:57,62,56.25,2500,62.6,1500,0,3000
PIDILITIND30Jan201380CE.NFO,07/01/2020,10:16:58,62,56.4,500,62.6,1500,0,3000
PIDILITIND30Jan201380CE.NFO,07/01/2020,10:16:59,62,56.4,1000,62.6,1500,0,3000
PIDILITIND30Jan201380CE.NFO,07/01/2020,10:17:00,62,56.4,2000,62.5,500,0,3000
PIDILITIND30Jan201380CE.NFO,07/01/2020,10:17:01,62,56.45,2000,62.65,500,0,3000
PIDILITIND30Jan201380CE.NFO,07/01/2020,10:17:02,62,56.45,2000,62.6,2500,0,3000
PIDILITIND30Jan201380CE.NFO,07/01/2020,10:17:03,62,56.45,2000,62.5,500,0,3000
PIDILITIND30Jan201380CE.NFO,07/01/2020,10:17:05,62,56.45,1000,62.5,500,0,3000
PIDILITIND30Jan201380CE.NFO,07/01/2020,10:17:08,62,56.45,1000,62.5,1500,0,3000
PIDILITIND30Jan201380CE.NFO,07/01/2020,10:17:09,62,56.45,1000,62.4,500,0,3000
PIDILITIND30Jan201380CE.NFO,07/01/2020,10:17:10,62,56.45,1000,62.35,1500,0,3000
PIDILITIND30Jan201380CE.NFO,07/01/2020,10:17:11,62,56.5,1000,62.4,500,0,3000
PIDILITIND30Jan201380CE.NFO,07/01/2020,10:17:12,62,56.55,500,63.75,8500,0,3000
PIDILITIND30Jan201380CE.NFO,07/01/2020,10:17:13,62,56.55,500,62.9,3500,0,3000
PIDILITIND30Jan201380CE.NFO,07/01/2020,10:17:14,62,55.35,6000,62.75,3500,0,3000
PIDILITIND30Jan201380CE.NFO,07/01/2020,10:17:15,62,55.6,4500,62.55,2500,0,3000
PIDILITIND30Jan201380CE.NFO,07/01/2020,10:17:16,62,55.6,4500,62.4,1500,0,3000
PIDILITIND30Jan201380CE.NFO,07/01/2020,10:17:17,62,55.6,4500,62.25,1500,0,3000
PIDILITIND30Jan201380CE.NFO,07/01/2020,10:17:18,62,55.6,4500,61.95,1500,0,3000
PIDILITIND30Jan201380CE.NFO,07/01/2020,10:17:19,62,55.6,4500,61.8,1500,0,3000
PIDILITIND30Jan201380CE.NFO,07/01/2020,10:17:20,62,55.8,1500,61.65,1500,0,3000
PIDILITIND30Jan201380CE.NFO,07/01/2020,10:17:21,62,55.8,1500,62.4,7500,0,3000
PIDILITIND30Jan201380CE.NFO,07/01/2020,10:17:22,62,55.8,1500,62.25,5500,0,3000
PIDILITIND30Jan201380CE.NFO,07/01/2020,10:17:23,62,55.8,1500,62.1,4500,0,3000
PIDILITIND30Jan201380CE.NFO,07/01/2020,10:17:24,62,55.8,1500,61.95,2500,0,3000
PIDILITIND30Jan201380CE.NFO,07/01/2020,10:17:25,62,55.8,1500,61.8,1500,0,3000
PIDILITIND30Jan201380CE.NFO,07/01/2020,10:17:26,62,55.8,1500,61.7,500,0,3000
PIDILITIND30Jan201380CE.NFO,07/01/2020,10:17:27,62,55.8,1500,62.25,6000,0,3000
PIDILITIND30Jan201380CE.NFO,07/01/2020,10:17:28,62,55.8,1500,62.1,3000,0,3000
PIDILITIND30Jan201380CE.NFO,07/01/2020,10:17:29,62,55.8,1500,61.8,1500,0,3000
PIDILITIND30Jan201380CE.NFO,07/01/2020,10:17:30,62,55.8,1500,61.8,3000,0,3000
PIDILITIND30Jan201380CE.NFO,07/01/2020,10:17:31,62,55.8,1500,61.55,500,0,3000
PIDILITIND30Jan201380CE.NFO,07/01/2020,10:17:32,62,55.8,1500,62.05,500,0,3000
PIDILITIND30Jan201380CE.NFO,07/01/2020,10:17:34,62,55.85,2500,62.05,1500,0,3000
PIDILITIND30Jan201380CE.NFO,07/01/2020,10:17:35,62,55.85,2500,61.95,500,0,3000
PIDILITIND30Jan201380CE.NFO,07/01/2020,10:17:36,62,55.85,2500,62.3,2500,0,3000
PIDILITIND30Jan201380CE.NFO,07/01/2020,10:17:37,62,55.85,2500,62.2,1500,0,3000
PIDILITIND30Jan201380CE.NFO,07/01/2020,10:17:38,62,55.95,1000,62.1,500,0,3000
PIDILITIND30Jan201380CE.NFO,07/01/2020,10:17:39,62,56,1500,62.05,1500,0,3000
PIDILITIND30Jan201380CE.NFO,07/01/2020,10:17:40,62,56.1,1500,61.75,3000,0,3000
PIDILITIND30Jan201380CE.NFO,07/01/2020,10:17:41,62,56.1,1500,61.6,1500,0,3000
PIDILITIND30Jan201380CE.NFO,07/01/2020,10:17:42,62,56.1,1000,61.5,500,0,3000
PIDILITIND30Jan201380CE.NFO,07/01/2020,10:17:43,62,56.1,1000,62.1,500,0,3000
PIDILITIND30Jan201380CE.NFO,07/01/2020,10:17:45,62,56.1,1000,62.05,1500,0,3000
PIDILITIND30Jan201380CE.NFO,07/01/2020,10:17:46,62,56.1,1000,61.9,1500,0,3000
PIDILITIND30Jan201380CE.NFO,07/01/2020,10:17:47,62,56.1,1000,61.8,500,0,3000
PIDILITIND30Jan201380CE.NFO,07/01/2020,10:17:48,62,56.1,1000,61.95,1500,0,3000
PIDILITIND30Jan201380CE.NFO,07/01/2020,10:17:49,62,56.1,1000,61.85,500,0,3000
PIDILITIND30Jan201380CE.NFO,07/01/2020,10:17:50,62,56.1,1000,61.95,1500,0,3000
PIDILITIND30Jan201380CE.NFO,07/01/2020,10:17:51,62,56.1,1000,62,500,0,3000
PIDILITIND30Jan201380CE.NFO,07/01/2020,10:17:54,62,56.1,1000,63.4,9000,0,3000
PIDILITIND30Jan201380CE.NFO,07/01/2020,10:17:55,62,56.1,1000,63.4,10000,0,3000
PIDILITIND30Jan201380CE.NFO,07/01/2020,10:17:56,62,56.1,1000,62.15,1500,0,3000
PIDILITIND30Jan201380CE.NFO,07/01/2020,10:17:57,62,56.1,1000,61.85,1500,0,3000
PIDILITIND30Jan201380CE.NFO,07/01/2020,10:17:58,62,56.1,1000,61.75,500,0,3000
PIDILITIND30Jan201380CE.NFO,07/01/2020,10:17:59,62,56.15,1500,62.6,500,0,3000
PIDILITIND30Jan201380CE.NFO,07/01/2020,10:18:00,62,56.2,2000,62.4,1500,0,3000
PIDILITIND30Jan201380CE.NFO,07/01/2020,10:18:01,62,56.2,1000,62.3,500,0,3000
PIDILITIND30Jan201380CE.NFO,07/01/2020,10:18:02,62,56.2,1000,62.15,500,0,3000
PIDILITIND30Jan201380CE.NFO,07/01/2020,10:18:03,62,56.25,1500,62.1,500,0,3000
PIDILITIND30Jan201380CE.NFO,07/01/2020,10:18:04,62,56.25,1500,62,500,0,3000
PIDILITIND30Jan201380CE.NFO,07/01/2020,10:18:05,62,56.25,1500,61.95,500,0,3000
PIDILITIND30Jan201380CE.NFO,07/01/2020,10:18:06,62,56.25,1500,61.85,500,0,3000
PIDILITIND30Jan201380CE.NFO,07/01/2020,10:18:07,62,56.25,1500,61.8,500,0,3000
PIDILITIND30Jan201380CE.NFO,07/01/2020,10:18:08,62,56.25,1500,61.7,500,0,3000
PIDILITIND30Jan201380CE.NFO,07/01/2020,10:18:09,62,55.5,2500,61.65,500,0,3000
PIDILITIND30Jan201380CE.NFO,07/01/2020,10:18:10,62,55.75,1500,61.5,500,0,3000
PIDILITIND30Jan201380CE.NFO,07/01/2020,10:18:13,62,55.8,1000,61.25,500,0,3000
PIDILITIND30Jan201380CE.NFO,07/01/2020,10:18:18,62,55.8,1000,60.9,500,0,3000
PIDILITIND30Jan201380CE.NFO,07/01/2020,10:18:21,62,55.8,1000,60.65,500,0,3000
PIDILITIND30Jan201380CE.NFO,07/01/2020,10:18:24,62,55.8,1000,60.35,500,0,3000
PIDILITIND30Jan201380CE.NFO,07/01/2020,10:18:28,62,55.25,8000,60.05,500,0,3000
PIDILITIND30Jan201380CE.NFO,07/01/2020,10:18:32,62,55.4,4500,59.7,500,0,3000
PIDILITIND30Jan201380CE.NFO,07/01/2020,10:18:38,62,55.4,4500,59.3,500,0,3000
PIDILITIND30Jan201380CE.NFO,07/01/2020,10:18:48,62,55.5,500,59.05,500,0,3000
PIDILITIND30Jan201380CE.NFO,07/01/2020,10:18:54,62,55.4,3500,59.05,500,0,3000
PIDILITIND30Jan201380CE.NFO,07/01/2020,10:18:58,62,55.2,5000,58.85,500,0,3000
PIDILITIND30Jan201380CE.NFO,07/01/2020,10:19:02,62,54.4,3000,58.65,500,0,3000
PIDILITIND30Jan201380CE.NFO,07/01/2020,10:19:06,62,54.4,3000,58.25,500,0,3000
PIDILITIND30Jan201380CE.NFO,07/01/2020,10:19:10,62,53.6,10500,58,500,0,3000
PIDILITIND30Jan201380CE.NFO,07/01/2020,10:19:14,62,52.15,9500,57.8,500,0,3000
PIDILITIND30Jan201380CE.NFO,07/01/2020,10:19:19,62,52.9,5000,57.35,500,0,3000
PIDILITIND30Jan201380CE.NFO,07/01/2020,10:19:24,62,52.95,3000,57,500,0,3000
PIDILITIND30Jan201380CE.NFO,07/01/2020,10:19:29,62,53,4500,57,500,0,3000
PIDILITIND30Jan201380CE.NFO,07/01/2020,10:19:33,62,53,4500,57,1000,0,3000
PIDILITIND30Jan201380CE.NFO,07/01/2020,10:19:37,62,53,6500,60.05,2500,0,3000
PIDILITIND30Jan201380CE.NFO,07/01/2020,10:19:41,62,53,3000,59.55,1000,0,3000
PIDILITIND30Jan201380CE.NFO,07/01/2020,10:19:46,62,53.05,2000,59.95,3500,0,3000
PIDILITIND30Jan201380CE.NFO,07/01/2020,10:19:51,62,53.05,2000,59.55,1500,0,3000
PIDILITIND30Jan201380CE.NFO,07/01/2020,10:19:58,62,53.15,4500,60.2,1500,0,3000
PIDILITIND30Jan201380CE.NFO,07/01/2020,10:20:03,62,53.15,6500,59.9,500,0,3000
PIDILITIND30Jan201380CE.NFO,07/01/2020,10:20:07,62,53.15,8500,57.85,500,0,3000
PIDILITIND30Jan201380CE.NFO,07/01/2020,10:20:12,62,53.15,6500,57.45,500,0,3000
PIDILITIND30Jan201380CE.NFO,07/01/2020,10:20:17,62,53.15,6500,57.2,500,0,3000
PIDILITIND30Jan201380CE.NFO,07/01/2020,10:20:22,62,53.15,10500,57.6,500,0,3000
PIDILITIND30Jan201380CE.NFO,07/01/2020,10:20:26,62,53.15,10500,57.75,500,0,3000
PIDILITIND30Jan201380CE.NFO,07/01/2020,10:20:31,62,53.15,10500,57.6,500,0,3000
PIDILITIND30Jan201380CE.NFO,07/01/2020,10:20:35,62,53.35,10500,57.65,500,0,3000
PIDILITIND30Jan201380CE.NFO,07/01/2020,10:20:39,62,53.6,5000,57.65,500,0,3000
PIDILITIND30Jan201380CE.NFO,07/01/2020,10:20:43,62,53.65,5500,57.65,500,0,3000
PIDILITIND30Jan201380CE.NFO,07/01/2020,10:20:47,62,53.85,4500,57.75,500,0,3000
PIDILITIND30Jan201380CE.NFO,07/01/2020,10:20:52,62,53.85,6500,57.75,500,0,3000
PIDILITIND30Jan201380CE.NFO,07/01/2020,10:21:00,62,53.85,4500,57.75,500,0,3000
PIDILITIND30Jan201380CE.NFO,07/01/2020,10:21:05,62,53.85,4500,57.65,500,0,3000
PIDILITIND30Jan201380CE.NFO,07/01/2020,10:21:10,62,53.85,6500,57.65,500,0,3000
PIDILITIND30Jan201380CE.NFO,07/01/2020,10:21:15,62,53.95,6500,57.75,500,0,3000
PIDILITIND30Jan201380CE.NFO,07/01/2020,10:21:19,62,54.5,2000,57.75,500,0,3000
PIDILITIND30Jan201380CE.NFO,07/01/2020,10:21:25,62,54.5,1000,57.75,500,0,3000
PIDILITIND30Jan201380CE.NFO,07/01/2020,10:21:30,62,54.2,2000,57.65,500,0,3000
PIDILITIND30Jan201380CE.NFO,07/01/2020,10:21:35,62,54.25,1500,57.75,500,0,3000
PIDILITIND30Jan201380CE.NFO,07/01/2020,10:21:40,62,54,5000,57.6,500,0,3000
PIDILITIND30Jan201380CE.NFO,07/01/2020,10:21:44,62,54,3000,57.7,500,0,3000
PIDILITIND30Jan201380CE.NFO,07/01/2020,10:21:48,62,54.1,2000,57.9,500,0,3000
PIDILITIND30Jan201380CE.NFO,07/01/2020,10:21:53,62,53.7,6000,57.8,500,0,3000
PIDILITIND30Jan201380CE.NFO,07/01/2020,10:21:58,62,52.6,6000,57.5,500,0,3000
PIDILITIND30Jan201380CE.NFO,07/01/2020,10:22:02,62,52.75,6500,57.3,500,0,3000
PIDILITIND30Jan201380CE.NFO,07/01/2020,10:22:06,62,54,500,57.1,500,0,3000
PIDILITIND30Jan201380CE.NFO,07/01/2020,10:22:11,62,54,500,56.8,500,0,3000
PIDILITIND30Jan201380CE.NFO,07/01/2020,10:22:16,62,54,500,56.5,500,0,3000
PIDILITIND30Jan201380CE.NFO,07/01/2020,10:22:21,62,54,500,56.4,500,0,3000
PIDILITIND30Jan201380CE.NFO,07/01/2020,10:22:25,62,54,500,56.3,1000,0,3000
PIDILITIND30Jan201380CE.NFO,07/01/2020,10:22:29,62,54,500,56.5,1500,0,3000
PIDILITIND30Jan201380CE.NFO,07/01/2020,10:22:37,62,54,500,56.5,500,0,3000
PIDILITIND30Jan201380CE.NFO,07/01/2020,10:22:43,62,54,500,56.5,1500,0,3000
PIDILITIND30Jan201380CE.NFO,07/01/2020,10:23:16,62,54,500,56.35,1000,0,3000
PIDILITIND30Jan201380CE.NFO,07/01/2020,10:23:21,62,54,500,56.1,500,0,3000
PIDILITIND30Jan201380CE.NFO,07/01/2020,10:23:25,62,54,500,55.85,1000,0,3000
PIDILITIND30Jan201380CE.NFO,07/01/2020,10:23:30,62,54,500,55.6,500,0,3000
PIDILITIND30Jan201380CE.NFO,07/01/2020,10:23:40,62,54,500,55.65,500,0,3000
PIDILITIND30Jan201380CE.NFO,07/01/2020,10:23:45,62,54,500,55.8,500,0,3000
PIDILITIND30Jan201380CE.NFO,07/01/2020,10:23:50,62,54,500,55.7,500,0,3000
PIDILITIND30Jan201380CE.NFO,07/01/2020,10:24:20,62,54,500,56.05,500,0,3000
PIDILITIND30Jan201380CE.NFO,07/01/2020,10:24:28,62,54,500,56.25,500,0,3000
PIDILITIND30Jan201380CE.NFO,07/01/2020,10:24:31,62,54,500,56.2,1000,0,3000
PIDILITIND30Jan201380CE.NFO,07/01/2020,10:24:34,62,54,500,56.25,1500,0,3000
PIDILITIND30Jan201380CE.NFO,07/01/2020,10:24:38,62,54,500,56.2,1000,0,3000
PIDILITIND30Jan201380CE.NFO,07/01/2020,10:24:42,62,54,500,56.4,1000,0,3000
PIDILITIND30Jan201380CE.NFO,07/01/2020,10:25:13,62,54,500,56.6,500,0,3000
PIDILITIND30Jan201380CE.NFO,07/01/2020,10:25:14,62,54,500,56.55,1000,0,3000
PIDILITIND30Jan201380CE.NFO,07/01/2020,10:25:16,62,54,500,56.6,500,0,3000
PIDILITIND30Jan201380CE.NFO,07/01/2020,10:25:17,62,54,500,56.55,1000,0,3000
PIDILITIND30Jan201380CE.NFO,07/01/2020,10:25:18,62,54,500,56.6,500,0,3000
PIDILITIND30Jan201380CE.NFO,07/01/2020,10:25:19,62,54,500,56.55,1000,0,3000
PIDILITIND30Jan201380CE.NFO,07/01/2020,10:25:22,62,54,500,56.6,500,0,3000
PIDILITIND30Jan201380CE.NFO,07/01/2020,10:25:23,62,54,500,56.55,1000,0,3000
PIDILITIND30Jan201380CE.NFO,07/01/2020,10:25:24,62,54,500,56.6,500,0,3000
PIDILITIND30Jan201380CE.NFO,07/01/2020,10:25:25,62,54,500,56.55,1000,0,3000
PIDILITIND30Jan201380CE.NFO,07/01/2020,10:26:23,54,51.2,2500,56.45,1500,500,3000
PIDILITIND30Jan201380CE.NFO,07/01/2020,10:26:27,54,51.2,4500,56.45,1500,0,3000
PIDILITIND30Jan201380CE.NFO,07/01/2020,10:26:33,54,51.2,4000,56.45,1500,0,3000
PIDILITIND30Jan201380CE.NFO,07/01/2020,10:26:42,54,51.35,5500,56.45,1500,0,3000
PIDILITIND30Jan201380CE.NFO,07/01/2020,10:26:46,54,51.4,4000,56.45,1500,0,3000
PIDILITIND30Jan201380CE.NFO,07/01/2020,10:26:50,54,51.45,4000,56.45,1500,0,3000
PIDILITIND30Jan201380CE.NFO,07/01/2020,10:27:11,54,51.5,2000,56.45,1500,0,3000
PIDILITIND30Jan201380CE.NFO,07/01/2020,10:27:15,54,51.55,4000,56.45,1500,0,3000
PIDILITIND30Jan201380CE.NFO,07/01/2020,10:27:27,54,51.2,7000,56.45,1500,0,3000
PIDILITIND30Jan201380CE.NFO,07/01/2020,10:27:31,54,51.5,6500,56.2,500,0,3000
PIDILITIND30Jan201380CE.NFO,07/01/2020,10:27:35,54,51.65,4000,55.9,500,0,3000
PIDILITIND30Jan201380CE.NFO,07/01/2020,10:27:39,54,51.65,8000,55.85,500,0,3000
PIDILITIND30Jan201380CE.NFO,07/01/2020,10:27:44,54,51.85,5000,56.05,500,0,3000
PIDILITIND30Jan201380CE.NFO,07/01/2020,10:27:49,54,51.95,5500,56.05,500,0,3000
PIDILITIND30Jan201380CE.NFO,07/01/2020,10:27:53,54,51.95,9500,56.05,500,0,3000
PIDILITIND30Jan201380CE.NFO,07/01/2020,10:27:57,54,52,2000,55.75,500,0,3000
PIDILITIND30Jan201380CE.NFO,07/01/2020,10:28:05,54,50.6,9500,55.65,500,0,3000
PIDILITIND30Jan201380CE.NFO,07/01/2020,10:28:10,54,51.05,9000,55.5,500,0,3000
PIDILITIND30Jan201380CE.NFO,07/01/2020,10:28:15,54,51.1,10500,55.5,500,0,3000
PIDILITIND30Jan201380CE.NFO,07/01/2020,10:28:19,54,51.6,4000,55.6,500,0,3000
PIDILITIND30Jan201380CE.NFO,07/01/2020,10:28:29,54,51.65,1000,55.5,500,0,3000
PIDILITIND30Jan201380CE.NFO,07/01/2020,10:28:33,54,51.65,4000,55.35,500,0,3000
PIDILITIND30Jan201380CE.NFO,07/01/2020,10:28:37,54,51.65,4000,55.3,500,0,3000
PIDILITIND30Jan201380CE.NFO,07/01/2020,10:28:41,54,51.65,1000,55.15,500,0,3000
PIDILITIND30Jan201380CE.NFO,07/01/2020,10:28:47,54,51.65,1000,55.25,1500,0,3000
PIDILITIND30Jan201380CE.NFO,07/01/2020,10:28:50,54,51.75,1500,55.15,500,0,3000
PIDILITIND30Jan201380CE.NFO,07/01/2020,10:28:54,54,50.3,11500,55.15,500,0,3000
PIDILITIND30Jan201380CE.NFO,07/01/2020,10:29:01,54,51.5,6500,55.15,500,0,3000
PIDILITIND30Jan201380CE.NFO,07/01/2020,10:29:05,54,52,1000,55.5,500,0,3000
PIDILITIND30Jan201380CE.NFO,07/01/2020,10:29:08,54,51.65,4000,55.4,500,0,3000
PIDILITIND30Jan201380CE.NFO,07/01/2020,10:29:11,54,51.65,4000,55.55,500,0,3000
PIDILITIND30Jan201380CE.NFO,07/01/2020,10:29:18,54,51.7,4000,55.55,500,0,3000
PIDILITIND30Jan201380CE.NFO,07/01/2020,10:29:22,54,51.75,4000,55.55,1500,0,3000
PIDILITIND30Jan201380CE.NFO,07/01/2020,10:29:26,54,51.75,4000,55.55,500,0,3000
PIDILITIND30Jan201380CE.NFO,07/01/2020,10:29:38,54,51.8,4000,55.45,500,0,3000
PIDILITIND30Jan201380CE.NFO,07/01/2020,10:29:41,54,51.8,2000,57.75,500,0,3000
PIDILITIND30Jan201380CE.NFO,07/01/2020,10:29:45,54,51.8,4000,57.55,1000,0,3000
PIDILITIND30Jan201380CE.NFO,07/01/2020,10:29:48,54,51.8,5000,57.25,1000,0,3000
PIDILITIND30Jan201380CE.NFO,07/01/2020,10:29:50,54,51.8,2000,57,500,0,3000
PIDILITIND30Jan201380CE.NFO,07/01/2020,10:29:53,54,51.8,2000,56.85,500,0,3000
PIDILITIND30Jan201380CE.NFO,07/01/2020,10:29:56,54,51.85,1000,56.55,500,0,3000
PIDILITIND30Jan201380CE.NFO,07/01/2020,10:29:59,54,51.85,2000,56.4,500,0,3000
PIDILITIND30Jan201380CE.NFO,07/01/2020,10:30:03,54,51.85,5000,56.05,1000,0,3000
PIDILITIND30Jan201380CE.NFO,07/01/2020,10:30:06,54,51.85,1000,55.75,1000,0,3000
PIDILITIND30Jan201380CE.NFO,07/01/2020,10:30:09,54,51.9,1500,55.5,500,0,3000
PIDILITIND30Jan201380CE.NFO,07/01/2020,10:30:12,54,51.9,6500,55.5,500,0,3000
PIDILITIND30Jan201380CE.NFO,07/01/2020,10:30:12,54,51.9,6500,55.6,500,0,3000
PIDILITIND30Jan201380CE.NFO,07/01/2020,10:30:18,54,51.9,7500,55.6,500,0,3000
PIDILITIND30Jan201380CE.NFO,07/01/2020,10:30:20,54,52,6500,55.6,500,0,3000
PIDILITIND30Jan201380CE.NFO,07/01/2020,10:30:22,54,52,2500,55.6,500,0,3000
PIDILITIND30Jan201380CE.NFO,07/01/2020,10:30:25,54,52,6500,55.7,500,0,3000
PIDILITIND30Jan201380CE.NFO,07/01/2020,10:30:26,54,52,2500,55.55,500,0,3000
PIDILITIND30Jan201380CE.NFO,07/01/2020,10:30:34,54,52,3500,55.55,500,0,3000
PIDILITIND30Jan201380CE.NFO,07/01/2020,10:30:34,54,52,2500,55.55,500,0,3000
PIDILITIND30Jan201380CE.NFO,07/01/2020,10:30:35,54,52,6500,55.55,500,0,3000
PIDILITIND30Jan201380CE.NFO,07/01/2020,10:30:46,54,52,7500,55.55,500,0,3000
PIDILITIND30Jan201380CE.NFO,07/01/2020,10:30:48,54,52,6500,55.55,500,0,3000
PIDILITIND30Jan201380CE.NFO,07/01/2020,10:30:49,54,52,4000,55.55,500,0,3000
PIDILITIND30Jan201380CE.NFO,07/01/2020,10:30:56,54,52,5000,55.55,500,0,3000
PIDILITIND30Jan201380CE.NFO,07/01/2020,10:30:58,54,52,5000,55.45,500,0,3000
PIDILITIND30Jan201380CE.NFO,07/01/2020,10:31:09,54,52,1000,55.45,500,0,3000
PIDILITIND30Jan201380CE.NFO,07/01/2020,10:31:22,54,52.05,2500,55.45,500,0,3000
PIDILITIND30Jan201380CE.NFO,07/01/2020,10:31:26,54,52.05,2500,55.55,500,0,3000
PIDILITIND30Jan201380CE.NFO,07/01/2020,10:31:29,54,52.05,1000,55.55,500,0,3000
PIDILITIND30Jan201380CE.NFO,07/01/2020,10:31:37,54,51.55,3500,55.2,500,0,3000
PIDILITIND30Jan201380CE.NFO,07/01/2020,10:31:41,54,51.6,4000,55,500,0,3000
PIDILITIND30Jan201380CE.NFO,07/01/2020,10:31:45,54,51.7,4000,55,500,0,3000
PIDILITIND30Jan201380CE.NFO,07/01/2020,10:31:53,54,51.8,3000,57.4,500,0,3000
PIDILITIND30Jan201380CE.NFO,07/01/2020,10:31:57,54,51.8,4000,57.55,2000,0,3000
PIDILITIND30Jan201380CE.NFO,07/01/2020,10:32:02,54,51.55,3000,57.4,1500,0,3000
PIDILITIND30Jan201380CE.NFO,07/01/2020,10:32:07,54,51.6,3500,57.25,5500,0,3000
PIDILITIND30Jan201380CE.NFO,07/01/2020,10:32:11,54,51.6,3500,57.75,4000,0,3000
PIDILITIND30Jan201380CE.NFO,07/01/2020,10:32:16,54,51.4,2500,57.15,500,0,3000
PIDILITIND30Jan201380CE.NFO,07/01/2020,10:32:21,54,51.25,1000,57.25,1500,0,3000
PIDILITIND30Jan201380CE.NFO,07/01/2020,10:32:25,54,50.15,2000,56.55,500,0,3000
PIDILITIND30Jan201380CE.NFO,07/01/2020,10:32:30,54,50.55,1000,56.2,500,0,3000
PIDILITIND30Jan201380CE.NFO,07/01/2020,10:32:34,54,49.75,10500,55.9,500,0,3000
PIDILITIND30Jan201380CE.NFO,07/01/2020,10:32:39,54,49.75,10500,55.5,500,0,3000
PIDILITIND30Jan201380CE.NFO,07/01/2020,10:32:43,54,49.75,10500,55.15,500,0,3000
PIDILITIND30Jan201380CE.NFO,07/01/2020,10:32:48,54,49.75,10500,56.9,500,0,3000
PIDILITIND30Jan201380CE.NFO,07/01/2020,10:32:53,54,49.75,10500,57.9,500,0,3000
PIDILITIND30Jan201380CE.NFO,07/01/2020,10:32:57,54,49.75,10500,56.95,500,0,3000
PIDILITIND30Jan201380CE.NFO,07/01/2020,10:33:01,54,49.75,10500,56.75,1000,0,3000
PIDILITIND30Jan201380CE.NFO,07/01/2020,10:33:05,54,49.75,10500,56.35,500,0,3000
PIDILITIND30Jan201380CE.NFO,07/01/2020,10:33:07,54,49.75,10500,56.15,1000,0,3000
PIDILITIND30Jan201380CE.NFO,07/01/2020,10:33:10,54,49.75,10500,56,1000,0,3000
PIDILITIND30Jan201380CE.NFO,07/01/2020,10:33:12,54,49.75,10500,55.85,1000,0,3000
PIDILITIND30Jan201380CE.NFO,07/01/2020,10:33:12,54,49.75,10500,55.75,500,0,3000
PIDILITIND30Jan201380CE.NFO,07/01/2020,10:33:14,54,49.75,10500,55.7,1000,0,3000
PIDILITIND30Jan201380CE.NFO,07/01/2020,10:33:15,54,49.75,10500,55.55,1000,0,3000
PIDILITIND30Jan201380CE.NFO,07/01/2020,10:33:16,54,49.75,10500,55.45,500,0,3000
PIDILITIND30Jan201380CE.NFO,07/01/2020,10:33:17,54,49.75,10500,55.4,1000,0,3000
PIDILITIND30Jan201380CE.NFO,07/01/2020,10:33:18,54,49.75,10500,55.3,500,0,3000
PIDILITIND30Jan201380CE.NFO,07/01/2020,10:33:19,54,49.75,10500,55.25,1000,0,3000
PIDILITIND30Jan201380CE.NFO,07/01/2020,10:33:20,54,49.75,10500,55.15,500,0,3000
PIDILITIND30Jan201380CE.NFO,07/01/2020,10:33:21,54,49.75,10500,55.1,1000,0,3000
PIDILITIND30Jan201380CE.NFO,07/01/2020,10:33:22,54,49.75,10500,55,500,0,3000
PIDILITIND30Jan201380CE.NFO,07/01/2020,10:33:23,54,49.75,10500,55.05,1000,0,3000
PIDILITIND30Jan201380CE.NFO,07/01/2020,10:33:24,54,49.75,10500,54.95,500,0,3000
PIDILITIND30Jan201380CE.NFO,07/01/2020,10:33:25,54,49.75,10500,54.8,500,0,3000
PIDILITIND30Jan201380CE.NFO,07/01/2020,10:33:26,54,49.75,10500,54.9,1000,0,3000
PIDILITIND30Jan201380CE.NFO,07/01/2020,10:33:27,54,49.75,10500,55.15,1000,0,3000
PIDILITIND30Jan201380CE.NFO,07/01/2020,10:33:28,54,49.75,10500,55.05,500,0,3000
PIDILITIND30Jan201380CE.NFO,07/01/2020,10:33:29,54,49.75,10500,54.95,500,0,3000
PIDILITIND30Jan201380CE.NFO,07/01/2020,10:33:31,54,49.75,10500,55.05,500,0,3000
PIDILITIND30Jan201380CE.NFO,07/01/2020,10:33:32,54,49.75,10500,54.9,500,0,3000
PIDILITIND30Jan201380CE.NFO,07/01/2020,10:33:34,54,49.75,10500,54.9,1500,0,3000
PIDILITIND30Jan201380CE.NFO,07/01/2020,10:33:35,54,49.75,10500,55,500,0,3000
PIDILITIND30Jan201380CE.NFO,07/01/2020,10:33:39,54,49.75,10500,54.85,500,0,3000
PIDILITIND30Jan201380CE.NFO,07/01/2020,10:33:41,54,49.75,10500,55.1,1500,0,3000
PIDILITIND30Jan201380CE.NFO,07/01/2020,10:33:42,54,49.75,10500,55.1,500,0,3000
PIDILITIND30Jan201380CE.NFO,07/01/2020,10:33:51,54,50.15,8500,55.1,500,0,3000
PIDILITIND30Jan201380CE.NFO,07/01/2020,10:33:52,54,51.25,3500,55.1,500,0,3000
PIDILITIND30Jan201380CE.NFO,07/01/2020,10:33:53,54,51.3,6500,55.1,500,0,3000
PIDILITIND30Jan201380CE.NFO,07/01/2020,10:33:55,54,51.4,1000,55.1,500,0,3000
PIDILITIND30Jan201380CE.NFO,07/01/2020,10:33:56,54,51.4,5000,55.1,500,0,3000
PIDILITIND30Jan201380CE.NFO,07/01/2020,10:34:03,54,51.4,5000,55.1,1500,0,3000
PIDILITIND30Jan201380CE.NFO,07/01/2020,10:34:04,54,51.4,5000,55,500,0,3000
PIDILITIND30Jan201380CE.NFO,07/01/2020,10:34:08,54,51.4,5000,55.1,1500,0,3000
PIDILITIND30Jan201380CE.NFO,07/01/2020,10:34:10,54,51.4,5000,55,500,0,3000
PIDILITIND30Jan201380CE.NFO,07/01/2020,10:34:11,54,51.4,5000,55.1,1500,0,3000
PIDILITIND30Jan201380CE.NFO,07/01/2020,10:34:14,54,51.4,5000,55,500,0,3000
PIDILITIND30Jan201380CE.NFO,07/01/2020,10:34:27,54,51.4,5000,55.3,500,0,3000
PIDILITIND30Jan201380CE.NFO,07/01/2020,10:34:31,54,51.4,5000,55.15,500,0,3000
PIDILITIND30Jan201380CE.NFO,07/01/2020,10:34:38,54,51.4,5000,55.3,500,0,3000
PIDILITIND30Jan201380CE.NFO,07/01/2020,10:34:43,54,51.65,5000,55.45,500,0,3000
PIDILITIND30Jan201380CE.NFO,07/01/2020,10:34:48,54,51.7,6500,55.45,500,0,3000
PIDILITIND30Jan201380CE.NFO,07/01/2020,10:34:57,54,51.75,6500,55.5,500,0,3000
PIDILITIND30Jan201380CE.NFO,07/01/2020,10:35:01,54,51.75,1000,55.35,1000,0,3000
PIDILITIND30Jan201380CE.NFO,07/01/2020,10:35:05,54,51.8,3500,55.4,500,0,3000
PIDILITIND30Jan201380CE.NFO,07/01/2020,10:35:08,54,51.8,1000,55.4,500,0,3000
PIDILITIND30Jan201380CE.NFO,07/01/2020,10:35:11,54,51.85,2500,55.4,500,0,3000
PIDILITIND30Jan201380CE.NFO,07/01/2020,10:35:15,54,51.95,2000,55.4,500,0,3000
PIDILITIND30Jan201380CE.NFO,07/01/2020,10:35:18,54,52.05,2000,55.4,500,0,3000
PIDILITIND30Jan201380CE.NFO,07/01/2020,10:35:28,54,51.75,2000,55.4,500,0,3000
PIDILITIND30Jan201380CE.NFO,07/01/2020,10:35:32,54,51.5,1000,55.35,1000,0,3000
PIDILITIND30Jan201380CE.NFO,07/01/2020,10:35:35,54,51.6,1500,55.1,1500,0,3000
PIDILITIND30Jan201380CE.NFO,07/01/2020,10:35:39,54,51.6,1500,55,500,0,3000
PIDILITIND30Jan201380CE.NFO,07/01/2020,10:35:41,54,51.6,1000,54.85,500,0,3000
PIDILITIND30Jan201380CE.NFO,07/01/2020,10:35:47,54,51.65,2000,55.05,500,0,3000
PIDILITIND30Jan201380CE.NFO,07/01/2020,10:35:49,54,51.7,1500,55.05,500,0,3000
PIDILITIND30Jan201380CE.NFO,07/01/2020,10:35:56,54,51.75,2000,55.2,1500,0,3000
PIDILITIND30Jan201380CE.NFO,07/01/2020,10:35:59,54,51.75,2000,55.1,500,0,3000
PIDILITIND30Jan201380CE.NFO,07/01/2020,10:36:02,54,51.95,1000,55.4,500,0,3000
PIDILITIND30Jan201380CE.NFO,07/01/2020,10:36:09,54,51.35,10500,55.4,500,0,3000
PIDILITIND30Jan201380CE.NFO,07/01/2020,10:36:13,54,51.35,5500,55.25,500,0,3000
PIDILITIND30Jan201380CE.NFO,07/01/2020,10:36:17,54,51.35,5500,55.1,500,0,3000
PIDILITIND30Jan201380CE.NFO,07/01/2020,10:36:21,54,51.35,4000,55,500,0,3000
PIDILITIND30Jan201380CE.NFO,07/01/2020,10:36:24,54,51.4,4000,55.2,1500,0,3000
PIDILITIND30Jan201380CE.NFO,07/01/2020,10:36:26,54,51.4,4000,55.1,500,0,3000
PIDILITIND30Jan201380CE.NFO,07/01/2020,10:36:35,54,50.4,10500,55.1,1500,0,3000
PIDILITIND30Jan201380CE.NFO,07/01/2020,10:36:38,54,50.4,10500,55.1,500,0,3000
PIDILITIND30Jan201380CE.NFO,07/01/2020,10:36:41,54,50.4,10500,55.3,500,0,3000
PIDILITIND30Jan201380CE.NFO,07/01/2020,10:36:44,54,50.4,10500,55.15,500,0,3000
PIDILITIND30Jan201380CE.NFO,07/01/2020,10:36:48,54,50.4,10500,55.35,500,0,3000
PIDILITIND30Jan201380CE.NFO,07/01/2020,10:36:51,54,50.4,10500,55.2,500,0,3000
PIDILITIND30Jan201380CE.NFO,07/01/2020,10:36:54,54,50.4,10500,55.25,500,0,3000
PIDILITIND30Jan201380CE.NFO,07/01/2020,10:36:58,54,50.4,10500,55.35,1500,0,3000
PIDILITIND30Jan201380CE.NFO,07/01/2020,10:37:02,54,50.4,10500,55.25,500,0,3000
PIDILITIND30Jan201380CE.NFO,07/01/2020,10:37:10,54,50.4,10500,55.15,500,0,3000
PIDILITIND30Jan201380CE.NFO,07/01/2020,10:37:27,54,50.4,10500,55.1,500,0,3000
PIDILITIND30Jan201380CE.NFO,07/01/2020,10:37:38,54,50.4,10500,55.35,500,0,3000
PIDILITIND30Jan201380CE.NFO,07/01/2020,10:37:43,54,50.4,10500,55.2,500,0,3000
PIDILITIND30Jan201380CE.NFO,07/01/2020,10:37:57,54,50.4,10500,55.3,500,0,3000
PIDILITIND30Jan201380CE.NFO,07/01/2020,10:38:09,54,50.4,10500,55.4,500,0,3000
PIDILITIND30Jan201380CE.NFO,07/01/2020,10:38:16,54,50.4,10500,55.25,500,0,3000
PIDILITIND30Jan201380CE.NFO,07/01/2020,10:38:30,54,50.4,10500,55.15,500,0,3000
PIDILITIND30Jan201380CE.NFO,07/01/2020,10:38:33,54,50.4,10500,55.1,500,0,3000
PIDILITIND30Jan201380CE.NFO,07/01/2020,10:38:36,54,51.15,9500,55,500,0,3000
PIDILITIND30Jan201380CE.NFO,07/01/2020,10:38:39,54,51.55,1500,55.1,500,0,3000
PIDILITIND30Jan201380CE.NFO,07/01/2020,10:38:41,54,51.6,4500,55.1,500,0,3000
PIDILITIND30Jan201380CE.NFO,07/01/2020,10:38:43,54,51.45,5500,55.3,500,0,3000
PIDILITIND30Jan201380CE.NFO,07/01/2020,10:38:53,54,51.7,1500,55.2,500,0,3000
PIDILITIND30Jan201380CE.NFO,07/01/2020,10:38:56,54,51.7,1000,55.2,500,0,3000
PIDILITIND30Jan201380CE.NFO,07/01/2020,10:39:00,54,51.7,1000,55.35,500,0,3000
PIDILITIND30Jan201380CE.NFO,07/01/2020,10:39:04,54,51.7,4000,55.35,500,0,3000
PIDILITIND30Jan201380CE.NFO,07/01/2020,10:39:13,54,50.3,10500,55.35,500,0,3000
PIDILITIND30Jan201380CE.NFO,07/01/2020,10:39:18,54,50.35,10500,55.15,500,0,3000
PIDILITIND30Jan201380CE.NFO,07/01/2020,10:39:26,54,50.35,10500,55.4,500,0,3000
PIDILITIND30Jan201380CE.NFO,07/01/2020,10:39:29,54,50.35,10500,55.5,500,0,3000
PIDILITIND30Jan201380CE.NFO,07/01/2020,10:39:33,54,50.35,10500,55.35,500,0,3000
PIDILITIND30Jan201380CE.NFO,07/01/2020,10:39:36,54,51.3,6000,55.45,1500,0,3000
PIDILITIND30Jan201380CE.NFO,07/01/2020,10:39:39,54,51.4,6000,55.35,500,0,3000
PIDILITIND30Jan201380CE.NFO,07/01/2020,10:39:43,54,51.45,5000,55.35,500,0,3000
PIDILITIND30Jan201380CE.NFO,07/01/2020,10:39:46,54,51.3,7000,55.3,500,0,3000
PIDILITIND30Jan201380CE.NFO,07/01/2020,10:39:50,54,51.35,8000,55.2,500,0,3000
PIDILITIND30Jan201380CE.NFO,07/01/2020,10:39:53,54,51.35,7000,55.2,500,0,3000
PIDILITIND30Jan201380CE.NFO,07/01/2020,10:39:56,54,51.35,4000,55.2,500,0,3000
PIDILITIND30Jan201380CE.NFO,07/01/2020,10:39:59,54,51.35,5000,55.2,500,0,3000
PIDILITIND30Jan201380CE.NFO,07/01/2020,10:40:03,54,51.35,7000,55.2,500,0,3000
PIDILITIND30Jan201380CE.NFO,07/01/2020,10:40:09,54,51.45,7000,55.3,500,0,3000
PIDILITIND30Jan201380CE.NFO,07/01/2020,10:40:12,54,51.45,5000,55.3,500,0,3000
PIDILITIND30Jan201380CE.NFO,07/01/2020,10:40:23,54,51.45,8000,55.4,500,0,3000
PIDILITIND30Jan201380CE.NFO,07/01/2020,10:40:25,54,51.45,6000,55.4,1500,0,3000
PIDILITIND30Jan201380CE.NFO,07/01/2020,10:40:25,54,49.95,9000,55.3,500,0,3000
PIDILITIND30Jan201380CE.NFO,07/01/2020,10:40:26,54,50,10500,55.25,1000,0,3000
PIDILITIND30Jan201380CE.NFO,07/01/2020,10:40:27,54,50,10500,55.15,500,0,3000
PIDILITIND30Jan201380CE.NFO,07/01/2020,10:40:30,54,50,10500,55.15,1500,0,3000
PIDILITIND30Jan201380CE.NFO,07/01/2020,10:40:31,54,50,10500,55.05,500,0,3000
PIDILITIND30Jan201380CE.NFO,07/01/2020,10:40:48,54,50,10500,55.2,1000,0,3000
PIDILITIND30Jan201380CE.NFO,07/01/2020,10:40:49,54,50,10500,55.1,500,0,3000
PIDILITIND30Jan201380CE.NFO,07/01/2020,10:40:54,54,50,10500,55.25,500,0,3000
PIDILITIND30Jan201380CE.NFO,07/01/2020,10:40:56,54,50,10500,55.4,500,0,3000
PIDILITIND30Jan201380CE.NFO,07/01/2020,10:40:57,54,50,10500,55.3,500,0,3000
PIDILITIND30Jan201380CE.NFO,07/01/2020,10:40:58,54,50,10500,55.4,500,0,3000
PIDILITIND30Jan201380CE.NFO,07/01/2020,10:40:59,54,51.45,7500,55.4,500,0,3000
PIDILITIND30Jan201380CE.NFO,07/01/2020,10:41:00,54,51.45,8500,55.4,500,0,3000
PIDILITIND30Jan201380CE.NFO,07/01/2020,10:41:01,54,51.45,7000,55.4,500,0,3000
PIDILITIND30Jan201380CE.NFO,07/01/2020,10:41:03,54,51.45,5000,55.3,500,0,3000
PIDILITIND30Jan201380CE.NFO,07/01/2020,10:41:05,54,51.5,3500,55.4,500,0,3000
PIDILITIND30Jan201380CE.NFO,07/01/2020,10:41:05,54,51.5,4500,55.4,500,0,3000
PIDILITIND30Jan201380CE.NFO,07/01/2020,10:41:06,54,51.5,6500,55.4,500,0,3000
PIDILITIND30Jan201380CE.NFO,07/01/2020,10:41:07,54,51.5,9500,55.5,500,0,3000
PIDILITIND30Jan201380CE.NFO,07/01/2020,10:41:09,54,51.5,7500,55.5,500,0,3000
PIDILITIND30Jan201380CE.NFO,07/01/2020,10:41:09,54,51.5,6500,55.5,500,0,3000
PIDILITIND30Jan201380CE.NFO,07/01/2020,10:41:11,54,51.5,6000,55.5,500,0,3000
PIDILITIND30Jan201380CE.NFO,07/01/2020,10:41:11,54,51.5,5000,55.5,500,0,3000
PIDILITIND30Jan201380CE.NFO,07/01/2020,10:41:14,54,51.55,6500,55.5,500,0,3000
PIDILITIND30Jan201380CE.NFO,07/01/2020,10:41:17,54,51.6,4000,55.5,500,0,3000
PIDILITIND30Jan201380CE.NFO,07/01/2020,10:41:20,54,51.65,4000,55.5,500,0,3000
PIDILITIND30Jan201380CE.NFO,07/01/2020,10:41:25,54,51.65,9000,55.95,500,0,3000
PIDILITIND30Jan201380CE.NFO,07/01/2020,10:41:31,54,52.35,500,56.1,1500,0,3000
PIDILITIND30Jan201380CE.NFO,07/01/2020,10:41:37,54,52.35,1000,55.9,500,0,3000
PIDILITIND30Jan201380CE.NFO,07/01/2020,10:41:40,54,52.15,6500,56.15,500,0,3000
PIDILITIND30Jan201380CE.NFO,07/01/2020,10:41:47,54,52.15,5500,56.35,500,0,3000
PIDILITIND30Jan201380CE.NFO,07/01/2020,10:41:55,54,52.15,10500,56.35,500,0,3000
PIDILITIND30Jan201380CE.NFO,07/01/2020,10:42:03,54,52.15,10500,56.45,500,0,3000
PIDILITIND30Jan201380CE.NFO,07/01/2020,10:42:08,54,52.15,10500,56.35,500,0,3000
PIDILITIND30Jan201380CE.NFO,07/01/2020,10:42:13,54,52.15,10500,56.45,500,0,3000
PIDILITIND30Jan201380CE.NFO,07/01/2020,10:42:18,54,52.15,10500,56.55,500,0,3000
PIDILITIND30Jan201380CE.NFO,07/01/2020,10:42:24,54,52.15,10500,56.45,500,0,3000
PIDILITIND30Jan201380CE.NFO,07/01/2020,10:42:27,54,52.15,8500,56.25,1000,0,3000
PIDILITIND30Jan201380CE.NFO,07/01/2020,10:42:30,54,52.2,5500,56.25,500,0,3000
PIDILITIND30Jan201380CE.NFO,07/01/2020,10:42:34,54,52.3,4500,56.3,500,0,3000
PIDILITIND30Jan201380CE.NFO,07/01/2020,10:42:37,54,51.25,8500,56.2,1500,0,3000
PIDILITIND30Jan201380CE.NFO,07/01/2020,10:42:41,54,51.75,10500,56.1,500,0,3000
PIDILITIND30Jan201380CE.NFO,07/01/2020,10:42:44,54,51.9,8000,56.2,1000,0,3000
PIDILITIND30Jan201380CE.NFO,07/01/2020,10:42:47,54,52.1,10500,56.25,500,0,3000
PIDILITIND30Jan201380CE.NFO,07/01/2020,10:42:49,54,52.1,5000,56.2,500,0,3000
PIDILITIND30Jan201380CE.NFO,07/01/2020,10:42:51,54,52.35,3000,56.15,1000,0,3000
PIDILITIND30Jan201380CE.NFO,07/01/2020,10:42:54,54,50.8,8500,56.15,1500,0,3000
PIDILITIND30Jan201380CE.NFO,07/01/2020,10:42:56,54,50.8,10500,56.1,1000,0,3000
PIDILITIND30Jan201380CE.NFO,07/01/2020,10:42:59,54,50.8,10500,56.05,500,0,3000
PIDILITIND30Jan201380CE.NFO,07/01/2020,10:43:01,54,50.8,10500,56,1000,0,3000
PIDILITIND30Jan201380CE.NFO,07/01/2020,10:43:04,54,50.8,10500,55.8,500,0,3000
PIDILITIND30Jan201380CE.NFO,07/01/2020,10:43:07,54,50.8,10500,55.75,500,0,3000
PIDILITIND30Jan201380CE.NFO,07/01/2020,10:43:11,54,50.8,10500,56,500,0,3000
PIDILITIND30Jan201380CE.NFO,07/01/2020,10:43:12,54,50.8,10500,56.1,500,0,3000
PIDILITIND30Jan201380CE.NFO,07/01/2020,10:43:16,54,50.8,10500,56,500,0,3000
PIDILITIND30Jan201380CE.NFO,07/01/2020,10:43:19,54,50.8,10500,56.3,500,0,3000
PIDILITIND30Jan201380CE.NFO,07/01/2020,10:43:23,54,50.8,10500,56.3,1000,0,3000
PIDILITIND30Jan201380CE.NFO,07/01/2020,10:43:25,54,50.8,10500,56.4,500,0,3000
PIDILITIND30Jan201380CE.NFO,07/01/2020,10:43:26,54,50.8,10500,56.3,500,0,3000
PIDILITIND30Jan201380CE.NFO,07/01/2020,10:43:27,54,50.8,10500,56.25,1000,0,3000
PIDILITIND30Jan201380CE.NFO,07/01/2020,10:43:27,54,50.8,10500,56.15,500,0,3000
PIDILITIND30Jan201380CE.NFO,07/01/2020,10:43:31,54,50.8,10500,56.05,500,0,3000
PIDILITIND30Jan201380CE.NFO,07/01/2020,10:43:32,54,50.8,10500,56.15,500,0,3000
PIDILITIND30Jan201380CE.NFO,07/01/2020,10:43:33,54,50.8,10500,56.05,500,0,3000
PIDILITIND30Jan201380CE.NFO,07/01/2020,10:43:36,54,50.8,10500,55.95,500,0,3000
PIDILITIND30Jan201380CE.NFO,07/01/2020,10:43:38,54,50.8,10500,56.1,500,0,3000
PIDILITIND30Jan201380CE.NFO,07/01/2020,10:43:39,54,50.8,10500,55.85,500,0,3000
PIDILITIND30Jan201380CE.NFO,07/01/2020,10:43:40,54,50.8,10500,56.05,500,0,3000
PIDILITIND30Jan201380CE.NFO,07/01/2020,10:43:47,54,50.8,10500,55.9,500,0,3000
PIDILITIND30Jan201380CE.NFO,07/01/2020,10:43:52,54,50.8,10500,56,500,0,3000
PIDILITIND30Jan201380CE.NFO,07/01/2020,10:43:53,54,50.8,10500,56.1,500,0,3000
PIDILITIND30Jan201380CE.NFO,07/01/2020,10:43:54,54,50.8,10500,56,500,0,3000
PIDILITIND30Jan201380CE.NFO,07/01/2020,10:43:55,54,50.8,10500,56.1,1500,0,3000
PIDILITIND30Jan201380CE.NFO,07/01/2020,10:43:56,54,50.8,10500,56,500,0,3000
PIDILITIND30Jan201380CE.NFO,07/01/2020,10:44:09,54,51.6,7000,56.15,500,0,3000
PIDILITIND30Jan201380CE.NFO,07/01/2020,10:44:09,54,51.7,6000,56.15,500,0,3000
PIDILITIND30Jan201380CE.NFO,07/01/2020,10:44:10,54,52.6,3000,56.15,500,0,3000
PIDILITIND30Jan201380CE.NFO,07/01/2020,10:44:11,54,52.65,1500,56.15,500,0,3000
PIDILITIND30Jan201380CE.NFO,07/01/2020,10:44:14,54,51.55,4500,56,1000,0,3000
PIDILITIND30Jan201380CE.NFO,07/01/2020,10:44:17,54,49.7,9000,55.75,500,0,3000
PIDILITIND30Jan201380CE.NFO,07/01/2020,10:44:20,54,49.7,9000,55.45,500,0,3000
PIDILITIND30Jan201380CE.NFO,07/01/2020,10:44:23,54,49.7,9000,55.25,1000,0,3000
PIDILITIND30Jan201380CE.NFO,07/01/2020,10:44:26,54,49.7,9000,55,500,0,3000
PIDILITIND30Jan201380CE.NFO,07/01/2020,10:44:28,54,49.7,9000,54.85,500,0,3000
PIDILITIND30Jan201380CE.NFO,07/01/2020,10:44:31,54,49.75,10500,54.85,500,0,3000
PIDILITIND30Jan201380CE.NFO,07/01/2020,10:45:00,54,49.75,10500,54.7,500,0,3000
PIDILITIND30Jan201380CE.NFO,07/01/2020,10:45:10,54,49.75,10500,55.15,500,0,3000
PIDILITIND30Jan201380CE.NFO,07/01/2020,10:45:20,54,49.75,10500,55.2,500,0,3000
PIDILITIND30Jan201380CE.NFO,07/01/2020,10:45:24,54,49.75,10500,55.4,1500,0,3000
PIDILITIND30Jan201380CE.NFO,07/01/2020,10:45:28,54,49.85,9500,55.4,1500,0,3000
PIDILITIND30Jan201380CE.NFO,07/01/2020,10:45:32,54,51.1,8500,55.3,500,0,3000
PIDILITIND30Jan201380CE.NFO,07/01/2020,10:45:34,54,51.1,9500,55.4,500,0,3000
PIDILITIND30Jan201380CE.NFO,07/01/2020,10:45:38,54,51.1,9500,55.3,500,0,3000
PIDILITIND30Jan201380CE.NFO,07/01/2020,10:45:46,54,51.1,8500,55.3,500,0,3000
PIDILITIND30Jan201380CE.NFO,07/01/2020,10:45:49,54,51.1,9500,55.3,500,0,3000
PIDILITIND30Jan201380CE.NFO,07/01/2020,10:45:53,54,51.1,9500,55.4,500,0,3000
PIDILITIND30Jan201380CE.NFO,07/01/2020,10:45:57,54,51.2,6500,55.4,500,0,3000
PIDILITIND30Jan201380CE.NFO,07/01/2020,10:46:01,54,51.3,4000,55.3,500,0,3000
PIDILITIND30Jan201380CE.NFO,07/01/2020,10:46:08,54,51.35,5000,55.6,500,0,3000
PIDILITIND30Jan201380CE.NFO,07/01/2020,10:46:14,54,51.4,5000,55.7,500,0,3000
PIDILITIND30Jan201380CE.NFO,07/01/2020,10:46:28,54,51.45,3000,55.7,1000,0,3000
PIDILITIND30Jan201380CE.NFO,07/01/2020,10:46:32,54,51.45,3000,55.45,500,0,3000
PIDILITIND30Jan201380CE.NFO,07/01/2020,10:46:35,54,51.45,3000,55.2,500,0,3000
PIDILITIND30Jan201380CE.NFO,07/01/2020,10:46:39,54,50.05,10500,55.3,500,0,3000
PIDILITIND30Jan201380CE.NFO,07/01/2020,10:46:42,54,50.05,10500,55.45,500,0,3000
PIDILITIND30Jan201380CE.NFO,07/01/2020,10:46:50,54,51.1,11000,55.45,500,0,3000
PIDILITIND30Jan201380CE.NFO,07/01/2020,10:46:53,54,51.2,7500,55.3,500,0,3000
PIDILITIND30Jan201380CE.NFO,07/01/2020,10:47:03,54,51.5,3000,55.2,500,0,3000
PIDILITIND30Jan201380CE.NFO,07/01/2020,10:47:06,54,51.2,5000,55.3,500,0,3000
PIDILITIND30Jan201380CE.NFO,07/01/2020,10:47:15,54,51.2,8000,55.3,500,0,3000
PIDILITIND30Jan201380CE.NFO,07/01/2020,10:47:20,54,51.2,7000,55.3,500,0,3000
PIDILITIND30Jan201380CE.NFO,07/01/2020,10:47:25,54,51.25,2000,55.55,500,0,3000
PIDILITIND30Jan201380CE.NFO,07/01/2020,10:47:29,54,51.4,6500,55.75,500,0,3000
PIDILITIND30Jan201380CE.NFO,07/01/2020,10:47:33,54,51.4,6500,55.6,500,0,3000
PIDILITIND30Jan201380CE.NFO,07/01/2020,10:47:36,54,51.4,9000,55.7,500,0,3000
PIDILITIND30Jan201380CE.NFO,07/01/2020,10:47:40,54,51.45,9000,55.8,500,0,3000
PIDILITIND30Jan201380CE.NFO,07/01/2020,10:47:44,54,51.55,8000,55.8,500,0,3000
PIDILITIND30Jan201380CE.NFO,07/01/2020,10:47:48,54,51.6,10500,55.9,500,0,3000
PIDILITIND30Jan201380CE.NFO,07/01/2020,10:47:55,54,51.65,8000,56,500,0,3000
PIDILITIND30Jan201380CE.NFO,07/01/2020,10:47:59,54,51.75,3000,55.9,500,0,3000
PIDILITIND30Jan201380CE.NFO,07/01/2020,10:48:02,54,51.75,7000,56,500,0,3000
PIDILITIND30Jan201380CE.NFO,07/01/2020,10:48:07,54,51.75,5000,55.9,500,0,3000
PIDILITIND30Jan201380CE.NFO,07/01/2020,10:48:11,54,50.2,10500,55.75,1000,0,3000
PIDILITIND30Jan201380CE.NFO,07/01/2020,10:48:15,54,50.2,10500,55.55,500,0,3000
PIDILITIND30Jan201380CE.NFO,07/01/2020,10:48:19,54,50.2,10500,55.7,1000,0,3000
PIDILITIND30Jan201380CE.NFO,07/01/2020,10:48:23,54,51.55,4500,55.75,1000,0,3000
PIDILITIND30Jan201380CE.NFO,07/01/2020,10:48:26,54,51.65,1500,55.8,1500,0,3000
PIDILITIND30Jan201380CE.NFO,07/01/2020,10:48:28,54,51.55,3500,55.7,500,0,3000
PIDILITIND30Jan201380CE.NFO,07/01/2020,10:48:32,54,51.65,5500,55.65,500,0,3000
PIDILITIND30Jan201380CE.NFO,07/01/2020,10:48:37,54,51.65,5500,55.7,500,0,3000
PIDILITIND30Jan201380CE.NFO,07/01/2020,10:48:42,54,51.75,4500,55.8,500,0,3000
PIDILITIND30Jan201380CE.NFO,07/01/2020,10:48:46,54,51.75,4500,55.85,500,0,3000
PIDILITIND30Jan201380CE.NFO,07/01/2020,10:48:54,54,51.75,4500,55.95,500,0,3000
PIDILITIND30Jan201380CE.NFO,07/01/2020,10:48:58,54,51.85,1500,55.8,500,0,3000
PIDILITIND30Jan201380CE.NFO,07/01/2020,10:49:02,54,51.65,3000,55.55,500,0,3000
PIDILITIND30Jan201380CE.NFO,07/01/2020,10:49:22,54,51.65,3000,55.7,1500,0,3000
PIDILITIND30Jan201380CE.NFO,07/01/2020,10:49:24,54,50.4,6500,55.55,1000,0,3000
PIDILITIND30Jan201380CE.NFO,07/01/2020,10:49:25,54,50.4,10500,55.45,500,0,3000
PIDILITIND30Jan201380CE.NFO,07/01/2020,10:49:30,54,51.35,8500,55.45,500,0,3000
PIDILITIND30Jan201380CE.NFO,07/01/2020,10:49:30,54,51.35,9500,55.45,500,0,3000
PIDILITIND30Jan201380CE.NFO,07/01/2020,10:49:32,54,51.35,8500,55.45,500,0,3000
PIDILITIND30Jan201380CE.NFO,07/01/2020,10:49:32,54,51.7,4500,55.45,500,0,3000
PIDILITIND30Jan201380CE.NFO,07/01/2020,10:49:35,54,51.75,4000,55.65,500,0,3000
PIDILITIND30Jan201380CE.NFO,07/01/2020,10:49:36,54,51.75,1500,55.55,500,0,3000
PIDILITIND30Jan201380CE.NFO,07/01/2020,10:49:44,54,51.55,3500,55.4,500,0,3000
PIDILITIND30Jan201380CE.NFO,07/01/2020,10:49:44,54,51.55,4500,55.4,500,0,3000
PIDILITIND30Jan201380CE.NFO,07/01/2020,10:49:46,54,51.55,4500,55.4,1500,0,3000
PIDILITIND30Jan201380CE.NFO,07/01/2020,10:49:47,54,51.55,4500,55.3,1500,0,3000
PIDILITIND30Jan201380CE.NFO,07/01/2020,10:49:48,54,51.55,4500,55.2,500,0,3000
PIDILITIND30Jan201380CE.NFO,07/01/2020,10:49:49,54,51.55,4500,55.15,1000,0,3000
PIDILITIND30Jan201380CE.NFO,07/01/2020,10:49:50,54,51.55,4500,55.05,500,0,3000
PIDILITIND30Jan201380CE.NFO,07/01/2020,10:49:56,54,51.6,1000,55.05,500,0,3000
PIDILITIND30Jan201380CE.NFO,07/01/2020,10:50:51,54,51.7,1500,55.1,1000,0,3000
PIDILITIND30Jan201380CE.NFO,07/01/2020,10:51:00,54,51.7,1500,55.15,500,0,3000
PIDILITIND30Jan201380CE.NFO,07/01/2020,10:51:11,54,51.45,4000,55.1,1000,0,3000
PIDILITIND30Jan201380CE.NFO,07/01/2020,10:51:16,54,51.5,5500,55.1,1000,0,3000
PIDILITIND30Jan201380CE.NFO,07/01/2020,10:51:28,54,51.55,5000,55.1,1000,0,3000
PIDILITIND30Jan201380CE.NFO,07/01/2020,10:51:35,54,51.65,4500,55.1,1000,0,3000
PIDILITIND30Jan201380CE.NFO,07/01/2020,10:51:39,54,50.65,8500,55.1,1000,0,3000
PIDILITIND30Jan201380CE.NFO,07/01/2020,10:51:43,54,50.8,14500,55.1,1000,0,3000
PIDILITIND30Jan201380CE.NFO,07/01/2020,10:52:04,54,50.9,14500,55.1,1000,0,3000
PIDILITIND30Jan201380CE.NFO,07/01/2020,10:52:13,54,51.55,4000,55.1,1000,0,3000
PIDILITIND30Jan201380CE.NFO,07/01/2020,10:52:32,54,51.65,2000,55.1,1000,0,3000
PIDILITIND30Jan201380CE.NFO,07/01/2020,10:52:39,54,51.4,5500,55.1,1000,0,3000
PIDILITIND30Jan201380CE.NFO,07/01/2020,10:52:44,54,51.4,6500,55.1,1000,0,3000
PIDILITIND30Jan201380CE.NFO,07/01/2020,10:52:56,54,50.35,12500,57.5,1000,0,3000
PIDILITIND30Jan201380CE.NFO,07/01/2020,10:53:03,54,50.9,1500,57.85,1500,0,3000
PIDILITIND30Jan201380CE.NFO,07/01/2020,10:53:09,54,50.9,1500,57.15,1500,0,3000
PIDILITIND30Jan201380CE.NFO,07/01/2020,10:53:16,54,50.9,5500,57.6,1500,0,3000
PIDILITIND30Jan201380CE.NFO,07/01/2020,10:53:23,54,51.15,5000,57.9,1500,0,3000
PIDILITIND30Jan201380CE.NFO,07/01/2020,10:53:28,54,51.1,3000,57.95,500,0,3000
PIDILITIND30Jan201380CE.NFO,07/01/2020,10:53:39,54,50.45,9000,57.95,500,0,3000
PIDILITIND30Jan201380CE.NFO,07/01/2020,10:53:45,54,50.5,10500,57.95,500,0,3000
PIDILITIND30Jan201380CE.NFO,07/01/2020,10:53:57,54,50.5,10500,58,500,0,3000
PIDILITIND30Jan201380CE.NFO,07/01/2020,10:54:04,54,50.5,10500,57.95,500,0,3000
PIDILITIND30Jan201380CE.NFO,07/01/2020,10:54:45,54,50.5,10500,57.95,1500,0,3000
PIDILITIND30Jan201380CE.NFO,07/01/2020,10:54:50,54,51.3,1500,57.95,1500,0,3000
PIDILITIND30Jan201380CE.NFO,07/01/2020,10:54:55,54,51,1500,57.95,1500,0,3000
PIDILITIND30Jan201380CE.NFO,07/01/2020,10:54:59,54,51,1500,58,500,0,3000
PIDILITIND30Jan201380CE.NFO,07/01/2020,10:55:03,54,51,1500,58,1500,0,3000
PIDILITIND30Jan201380CE.NFO,07/01/2020,10:55:12,54,50.85,4500,58,500,0,3000
PIDILITIND30Jan201380CE.NFO,07/01/2020,10:55:21,54,51.4,1500,57.95,4000,0,3000
PIDILITIND30Jan201380CE.NFO,07/01/2020,10:55:25,54,51.2,1500,57.95,1000,0,3000
PIDILITIND30Jan201380CE.NFO,07/01/2020,10:55:31,54,51,2500,57.95,1000,0,3000
PIDILITIND30Jan201380CE.NFO,07/01/2020,10:55:36,54,51,2500,57.95,500,0,3000
PIDILITIND30Jan201380CE.NFO,07/01/2020,10:55:50,54,51.2,1500,57.85,1000,0,3000
PIDILITIND30Jan201380CE.NFO,07/01/2020,10:55:55,54,51.45,1500,57.85,1500,0,3000
PIDILITIND30Jan201380CE.NFO,07/01/2020,10:55:59,54,51.25,3500,57.85,1500,0,3000
PIDILITIND30Jan201380CE.NFO,07/01/2020,10:56:04,54,50.65,7000,57.95,1500,0,3000
PIDILITIND30Jan201380CE.NFO,07/01/2020,10:56:10,54,50.9,3500,57.8,3000,0,3000
PIDILITIND30Jan201380CE.NFO,07/01/2020,10:56:16,54,51.15,1500,57.8,3000,0,3000
PIDILITIND30Jan201380CE.NFO,07/01/2020,10:56:21,54,51.15,1500,57.75,2500,0,3000
PIDILITIND30Jan201380CE.NFO,07/01/2020,10:56:39,54,51.15,1500,57.7,2500,0,3000
PIDILITIND30Jan201380CE.NFO,07/01/2020,10:56:53,54,50.9,4000,57.4,1000,0,3000
PIDILITIND30Jan201380CE.NFO,07/01/2020,10:56:58,54,50.95,3500,57.5,1500,0,3000
PIDILITIND30Jan201380CE.NFO,07/01/2020,10:57:02,54,50.95,3500,57.6,2000,0,3000
PIDILITIND30Jan201380CE.NFO,07/01/2020,10:57:06,54,50.95,4500,57.5,2000,0,3000
PIDILITIND30Jan201380CE.NFO,07/01/2020,10:57:11,54,51.1,3500,57.65,2500,0,3000
PIDILITIND30Jan201380CE.NFO,07/01/2020,10:57:18,54,51.2,2000,57.5,1500,0,3000
PIDILITIND30Jan201380CE.NFO,07/01/2020,10:57:25,54,50,6500,56.85,1000,0,3000
PIDILITIND30Jan201380CE.NFO,07/01/2020,10:57:32,54,50.05,8000,57.15,5000,0,3000
PIDILITIND30Jan201380CE.NFO,07/01/2020,10:57:38,54,50.45,4000,57.95,7000,0,3000
PIDILITIND30Jan201380CE.NFO,07/01/2020,10:57:43,54,50.7,500,57.7,6500,0,3000
PIDILITIND30Jan201380CE.NFO,07/01/2020,10:57:49,54,50.7,500,57.15,1000,0,3000
PIDILITIND30Jan201380CE.NFO,07/01/2020,10:57:54,54,50.4,3000,57.65,5000,0,3000
PIDILITIND30Jan201380CE.NFO,07/01/2020,10:57:58,54,50.6,3000,57.2,1500,0,3000
PIDILITIND30Jan201380CE.NFO,07/01/2020,10:58:03,54,50.65,2000,57.6,8000,0,3000
PIDILITIND30Jan201380CE.NFO,07/01/2020,10:58:09,54,50.15,7500,56.95,1500,0,3000
PIDILITIND30Jan201380CE.NFO,07/01/2020,10:58:13,54,50.45,3000,57.95,9000,0,3000
PIDILITIND30Jan201380CE.NFO,07/01/2020,10:58:19,54,50.7,1500,57.4,4500,0,3000
PIDILITIND30Jan201380CE.NFO,07/01/2020,10:58:24,54,50.7,1500,56.85,1000,0,3000
PIDILITIND30Jan201380CE.NFO,07/01/2020,10:58:29,54,50.5,3000,56.75,1000,0,3000
PIDILITIND30Jan201380CE.NFO,07/01/2020,10:58:35,54,50.65,2500,57.5,8000,0,3000
PIDILITIND30Jan201380CE.NFO,07/01/2020,10:58:40,54,50.7,1000,57,1000,0,3000
PIDILITIND30Jan201380CE.NFO,07/01/2020,10:58:46,54,50.7,1000,56.95,1000,0,3000
PIDILITIND30Jan201380CE.NFO,07/01/2020,10:58:52,54,50.75,1500,57.65,7500,0,3000
PIDILITIND30Jan201380CE.NFO,07/01/2020,10:58:58,54,50.75,1500,57.05,1500,0,3000
PIDILITIND30Jan201380CE.NFO,07/01/2020,10:59:03,54,50.5,3000,56.6,1000,0,3000
PIDILITIND30Jan201380CE.NFO,07/01/2020,10:59:09,54,50.5,3000,57.1,3000,0,3000
PIDILITIND30Jan201380CE.NFO,07/01/2020,10:59:14,54,50.5,3000,56.85,500,0,3000
PIDILITIND30Jan201380CE.NFO,07/01/2020,10:59:19,54,50.6,2500,56.45,1000,0,3000
PIDILITIND30Jan201380CE.NFO,07/01/2020,10:59:24,54,50.6,2500,56,1000,0,3000
PIDILITIND30Jan201380CE.NFO,07/01/2020,10:59:29,54,50.6,2500,55.55,1000,0,3000
PIDILITIND30Jan201380CE.NFO,07/01/2020,10:59:35,54,50.6,2500,55.1,1000,0,3000
PIDILITIND30Jan201380CE.NFO,07/01/2020,10:59:41,54,50.6,2500,54.65,1000,0,3000
PIDILITIND30Jan201380CE.NFO,07/01/2020,10:59:46,54,50.6,2500,54.2,1000,0,3000
PIDILITIND30Jan201380CE.NFO,07/01/2020,10:59:52,54,50.6,2500,53.65,500,0,3000
PIDILITIND30Jan201380CE.NFO,07/01/2020,10:59:56,54,50.6,2500,53.65,1500,0,3000
PIDILITIND30Jan201380CE.NFO,07/01/2020,11:00:08,54,50.6,2500,53.5,500,0,3000
PIDILITIND30Jan201380CE.NFO,07/01/2020,11:00:15,54,50.6,2500,53.65,1000,0,3000
PIDILITIND30Jan201380CE.NFO,07/01/2020,11:00:21,54,50.6,2500,53.55,500,0,3000
PIDILITIND30Jan201380CE.NFO,07/01/2020,11:00:35,54,50.65,2000,53.7,500,0,3000
PIDILITIND30Jan201380CE.NFO,07/01/2020,11:00:42,54,49.9,2000,53.5,1000,0,3000
PIDILITIND30Jan201380CE.NFO,07/01/2020,11:00:49,54,49.9,2500,53.45,500,0,3000
PIDILITIND30Jan201380CE.NFO,07/01/2020,11:00:55,54,49.3,10000,53.45,500,0,3000
PIDILITIND30Jan201380CE.NFO,07/01/2020,11:01:03,54,49.45,5500,53.2,500,0,3000
PIDILITIND30Jan201380CE.NFO,07/01/2020,11:01:11,54,48,9500,55.35,1000,0,3000
PIDILITIND30Jan201380CE.NFO,07/01/2020,11:01:18,54,48,10500,55.45,500,0,3000
PIDILITIND30Jan201380CE.NFO,07/01/2020,11:01:26,54,48,10500,55.2,500,0,3000
PIDILITIND30Jan201380CE.NFO,07/01/2020,11:01:33,54,48,4500,55.35,4500,0,3000
PIDILITIND30Jan201380CE.NFO,07/01/2020,11:01:40,54,48,6500,55.3,7000,0,3000
PIDILITIND30Jan201380CE.NFO,07/01/2020,11:01:48,54,46.5,9000,54.4,1500,0,3000
PIDILITIND30Jan201380CE.NFO,07/01/2020,11:01:57,54,46.5,9000,53.65,500,0,3000
PIDILITIND30Jan201380CE.NFO,07/01/2020,11:02:03,54,46.5,9000,53.1,500,0,3000
PIDILITIND30Jan201380CE.NFO,07/01/2020,11:02:10,54,46.5,9000,52.5,500,0,3000
PIDILITIND30Jan201380CE.NFO,07/01/2020,11:02:17,54,46.5,9000,51.9,500,0,3000
