Ticker,Date,Time,LTP,BuyPrice,BuyQty,SellPrice,SellQty,LTQ,OpenInterest
PNB30Jan2062PE.NFO,07/01/2020,09:15:39,2.15,2.05,8300,2.45,74700,8300,929600
PNB30Jan2062PE.NFO,07/01/2020,09:15:39,2.15,2.05,8300,2.45,74700,0,929600
PNB30Jan2062PE.NFO,07/01/2020,09:15:39,2.15,2.05,8300,2.45,74700,0,929600
PNB30Jan2062PE.NFO,07/01/2020,09:15:39,2.15,2.05,8300,2.45,74700,0,929600
PNB30Jan2062PE.NFO,07/01/2020,09:15:51,2.05,2,16600,2.2,16600,8300,929600
PNB30Jan2062PE.NFO,07/01/2020,09:15:51,2.05,2,16600,2.2,16600,0,929600
PNB30Jan2062PE.NFO,07/01/2020,09:16:04,2.05,1.95,24900,2.2,16600,0,929600
PNB30Jan2062PE.NFO,07/01/2020,09:16:15,1.95,1.9,16600,2.05,24900,16600,929600
PNB30Jan2062PE.NFO,07/01/2020,09:16:15,1.95,1.9,16600,2.05,24900,0,929600
PNB30Jan2062PE.NFO,07/01/2020,09:16:27,1.95,1.9,16600,2,16600,8300,929600
PNB30Jan2062PE.NFO,07/01/2020,09:16:37,1.9,1.85,107900,2.05,8300,16600,929600
PNB30Jan2062PE.NFO,07/01/2020,09:16:37,1.9,1.85,107900,2.05,8300,0,929600
PNB30Jan2062PE.NFO,07/01/2020,09:16:46,1.9,1.85,91300,2,8300,0,929600
PNB30Jan2062PE.NFO,07/01/2020,09:16:56,1.9,1.85,8300,2,8300,0,929600
PNB30Jan2062PE.NFO,07/01/2020,09:17:06,1.9,1.9,16600,2,8300,0,929600
PNB30Jan2062PE.NFO,07/01/2020,09:17:35,1.9,1.8,99600,2,8300,0,929600
PNB30Jan2062PE.NFO,07/01/2020,09:17:46,2,1.85,24900,2.05,8300,8300,921300
PNB30Jan2062PE.NFO,07/01/2020,09:17:56,2,1.85,91300,2.05,8300,0,921300
PNB30Jan2062PE.NFO,07/01/2020,09:18:06,2,1.85,8300,2.05,8300,0,921300
PNB30Jan2062PE.NFO,07/01/2020,09:18:15,2,1.9,8300,2.05,8300,0,921300
PNB30Jan2062PE.NFO,07/01/2020,09:18:24,2,1.9,16600,2.05,16600,0,921300
PNB30Jan2062PE.NFO,07/01/2020,09:18:32,2,1.9,66400,2.05,16600,0,921300
PNB30Jan2062PE.NFO,07/01/2020,09:18:42,2.05,1.95,8300,2.05,8300,8300,921300
PNB30Jan2062PE.NFO,07/01/2020,09:18:51,2.05,1.9,8300,2.05,8300,0,921300
PNB30Jan2062PE.NFO,07/01/2020,09:19:09,2.05,1.9,24900,2.1,16600,0,921300
PNB30Jan2062PE.NFO,07/01/2020,09:19:17,2.05,1.95,24900,2.1,41500,0,921300
PNB30Jan2062PE.NFO,07/01/2020,09:19:25,2.05,1.95,24900,2.1,58100,0,921300
PNB30Jan2062PE.NFO,07/01/2020,09:19:50,2.05,1.95,33200,2.1,41500,0,921300
PNB30Jan2062PE.NFO,07/01/2020,09:20:14,2.05,1.95,33200,2.1,58100,0,921300
PNB30Jan2062PE.NFO,07/01/2020,09:20:21,2.05,2,16600,2.1,66400,0,921300
PNB30Jan2062PE.NFO,07/01/2020,09:20:37,2.05,2,24900,2.1,41500,0,921300
PNB30Jan2062PE.NFO,07/01/2020,09:20:44,2.05,2,24900,2.1,49800,0,921300
PNB30Jan2062PE.NFO,07/01/2020,09:20:52,2.05,2,16600,2.1,66400,0,921300
PNB30Jan2062PE.NFO,07/01/2020,09:21:08,2,1.95,41500,2.05,16600,8300,921300
PNB30Jan2062PE.NFO,07/01/2020,09:21:16,2,1.95,41500,2.05,16600,0,921300
PNB30Jan2062PE.NFO,07/01/2020,09:21:39,2,1.95,41500,2.1,58100,0,921300
PNB30Jan2062PE.NFO,07/01/2020,09:22:11,2,1.95,33200,2.05,24900,0,921300
PNB30Jan2062PE.NFO,07/01/2020,09:22:19,2,1.95,33200,2.1,66400,0,921300
PNB30Jan2062PE.NFO,07/01/2020,09:22:27,2,1.95,41500,2.1,66400,0,921300
PNB30Jan2062PE.NFO,07/01/2020,09:22:34,2,1.95,41500,2.1,74700,0,921300
PNB30Jan2062PE.NFO,07/01/2020,09:22:41,2,1.95,41500,2.1,66400,0,921300
PNB30Jan2062PE.NFO,07/01/2020,09:22:48,2,1.95,49800,2.1,66400,0,921300
PNB30Jan2062PE.NFO,07/01/2020,09:22:55,2,1.95,33200,2.1,74700,0,921300
PNB30Jan2062PE.NFO,07/01/2020,09:23:18,2,1.95,49800,2.1,66400,0,921300
PNB30Jan2062PE.NFO,07/01/2020,09:23:24,2,2,8300,2.1,66400,0,921300
PNB30Jan2062PE.NFO,07/01/2020,09:23:31,2,1.95,41500,2.1,74700,0,921300
PNB30Jan2062PE.NFO,07/01/2020,09:23:37,2,2,8300,2.1,66400,0,921300
PNB30Jan2062PE.NFO,07/01/2020,09:23:50,2,2,8300,2.1,74700,0,921300
PNB30Jan2062PE.NFO,07/01/2020,09:24:17,2,2,16600,2.1,58100,0,921300
PNB30Jan2062PE.NFO,07/01/2020,09:24:44,2,2,16600,2.1,33200,0,921300
PNB30Jan2062PE.NFO,07/01/2020,09:24:49,2.1,2.05,16600,2.15,16600,8300,929600
PNB30Jan2062PE.NFO,07/01/2020,09:24:56,2.1,2.05,16600,2.15,16600,0,929600
PNB30Jan2062PE.NFO,07/01/2020,09:25:03,2.1,2.05,33200,2.2,58100,0,929600
PNB30Jan2062PE.NFO,07/01/2020,09:25:10,2.1,2.1,8300,2.2,24900,0,929600
PNB30Jan2062PE.NFO,07/01/2020,09:25:18,2.1,2.1,8300,2.2,33200,0,929600
PNB30Jan2062PE.NFO,07/01/2020,09:25:31,2.1,2.1,16600,2.2,16600,0,929600
PNB30Jan2062PE.NFO,07/01/2020,09:25:39,2.1,2.15,16600,2.25,66400,0,929600
PNB30Jan2062PE.NFO,07/01/2020,09:26:01,2.1,2.15,16600,2.25,49800,0,929600
PNB30Jan2062PE.NFO,07/01/2020,09:26:10,2.1,2.1,24900,2.2,8300,0,929600
PNB30Jan2062PE.NFO,07/01/2020,09:26:24,2.1,2.1,24900,2.2,16600,0,929600
PNB30Jan2062PE.NFO,07/01/2020,09:26:30,2.1,2.05,41500,2.2,41500,0,929600
PNB30Jan2062PE.NFO,07/01/2020,09:26:43,2.1,2.1,24900,2.2,24900,0,929600
PNB30Jan2062PE.NFO,07/01/2020,09:26:50,2.1,2.05,41500,2.2,41500,0,929600
PNB30Jan2062PE.NFO,07/01/2020,09:27:06,2.1,2.1,16600,2.2,41500,0,929600
PNB30Jan2062PE.NFO,07/01/2020,09:27:11,2.1,2.1,16600,2.2,33200,0,929600
PNB30Jan2062PE.NFO,07/01/2020,09:27:42,2.1,2.1,16600,2.2,41500,0,929600
PNB30Jan2062PE.NFO,07/01/2020,09:27:48,2.1,2.1,16600,2.2,33200,0,929600
PNB30Jan2062PE.NFO,07/01/2020,09:28:11,2.1,2.1,24900,2.2,33200,0,929600
PNB30Jan2062PE.NFO,07/01/2020,09:28:25,2.1,2.1,24900,2.2,24900,0,929600
PNB30Jan2062PE.NFO,07/01/2020,09:28:31,2.1,2.1,24900,2.2,16600,0,929600
PNB30Jan2062PE.NFO,07/01/2020,09:28:37,2.1,2.1,16600,2.2,33200,0,929600
PNB30Jan2062PE.NFO,07/01/2020,09:28:48,2.1,2.1,24900,2.2,16600,0,929600
PNB30Jan2062PE.NFO,07/01/2020,09:29:18,2.1,2.1,8300,2.2,24900,0,929600
PNB30Jan2062PE.NFO,07/01/2020,09:29:55,2.1,2.1,16600,2.2,24900,0,929600
PNB30Jan2062PE.NFO,07/01/2020,09:30:05,2.1,2.1,8300,2.2,24900,0,929600
PNB30Jan2062PE.NFO,07/01/2020,09:30:59,2.1,2.05,49800,2.15,8300,0,929600
PNB30Jan2062PE.NFO,07/01/2020,09:31:04,2.1,2.1,16600,2.15,8300,0,929600
PNB30Jan2062PE.NFO,07/01/2020,09:31:10,2.1,2.05,41500,2.15,8300,0,929600
PNB30Jan2062PE.NFO,07/01/2020,09:31:51,2.1,2.05,33200,2.15,8300,0,929600
PNB30Jan2062PE.NFO,07/01/2020,09:31:56,2.1,2.05,41500,2.15,16600,0,929600
PNB30Jan2062PE.NFO,07/01/2020,09:32:09,2.1,2.05,41500,2.15,8300,0,929600
PNB30Jan2062PE.NFO,07/01/2020,09:32:23,2.1,2.1,8300,2.15,16600,0,929600
PNB30Jan2062PE.NFO,07/01/2020,09:32:30,2.1,2.05,41500,2.15,24900,0,929600
PNB30Jan2062PE.NFO,07/01/2020,09:32:36,2.1,2.05,33200,2.15,24900,0,929600
PNB30Jan2062PE.NFO,07/01/2020,09:32:48,2.1,2.05,24900,2.15,41500,0,929600
PNB30Jan2062PE.NFO,07/01/2020,09:33:00,2.1,2.05,24900,2.15,33200,0,929600
PNB30Jan2062PE.NFO,07/01/2020,09:33:06,2.1,2.05,41500,2.15,24900,0,929600
PNB30Jan2062PE.NFO,07/01/2020,09:33:12,2.1,2.05,33200,2.15,24900,0,929600
PNB30Jan2062PE.NFO,07/01/2020,09:33:18,2.1,2.05,24900,2.15,24900,8300,921300
PNB30Jan2062PE.NFO,07/01/2020,09:33:25,2.1,2.05,24900,2.15,24900,0,921300
PNB30Jan2062PE.NFO,07/01/2020,09:33:47,2.1,2.05,33200,2.15,24900,0,921300
PNB30Jan2062PE.NFO,07/01/2020,09:34:09,2.1,2.05,41500,2.15,24900,0,921300
PNB30Jan2062PE.NFO,07/01/2020,09:34:27,2.1,2.05,41500,2.15,24900,8300,921300
PNB30Jan2062PE.NFO,07/01/2020,09:34:33,2.1,2.05,41500,2.15,16600,0,921300
PNB30Jan2062PE.NFO,07/01/2020,09:35:02,2.1,2.05,41500,2.15,33200,0,921300
PNB30Jan2062PE.NFO,07/01/2020,09:35:35,2.15,2.15,24900,2.25,24900,8300,921300
PNB30Jan2062PE.NFO,07/01/2020,09:35:42,2.15,2.2,33200,2.3,41500,0,921300
PNB30Jan2062PE.NFO,07/01/2020,09:35:50,2.15,2.25,24900,2.35,8300,0,921300
PNB30Jan2062PE.NFO,07/01/2020,09:36:05,2.15,2.2,41500,2.35,24900,0,921300
PNB30Jan2062PE.NFO,07/01/2020,09:36:11,2.15,2.2,8300,2.3,24900,0,921300
PNB30Jan2062PE.NFO,07/01/2020,09:36:17,2.15,2.2,8300,2.3,41500,0,921300
PNB30Jan2062PE.NFO,07/01/2020,09:36:29,2.15,2.2,8300,2.3,24900,0,921300
PNB30Jan2062PE.NFO,07/01/2020,09:36:34,2.15,2.2,8300,2.3,33200,0,921300
PNB30Jan2062PE.NFO,07/01/2020,09:36:50,2.15,2.15,33200,2.3,33200,0,921300
PNB30Jan2062PE.NFO,07/01/2020,09:37:02,2.15,2.15,41500,2.3,33200,0,921300
PNB30Jan2062PE.NFO,07/01/2020,09:37:07,2.15,2.2,8300,2.3,24900,0,921300
PNB30Jan2062PE.NFO,07/01/2020,09:37:23,2.15,2.15,41500,2.3,33200,0,921300
PNB30Jan2062PE.NFO,07/01/2020,09:37:38,2.15,2.15,41500,2.3,24900,0,921300
PNB30Jan2062PE.NFO,07/01/2020,09:37:43,2.15,2.15,33200,2.3,24900,0,921300
PNB30Jan2062PE.NFO,07/01/2020,09:38:13,2.15,2.15,16600,2.25,16600,0,921300
PNB30Jan2062PE.NFO,07/01/2020,09:38:41,2.15,2.1,41500,2.25,41500,0,921300
PNB30Jan2062PE.NFO,07/01/2020,09:38:46,2.15,2.15,24900,2.25,24900,0,921300
PNB30Jan2062PE.NFO,07/01/2020,09:38:57,2.2,2.15,33200,2.25,24900,8300,929600
PNB30Jan2062PE.NFO,07/01/2020,09:38:57,2.2,2.15,33200,2.25,24900,0,929600
PNB30Jan2062PE.NFO,07/01/2020,09:39:02,2.2,2.15,33200,2.25,24900,0,929600
PNB30Jan2062PE.NFO,07/01/2020,09:39:07,2.2,2.15,33200,2.25,33200,0,929600
PNB30Jan2062PE.NFO,07/01/2020,09:39:12,2.2,2.15,33200,2.25,49800,0,929600
PNB30Jan2062PE.NFO,07/01/2020,09:39:17,2.2,2.15,16600,2.25,74700,0,929600
PNB30Jan2062PE.NFO,07/01/2020,09:39:38,2.2,2.15,16600,2.25,66400,0,929600
PNB30Jan2062PE.NFO,07/01/2020,09:39:43,2.2,2.15,33200,2.25,58100,0,929600
PNB30Jan2062PE.NFO,07/01/2020,09:40:05,2.2,2.15,24900,2.25,74700,8300,929600
PNB30Jan2062PE.NFO,07/01/2020,09:40:11,2.2,2.15,24900,2.25,74700,0,929600
PNB30Jan2062PE.NFO,07/01/2020,09:40:23,2.2,2.15,24900,2.25,66400,0,929600
PNB30Jan2062PE.NFO,07/01/2020,09:40:29,2.15,2.1,24900,2.2,8300,16600,929600
PNB30Jan2062PE.NFO,07/01/2020,09:40:34,2.15,2.1,16600,2.2,8300,0,929600
PNB30Jan2062PE.NFO,07/01/2020,09:40:51,2.15,2.05,16600,2.1,8300,0,929600
PNB30Jan2062PE.NFO,07/01/2020,09:41:02,2.15,2.05,24900,2.1,8300,0,929600
PNB30Jan2062PE.NFO,07/01/2020,09:41:08,2.15,2.05,8300,2.1,8300,0,929600
PNB30Jan2062PE.NFO,07/01/2020,09:41:23,2.05,2,24900,2.1,16600,16600,921300
PNB30Jan2062PE.NFO,07/01/2020,09:41:34,2.05,2,24900,2.1,16600,0,921300
PNB30Jan2062PE.NFO,07/01/2020,09:41:38,2.05,2,24900,2.1,8300,0,921300
PNB30Jan2062PE.NFO,07/01/2020,09:41:43,2.05,2,24900,2.1,16600,0,921300
PNB30Jan2062PE.NFO,07/01/2020,09:41:55,2.05,2,33200,2.1,16600,0,921300
PNB30Jan2062PE.NFO,07/01/2020,09:42:02,2.05,2,33200,2.1,8300,0,921300
PNB30Jan2062PE.NFO,07/01/2020,09:42:17,2.05,2,24900,2.1,8300,0,921300
PNB30Jan2062PE.NFO,07/01/2020,09:42:30,2.05,2,33200,2.1,16600,0,921300
PNB30Jan2062PE.NFO,07/01/2020,09:42:37,2.05,2,33200,2.1,24900,0,921300
PNB30Jan2062PE.NFO,07/01/2020,09:42:44,2.05,2.05,8300,2.1,8300,0,921300
PNB30Jan2062PE.NFO,07/01/2020,09:43:03,2.05,2.05,24900,2.15,33200,0,921300
PNB30Jan2062PE.NFO,07/01/2020,09:43:24,2.05,2.05,8300,2.15,58100,0,921300
PNB30Jan2062PE.NFO,07/01/2020,09:43:29,2.05,2.05,8300,2.15,33200,0,921300
PNB30Jan2062PE.NFO,07/01/2020,09:43:34,2.05,2.05,24900,2.15,24900,0,921300
PNB30Jan2062PE.NFO,07/01/2020,09:43:39,2.05,2.05,8300,2.15,33200,0,921300
PNB30Jan2062PE.NFO,07/01/2020,09:43:44,2.05,2.05,24900,2.15,24900,0,921300
PNB30Jan2062PE.NFO,07/01/2020,09:44:06,2.05,2.05,24900,2.15,33200,0,921300
PNB30Jan2062PE.NFO,07/01/2020,09:44:12,2.05,2.05,8300,2.15,41500,0,921300
PNB30Jan2062PE.NFO,07/01/2020,09:45:10,2.05,2.05,16600,2.15,41500,0,921300
PNB30Jan2062PE.NFO,07/01/2020,09:45:31,2.05,2,33200,2.1,16600,0,921300
PNB30Jan2062PE.NFO,07/01/2020,09:45:47,2.05,2,33200,2.1,8300,0,921300
PNB30Jan2062PE.NFO,07/01/2020,09:45:58,2.05,2.05,8300,2.1,8300,0,921300
PNB30Jan2062PE.NFO,07/01/2020,09:46:19,2.05,2.05,8300,2.15,66400,0,921300
PNB30Jan2062PE.NFO,07/01/2020,09:46:25,2.05,2,41500,2.1,16600,0,921300
PNB30Jan2062PE.NFO,07/01/2020,09:46:37,2.05,2,33200,2.1,16600,0,921300
PNB30Jan2062PE.NFO,07/01/2020,09:46:43,2.05,2,41500,2.1,16600,0,921300
PNB30Jan2062PE.NFO,07/01/2020,09:46:48,2.05,2,33200,2.1,16600,0,921300
PNB30Jan2062PE.NFO,07/01/2020,09:46:53,2.05,2,41500,2.1,16600,0,921300
PNB30Jan2062PE.NFO,07/01/2020,09:46:59,2.05,2,24900,2.1,66400,0,921300
PNB30Jan2062PE.NFO,07/01/2020,09:47:04,2.05,2,24900,2.1,58100,0,921300
PNB30Jan2062PE.NFO,07/01/2020,09:48:35,2.05,2,24900,2.1,49800,0,921300
PNB30Jan2062PE.NFO,07/01/2020,09:48:41,2.05,2,33200,2.1,16600,0,921300
PNB30Jan2062PE.NFO,07/01/2020,09:48:53,2.05,2,41500,2.1,16600,0,921300
PNB30Jan2062PE.NFO,07/01/2020,09:48:59,2.05,2.05,8300,2.1,16600,0,921300
PNB30Jan2062PE.NFO,07/01/2020,09:49:06,2.05,2.05,8300,2.15,74700,0,921300
PNB30Jan2062PE.NFO,07/01/2020,09:49:28,2.05,2.05,33200,2.15,41500,0,921300
PNB30Jan2062PE.NFO,07/01/2020,09:50:14,2.05,2.05,16600,2.15,49800,0,921300
PNB30Jan2062PE.NFO,07/01/2020,09:50:20,2.05,2.05,33200,2.15,41500,0,921300
PNB30Jan2062PE.NFO,07/01/2020,09:50:25,2.05,2.05,16600,2.15,41500,0,921300
PNB30Jan2062PE.NFO,07/01/2020,09:50:33,2.05,2.05,24900,2.15,41500,0,921300
PNB30Jan2062PE.NFO,07/01/2020,09:50:47,2.05,2.05,41500,2.2,58100,0,921300
PNB30Jan2062PE.NFO,07/01/2020,09:50:52,2.05,2.05,41500,2.15,8300,0,921300
PNB30Jan2062PE.NFO,07/01/2020,09:51:02,2.05,2.1,8300,2.2,83000,0,921300
PNB30Jan2062PE.NFO,07/01/2020,09:51:07,2.05,2.1,16600,2.2,58100,0,921300
PNB30Jan2062PE.NFO,07/01/2020,09:51:13,2.05,2.1,8300,2.2,83000,0,921300
PNB30Jan2062PE.NFO,07/01/2020,09:51:30,2.05,2.1,8300,2.2,74700,0,921300
PNB30Jan2062PE.NFO,07/01/2020,09:51:48,2.05,2.05,41500,2.2,74700,0,921300
PNB30Jan2062PE.NFO,07/01/2020,09:51:53,2.05,2.05,33200,2.15,33200,0,921300
PNB30Jan2062PE.NFO,07/01/2020,09:51:58,2.05,2.1,16600,2.2,74700,0,921300
PNB30Jan2062PE.NFO,07/01/2020,09:52:02,2.05,2.1,24900,2.2,58100,0,921300
PNB30Jan2062PE.NFO,07/01/2020,09:52:07,2.05,2.1,33200,2.2,8300,0,921300
PNB30Jan2062PE.NFO,07/01/2020,09:52:13,2.05,2.15,8300,2.25,83000,0,921300
PNB30Jan2062PE.NFO,07/01/2020,09:52:22,2.05,2.15,16600,2.25,58100,0,921300
PNB30Jan2062PE.NFO,07/01/2020,09:52:33,2.05,2.15,41500,2.25,8300,0,921300
PNB30Jan2062PE.NFO,07/01/2020,09:52:38,2.05,2.15,41500,2.25,16600,0,921300
PNB30Jan2062PE.NFO,07/01/2020,09:52:56,2.05,2.15,41500,2.25,24900,0,921300
PNB30Jan2062PE.NFO,07/01/2020,09:53:01,2.05,2.15,41500,2.25,16600,0,921300
PNB30Jan2062PE.NFO,07/01/2020,09:53:07,2.05,2.2,33200,2.3,33200,0,921300
PNB30Jan2062PE.NFO,07/01/2020,09:53:14,2.05,2.2,33200,2.3,24900,0,921300
PNB30Jan2062PE.NFO,07/01/2020,09:53:19,2.05,2.2,33200,2.3,33200,0,921300
PNB30Jan2062PE.NFO,07/01/2020,09:53:24,2.05,2.2,24900,2.3,33200,0,921300
PNB30Jan2062PE.NFO,07/01/2020,09:53:29,2.05,2.2,24900,2.3,24900,0,921300
PNB30Jan2062PE.NFO,07/01/2020,09:53:33,2.05,2.2,8300,2.3,49800,0,921300
PNB30Jan2062PE.NFO,07/01/2020,09:53:39,2.05,2.15,41500,2.3,58100,0,921300
PNB30Jan2062PE.NFO,07/01/2020,09:53:44,2.05,2.2,8300,2.3,41500,0,921300
PNB30Jan2062PE.NFO,07/01/2020,09:53:49,2.05,2.15,41500,2.25,8300,0,921300
PNB30Jan2062PE.NFO,07/01/2020,09:53:54,2.05,2.2,16600,2.25,8300,0,921300
PNB30Jan2062PE.NFO,07/01/2020,09:53:59,2.05,2.15,41500,2.25,8300,0,921300
PNB30Jan2062PE.NFO,07/01/2020,09:54:04,2.05,2.15,41500,2.25,16600,0,921300
PNB30Jan2062PE.NFO,07/01/2020,09:54:15,2.05,2.15,49800,2.3,24900,0,921300
PNB30Jan2062PE.NFO,07/01/2020,09:54:25,2.05,2.15,41500,2.25,8300,0,921300
PNB30Jan2062PE.NFO,07/01/2020,09:54:31,2.05,2.15,49800,2.3,33200,0,921300
PNB30Jan2062PE.NFO,07/01/2020,09:54:45,2.05,2.15,49800,2.3,41500,0,921300
PNB30Jan2062PE.NFO,07/01/2020,09:55:00,2.05,2.15,49800,2.3,33200,0,921300
PNB30Jan2062PE.NFO,07/01/2020,09:55:06,2.05,2.15,41500,2.25,8300,0,921300
PNB30Jan2062PE.NFO,07/01/2020,09:55:23,2.05,2.2,16600,2.3,24900,0,921300
PNB30Jan2062PE.NFO,07/01/2020,09:55:56,2.05,2.25,16600,2.3,8300,0,921300
PNB30Jan2062PE.NFO,07/01/2020,09:56:01,2.05,2.25,8300,2.3,8300,0,921300
PNB30Jan2062PE.NFO,07/01/2020,09:56:06,2.05,2.25,33200,2.35,8300,0,921300
PNB30Jan2062PE.NFO,07/01/2020,09:56:13,2.05,2.25,8300,2.35,24900,0,921300
PNB30Jan2062PE.NFO,07/01/2020,09:56:20,2.05,2.25,8300,2.35,16600,0,921300
PNB30Jan2062PE.NFO,07/01/2020,09:56:26,2.05,2.25,16600,2.35,16600,0,921300
PNB30Jan2062PE.NFO,07/01/2020,09:56:43,2.05,2.25,16600,2.35,24900,0,921300
PNB30Jan2062PE.NFO,07/01/2020,09:57:05,2.05,2.25,16600,2.35,33200,0,921300
PNB30Jan2062PE.NFO,07/01/2020,09:57:09,2.05,2.2,33200,2.35,49800,0,921300
PNB30Jan2062PE.NFO,07/01/2020,09:57:14,2.05,2.25,16600,2.35,24900,0,921300
PNB30Jan2062PE.NFO,07/01/2020,09:57:26,2.05,2.25,16600,2.35,16600,0,921300
PNB30Jan2062PE.NFO,07/01/2020,09:57:31,2.05,2.2,33200,2.3,8300,0,921300
PNB30Jan2062PE.NFO,07/01/2020,09:57:36,2.05,2.2,33200,2.3,16600,0,921300
PNB30Jan2062PE.NFO,07/01/2020,09:57:49,2.05,2.2,33200,2.3,24900,0,921300
PNB30Jan2062PE.NFO,07/01/2020,09:57:53,2.05,2.2,33200,2.3,16600,0,921300
PNB30Jan2062PE.NFO,07/01/2020,09:58:42,2.05,2.2,24900,2.3,8300,0,921300
PNB30Jan2062PE.NFO,07/01/2020,09:58:47,2.05,2.2,33200,2.3,8300,0,921300
PNB30Jan2062PE.NFO,07/01/2020,09:58:53,2.05,2.2,33200,2.3,16600,0,921300
PNB30Jan2062PE.NFO,07/01/2020,09:58:59,2.05,2.2,33200,2.3,24900,0,921300
PNB30Jan2062PE.NFO,07/01/2020,09:59:11,2.05,2.2,33200,2.3,16600,0,921300
PNB30Jan2062PE.NFO,07/01/2020,09:59:17,2.05,2.2,33200,2.35,66400,0,921300
PNB30Jan2062PE.NFO,07/01/2020,09:59:22,2.05,2.25,24900,2.35,49800,0,921300
PNB30Jan2062PE.NFO,07/01/2020,09:59:28,2.05,2.25,16600,2.35,49800,0,921300
PNB30Jan2062PE.NFO,07/01/2020,09:59:38,2.05,2.2,33200,2.3,16600,0,921300
PNB30Jan2062PE.NFO,07/01/2020,09:59:43,2.05,2.25,8300,2.35,49800,0,921300
PNB30Jan2062PE.NFO,07/01/2020,09:59:48,2.05,2.25,16600,2.35,58100,0,921300
PNB30Jan2062PE.NFO,07/01/2020,09:59:56,2.05,2.25,24900,2.35,41500,0,921300
PNB30Jan2062PE.NFO,07/01/2020,10:00:00,2.05,2.25,16600,2.35,41500,0,921300
PNB30Jan2062PE.NFO,07/01/2020,10:00:04,2.05,2.25,16600,2.35,49800,0,921300
PNB30Jan2062PE.NFO,07/01/2020,10:00:08,2.05,2.25,33200,2.35,16600,0,921300
PNB30Jan2062PE.NFO,07/01/2020,10:00:20,2.05,2.25,33200,2.35,24900,0,921300
PNB30Jan2062PE.NFO,07/01/2020,10:00:26,2.05,2.3,8300,2.4,66400,0,921300
PNB30Jan2062PE.NFO,07/01/2020,10:00:46,2.05,2.3,24900,2.4,16600,0,921300
PNB30Jan2062PE.NFO,07/01/2020,10:00:53,2.05,2.35,16600,2.45,58100,0,921300
PNB30Jan2062PE.NFO,07/01/2020,10:01:05,2.05,2.35,8300,2.4,16600,0,921300
PNB30Jan2062PE.NFO,07/01/2020,10:01:11,2.05,2.35,24900,2.45,49800,0,921300
PNB30Jan2062PE.NFO,07/01/2020,10:01:18,2.05,2.35,16600,2.45,49800,0,921300
PNB30Jan2062PE.NFO,07/01/2020,10:01:25,2.05,2.35,16600,2.45,41500,0,921300
PNB30Jan2062PE.NFO,07/01/2020,10:01:31,2.05,2.35,41500,2.45,33200,0,921300
PNB30Jan2062PE.NFO,07/01/2020,10:01:36,2.05,2.35,33200,2.45,33200,0,921300
PNB30Jan2062PE.NFO,07/01/2020,10:01:42,2.05,2.35,33200,2.45,41500,0,921300
PNB30Jan2062PE.NFO,07/01/2020,10:01:47,2.05,2.35,33200,2.45,24900,0,921300
PNB30Jan2062PE.NFO,07/01/2020,10:02:00,2.05,2.4,8300,2.5,41500,0,921300
PNB30Jan2062PE.NFO,07/01/2020,10:02:05,2.05,2.35,41500,2.5,33200,0,921300
PNB30Jan2062PE.NFO,07/01/2020,10:02:10,2.05,2.35,33200,2.45,16600,0,921300
PNB30Jan2062PE.NFO,07/01/2020,10:02:16,2.05,2.35,41500,2.45,16600,0,921300
PNB30Jan2062PE.NFO,07/01/2020,10:02:31,2.05,2.4,8300,2.5,33200,0,921300
PNB30Jan2062PE.NFO,07/01/2020,10:02:41,2.4,2.35,24900,2.45,16600,8300,921300
PNB30Jan2062PE.NFO,07/01/2020,10:02:41,2.4,2.35,24900,2.45,16600,0,921300
PNB30Jan2062PE.NFO,07/01/2020,10:02:46,2.4,2.35,24900,2.45,8300,0,921300
PNB30Jan2062PE.NFO,07/01/2020,10:02:56,2.4,2.35,33200,2.45,8300,0,921300
PNB30Jan2062PE.NFO,07/01/2020,10:03:01,2.4,2.35,24900,2.45,8300,0,921300
PNB30Jan2062PE.NFO,07/01/2020,10:03:13,2.4,2.35,33200,2.45,8300,0,921300
PNB30Jan2062PE.NFO,07/01/2020,10:05:30,2.4,2.4,8300,2.5,24900,0,921300
PNB30Jan2062PE.NFO,07/01/2020,10:05:37,2.4,2.4,16600,2.5,33200,0,921300
PNB30Jan2062PE.NFO,07/01/2020,10:05:49,2.4,2.45,8300,2.5,8300,0,921300
PNB30Jan2062PE.NFO,07/01/2020,10:05:55,2.4,2.4,24900,2.5,24900,0,921300
PNB30Jan2062PE.NFO,07/01/2020,10:06:06,2.4,2.45,8300,2.5,16600,0,921300
PNB30Jan2062PE.NFO,07/01/2020,10:06:12,2.4,2.4,24900,2.5,24900,0,921300
PNB30Jan2062PE.NFO,07/01/2020,10:06:45,2.4,2.4,16600,2.5,24900,0,921300
PNB30Jan2062PE.NFO,07/01/2020,10:07:00,2.4,2.4,33200,2.5,16600,0,921300
PNB30Jan2062PE.NFO,07/01/2020,10:07:05,2.4,2.45,8300,2.5,8300,0,921300
PNB30Jan2062PE.NFO,07/01/2020,10:07:10,2.5,2.45,16600,2.55,24900,8300,929600
PNB30Jan2062PE.NFO,07/01/2020,10:07:10,2.5,2.45,16600,2.55,24900,0,929600
PNB30Jan2062PE.NFO,07/01/2020,10:07:28,2.5,2.45,16600,2.55,41500,0,929600
PNB30Jan2062PE.NFO,07/01/2020,10:07:41,2.5,2.45,8300,2.55,33200,0,929600
PNB30Jan2062PE.NFO,07/01/2020,10:07:52,2.5,2.45,8300,2.5,16600,0,929600
PNB30Jan2062PE.NFO,07/01/2020,10:08:13,2.5,2.45,8300,2.5,41500,0,929600
PNB30Jan2062PE.NFO,07/01/2020,10:08:18,2.45,2.4,16600,2.5,41500,8300,929600
PNB30Jan2062PE.NFO,07/01/2020,10:08:24,2.45,2.4,16600,2.5,41500,0,929600
PNB30Jan2062PE.NFO,07/01/2020,10:08:37,2.45,2.35,33200,2.5,41500,0,929600
PNB30Jan2062PE.NFO,07/01/2020,10:08:55,2.45,2.35,33200,2.45,8300,0,929600
PNB30Jan2062PE.NFO,07/01/2020,10:09:16,2.45,2.4,16600,2.5,58100,0,929600
PNB30Jan2062PE.NFO,07/01/2020,10:09:22,2.45,2.4,16600,2.5,33200,0,929600
PNB30Jan2062PE.NFO,07/01/2020,10:09:43,2.45,2.4,16600,2.5,41500,0,929600
PNB30Jan2062PE.NFO,07/01/2020,10:10:05,2.45,2.4,16600,2.5,33200,0,929600
PNB30Jan2062PE.NFO,07/01/2020,10:10:23,2.45,2.4,16600,2.5,41500,0,929600
PNB30Jan2062PE.NFO,07/01/2020,10:10:37,2.45,2.35,41500,2.45,8300,0,929600
PNB30Jan2062PE.NFO,07/01/2020,10:11:06,2.45,2.35,33200,2.45,8300,0,929600
PNB30Jan2062PE.NFO,07/01/2020,10:11:11,2.45,2.35,16600,2.45,8300,0,929600
PNB30Jan2062PE.NFO,07/01/2020,10:11:17,2.45,2.35,16600,2.45,16600,0,929600
PNB30Jan2062PE.NFO,07/01/2020,10:11:27,2.45,2.35,16600,2.45,49800,0,929600
PNB30Jan2062PE.NFO,07/01/2020,10:11:32,2.45,2.35,16600,2.45,41500,0,929600
PNB30Jan2062PE.NFO,07/01/2020,10:11:44,2.45,2.3,16600,2.45,49800,0,929600
PNB30Jan2062PE.NFO,07/01/2020,10:11:56,2.45,2.35,16600,2.45,41500,0,929600
PNB30Jan2062PE.NFO,07/01/2020,10:12:02,2.45,2.35,24900,2.45,41500,0,929600
PNB30Jan2062PE.NFO,07/01/2020,10:13:02,2.45,2.35,8300,2.45,49800,0,929600
PNB30Jan2062PE.NFO,07/01/2020,10:13:08,2.45,2.35,8300,2.45,58100,0,929600
PNB30Jan2062PE.NFO,07/01/2020,10:13:14,2.45,2.3,24900,2.4,8300,0,929600
PNB30Jan2062PE.NFO,07/01/2020,10:13:21,2.45,2.3,24900,2.4,41500,0,929600
PNB30Jan2062PE.NFO,07/01/2020,10:13:27,2.45,2.3,24900,2.4,8300,0,929600
PNB30Jan2062PE.NFO,07/01/2020,10:13:33,2.45,2.3,24900,2.45,49800,0,929600
PNB30Jan2062PE.NFO,07/01/2020,10:13:39,2.45,2.3,24900,2.45,58100,0,929600
PNB30Jan2062PE.NFO,07/01/2020,10:13:44,2.45,2.3,24900,2.45,49800,0,929600
PNB30Jan2062PE.NFO,07/01/2020,10:13:49,2.45,2.3,16600,2.4,41500,0,929600
PNB30Jan2062PE.NFO,07/01/2020,10:13:56,2.45,2.3,16600,2.4,24900,0,929600
PNB30Jan2062PE.NFO,07/01/2020,10:14:12,2.45,2.3,33200,2.4,16600,0,929600
PNB30Jan2062PE.NFO,07/01/2020,10:14:23,2.45,2.3,16600,2.4,41500,0,929600
PNB30Jan2062PE.NFO,07/01/2020,10:14:57,2.45,2.3,16600,2.4,49800,0,929600
PNB30Jan2062PE.NFO,07/01/2020,10:15:03,2.45,2.3,33200,2.45,49800,0,929600
PNB30Jan2062PE.NFO,07/01/2020,10:15:24,2.45,2.3,33200,2.4,16600,0,929600
PNB30Jan2062PE.NFO,07/01/2020,10:15:40,2.45,2.3,41500,2.4,16600,0,929600
PNB30Jan2062PE.NFO,07/01/2020,10:15:46,2.45,2.3,41500,2.45,49800,0,929600
PNB30Jan2062PE.NFO,07/01/2020,10:15:52,2.45,2.35,24900,2.45,41500,0,929600
PNB30Jan2062PE.NFO,07/01/2020,10:16:40,2.45,2.35,41500,2.45,16600,0,929600
PNB30Jan2062PE.NFO,07/01/2020,10:17:00,2.45,2.35,24900,2.45,41500,0,929600
PNB30Jan2062PE.NFO,07/01/2020,10:17:22,2.45,2.35,33200,2.45,16600,0,929600
PNB30Jan2062PE.NFO,07/01/2020,10:17:26,2.45,2.35,41500,2.45,16600,0,929600
PNB30Jan2062PE.NFO,07/01/2020,10:17:32,2.45,2.35,49800,2.5,58100,0,929600
PNB30Jan2062PE.NFO,07/01/2020,10:17:37,2.45,2.35,49800,2.5,66400,0,929600
PNB30Jan2062PE.NFO,07/01/2020,10:17:42,2.45,2.4,24900,2.5,66400,0,929600
PNB30Jan2062PE.NFO,07/01/2020,10:18:33,2.45,2.4,8300,2.5,66400,0,929600
PNB30Jan2062PE.NFO,07/01/2020,10:18:38,2.45,2.4,8300,2.5,74700,0,929600
PNB30Jan2062PE.NFO,07/01/2020,10:18:43,2.45,2.4,33200,2.5,58100,0,929600
PNB30Jan2062PE.NFO,07/01/2020,10:18:48,2.45,2.4,24900,2.5,58100,0,929600
PNB30Jan2062PE.NFO,07/01/2020,10:18:54,2.45,2.4,33200,2.5,58100,0,929600
PNB30Jan2062PE.NFO,07/01/2020,10:19:02,2.45,2.4,24900,2.5,58100,0,929600
PNB30Jan2062PE.NFO,07/01/2020,10:19:06,2.45,2.4,16600,2.5,58100,0,929600
PNB30Jan2062PE.NFO,07/01/2020,10:19:10,2.45,2.4,16600,2.45,16600,0,929600
PNB30Jan2062PE.NFO,07/01/2020,10:19:19,2.45,2.35,49800,2.45,16600,0,929600
PNB30Jan2062PE.NFO,07/01/2020,10:19:41,2.45,2.35,49800,2.45,8300,0,929600
PNB30Jan2062PE.NFO,07/01/2020,10:19:46,2.45,2.35,58100,2.45,8300,0,929600
PNB30Jan2062PE.NFO,07/01/2020,10:19:58,2.45,2.35,58100,2.45,16600,0,929600
PNB30Jan2062PE.NFO,07/01/2020,10:20:12,2.45,2.35,49800,2.45,16600,0,929600
PNB30Jan2062PE.NFO,07/01/2020,10:20:17,2.45,2.35,49800,2.4,8300,0,929600
PNB30Jan2062PE.NFO,07/01/2020,10:20:52,2.4,2.35,49800,2.45,16600,8300,929600
PNB30Jan2062PE.NFO,07/01/2020,10:21:10,2.35,2.35,41500,2.45,33200,8300,929600
PNB30Jan2062PE.NFO,07/01/2020,10:21:15,2.35,2.35,41500,2.45,33200,0,929600
PNB30Jan2062PE.NFO,07/01/2020,10:21:35,2.35,2.35,49800,2.45,33200,0,929600
PNB30Jan2062PE.NFO,07/01/2020,10:21:53,2.35,2.35,41500,2.45,33200,0,929600
PNB30Jan2062PE.NFO,07/01/2020,10:22:06,2.35,2.35,33200,2.45,33200,0,929600
PNB30Jan2062PE.NFO,07/01/2020,10:22:16,2.35,2.35,33200,2.45,58100,0,929600
PNB30Jan2062PE.NFO,07/01/2020,10:22:33,2.35,2.35,33200,2.4,16600,0,929600
PNB30Jan2062PE.NFO,07/01/2020,10:22:43,2.4,2.35,49800,2.45,16600,8300,929600
PNB30Jan2062PE.NFO,07/01/2020,10:22:50,2.4,2.35,49800,2.45,16600,0,929600
PNB30Jan2062PE.NFO,07/01/2020,10:23:01,2.4,2.35,33200,2.45,49800,0,929600
PNB30Jan2062PE.NFO,07/01/2020,10:24:11,2.4,2.35,49800,2.45,24900,0,929600
PNB30Jan2062PE.NFO,07/01/2020,10:24:50,2.4,2.35,41500,2.45,24900,0,929600
PNB30Jan2062PE.NFO,07/01/2020,10:25:32,2.4,2.35,49800,2.5,66400,0,929600
PNB30Jan2062PE.NFO,07/01/2020,10:25:36,2.4,2.35,49800,2.5,58100,0,929600
PNB30Jan2062PE.NFO,07/01/2020,10:26:33,2.4,2.35,58100,2.5,58100,0,929600
PNB30Jan2062PE.NFO,07/01/2020,10:26:42,2.4,2.35,58100,2.5,66400,0,929600
PNB30Jan2062PE.NFO,07/01/2020,10:27:03,2.4,2.35,58100,2.45,24900,0,929600
PNB30Jan2062PE.NFO,07/01/2020,10:27:11,2.4,2.35,49800,2.45,24900,0,929600
PNB30Jan2062PE.NFO,07/01/2020,10:27:16,2.4,2.35,41500,2.45,24900,0,929600
PNB30Jan2062PE.NFO,07/01/2020,10:27:24,2.4,2.35,41500,2.45,33200,0,929600
PNB30Jan2062PE.NFO,07/01/2020,10:27:44,2.4,2.35,41500,2.45,24900,0,929600
PNB30Jan2062PE.NFO,07/01/2020,10:28:05,2.4,2.35,41500,2.45,33200,0,929600
PNB30Jan2062PE.NFO,07/01/2020,10:29:41,2.4,2.35,41500,2.45,41500,0,929600
PNB30Jan2062PE.NFO,07/01/2020,10:30:03,2.4,2.35,66400,2.5,74700,0,929600
PNB30Jan2062PE.NFO,07/01/2020,10:30:10,2.4,2.35,66400,2.45,8300,0,929600
PNB30Jan2062PE.NFO,07/01/2020,10:30:43,2.4,2.35,66400,2.5,74700,0,929600
PNB30Jan2062PE.NFO,07/01/2020,10:30:49,2.4,2.35,66400,2.45,16600,0,929600
PNB30Jan2062PE.NFO,07/01/2020,10:31:49,2.4,2.35,58100,2.45,16600,0,929600
PNB30Jan2062PE.NFO,07/01/2020,10:32:02,2.4,2.35,66400,2.45,16600,0,929600
PNB30Jan2062PE.NFO,07/01/2020,10:32:26,2.4,2.45,16600,2.5,24900,0,929600
PNB30Jan2062PE.NFO,07/01/2020,10:32:43,2.4,2.4,58100,2.5,33200,0,929600
PNB30Jan2062PE.NFO,07/01/2020,10:32:49,2.4,2.4,58100,2.5,24900,0,929600
PNB30Jan2062PE.NFO,07/01/2020,10:32:53,2.4,2.4,58100,2.5,41500,0,929600
PNB30Jan2062PE.NFO,07/01/2020,10:32:58,2.4,2.4,49800,2.5,58100,0,929600
PNB30Jan2062PE.NFO,07/01/2020,10:33:01,2.4,2.4,58100,2.5,41500,0,929600
PNB30Jan2062PE.NFO,07/01/2020,10:33:13,2.4,2.45,16600,2.5,24900,0,929600
PNB30Jan2062PE.NFO,07/01/2020,10:33:27,2.4,2.45,16600,2.5,16600,0,929600
PNB30Jan2062PE.NFO,07/01/2020,10:33:38,2.4,2.45,24900,2.5,16600,0,929600
PNB30Jan2062PE.NFO,07/01/2020,10:33:59,2.4,2.45,24900,2.5,24900,0,929600
PNB30Jan2062PE.NFO,07/01/2020,10:34:14,2.4,2.45,24900,2.5,16600,0,929600
PNB30Jan2062PE.NFO,07/01/2020,10:34:27,2.4,2.4,58100,2.5,24900,0,929600
PNB30Jan2062PE.NFO,07/01/2020,10:34:31,2.4,2.4,58100,2.5,33200,0,929600
PNB30Jan2062PE.NFO,07/01/2020,10:34:38,2.4,2.4,58100,2.5,49800,0,929600
PNB30Jan2062PE.NFO,07/01/2020,10:34:53,2.4,2.4,49800,2.5,49800,0,929600
PNB30Jan2062PE.NFO,07/01/2020,10:34:58,2.4,2.4,49800,2.5,41500,0,929600
PNB30Jan2062PE.NFO,07/01/2020,10:36:06,2.4,2.4,49800,2.5,49800,0,929600
PNB30Jan2062PE.NFO,07/01/2020,10:39:09,2.4,2.45,16600,2.55,66400,0,929600
PNB30Jan2062PE.NFO,07/01/2020,10:39:33,2.4,2.45,24900,2.55,66400,0,929600
PNB30Jan2062PE.NFO,07/01/2020,10:39:39,2.4,2.45,41500,2.55,41500,0,929600
PNB30Jan2062PE.NFO,07/01/2020,10:39:56,2.4,2.45,24900,2.55,66400,0,929600
PNB30Jan2062PE.NFO,07/01/2020,10:40:03,2.4,2.45,16600,2.55,66400,0,929600
PNB30Jan2062PE.NFO,07/01/2020,10:40:09,2.4,2.45,8300,2.55,66400,0,929600
PNB30Jan2062PE.NFO,07/01/2020,10:40:19,2.4,2.45,16600,2.55,66400,0,929600
PNB30Jan2062PE.NFO,07/01/2020,10:40:46,2.4,2.4,49800,2.5,33200,0,929600
PNB30Jan2062PE.NFO,07/01/2020,10:40:51,2.4,2.4,49800,2.5,41500,0,929600
PNB30Jan2062PE.NFO,07/01/2020,10:41:20,2.4,2.4,41500,2.5,41500,0,929600
PNB30Jan2062PE.NFO,07/01/2020,10:42:13,2.4,2.4,41500,2.5,49800,0,929600
PNB30Jan2062PE.NFO,07/01/2020,10:42:44,2.45,2.4,41500,2.5,49800,8300,937900
PNB30Jan2062PE.NFO,07/01/2020,10:43:07,2.45,2.4,41500,2.5,49800,0,937900
PNB30Jan2062PE.NFO,07/01/2020,10:43:27,2.45,2.4,41500,2.5,58100,0,937900
PNB30Jan2062PE.NFO,07/01/2020,10:44:37,2.45,2.4,41500,2.5,49800,0,937900
PNB30Jan2062PE.NFO,07/01/2020,10:44:43,2.45,2.4,41500,2.5,58100,0,937900
PNB30Jan2062PE.NFO,07/01/2020,10:45:00,2.45,2.45,16600,2.5,8300,0,937900
PNB30Jan2062PE.NFO,07/01/2020,10:45:05,2.45,2.45,16600,2.55,49800,0,937900
PNB30Jan2062PE.NFO,07/01/2020,10:45:15,2.45,2.45,24900,2.55,49800,0,937900
PNB30Jan2062PE.NFO,07/01/2020,10:45:20,2.45,2.45,16600,2.55,66400,0,937900
PNB30Jan2062PE.NFO,07/01/2020,10:45:28,2.45,2.45,24900,2.55,49800,0,937900
PNB30Jan2062PE.NFO,07/01/2020,10:45:49,2.45,2.45,24900,2.55,66400,0,937900
PNB30Jan2062PE.NFO,07/01/2020,10:45:53,2.45,2.45,24900,2.55,49800,0,937900
PNB30Jan2062PE.NFO,07/01/2020,10:46:25,2.45,2.45,16600,2.55,49800,0,937900
PNB30Jan2062PE.NFO,07/01/2020,10:46:32,2.45,2.45,24900,2.55,49800,0,937900
PNB30Jan2062PE.NFO,07/01/2020,10:46:36,2.45,2.45,16600,2.55,49800,0,937900
PNB30Jan2062PE.NFO,07/01/2020,10:46:53,2.45,2.45,24900,2.55,49800,0,937900
PNB30Jan2062PE.NFO,07/01/2020,10:46:56,2.45,2.45,16600,2.55,49800,0,937900
PNB30Jan2062PE.NFO,07/01/2020,10:47:20,2.45,2.45,8300,2.5,16600,0,937900
PNB30Jan2062PE.NFO,07/01/2020,10:47:25,2.45,2.45,8300,2.5,24900,0,937900
PNB30Jan2062PE.NFO,07/01/2020,10:48:37,2.45,2.45,24900,2.55,58100,0,937900
PNB30Jan2062PE.NFO,07/01/2020,10:49:12,2.45,2.45,24900,2.55,83000,0,937900
PNB30Jan2062PE.NFO,07/01/2020,10:49:50,2.45,2.45,33200,2.55,58100,0,937900
PNB30Jan2062PE.NFO,07/01/2020,10:49:54,2.45,2.45,41500,2.55,58100,0,937900
PNB30Jan2062PE.NFO,07/01/2020,10:49:59,2.45,2.5,8300,2.55,58100,0,937900
PNB30Jan2062PE.NFO,07/01/2020,10:50:05,2.55,2.5,8300,2.6,66400,16600,946200
PNB30Jan2062PE.NFO,07/01/2020,10:50:05,2.55,2.5,8300,2.6,66400,0,946200
PNB30Jan2062PE.NFO,07/01/2020,10:50:10,2.55,2.5,8300,2.6,74700,0,946200
PNB30Jan2062PE.NFO,07/01/2020,10:50:16,2.55,2.5,8300,2.55,41500,0,946200
PNB30Jan2062PE.NFO,07/01/2020,10:50:22,2.55,2.5,16600,2.55,16600,0,946200
PNB30Jan2062PE.NFO,07/01/2020,10:50:26,2.55,2.5,16600,2.6,66400,0,946200
PNB30Jan2062PE.NFO,07/01/2020,10:50:32,2.55,2.55,33200,2.65,49800,0,946200
PNB30Jan2062PE.NFO,07/01/2020,10:50:43,2.55,2.55,58100,2.65,41500,0,946200
PNB30Jan2062PE.NFO,07/01/2020,10:50:47,2.55,2.55,49800,2.65,41500,0,946200
PNB30Jan2062PE.NFO,07/01/2020,10:50:56,2.55,2.55,33200,2.65,49800,0,946200
PNB30Jan2062PE.NFO,07/01/2020,10:51:04,2.55,2.55,8300,2.6,24900,0,946200
PNB30Jan2062PE.NFO,07/01/2020,10:51:20,2.55,2.55,8300,2.6,16600,0,946200
PNB30Jan2062PE.NFO,07/01/2020,10:51:28,2.55,2.55,24900,2.6,16600,0,946200
PNB30Jan2062PE.NFO,07/01/2020,10:51:35,2.55,2.55,33200,2.65,33200,0,946200
PNB30Jan2062PE.NFO,07/01/2020,10:51:39,2.55,2.55,33200,2.6,16600,0,946200
PNB30Jan2062PE.NFO,07/01/2020,10:51:43,2.55,2.55,24900,2.6,16600,0,946200
PNB30Jan2062PE.NFO,07/01/2020,10:51:56,2.55,2.55,41500,2.65,33200,0,946200
PNB30Jan2062PE.NFO,07/01/2020,10:52:13,2.55,2.55,33200,2.65,33200,0,946200
PNB30Jan2062PE.NFO,07/01/2020,10:52:23,2.55,2.55,33200,2.6,8300,0,946200
PNB30Jan2062PE.NFO,07/01/2020,10:52:32,2.6,2.55,33200,2.65,33200,8300,946200
PNB30Jan2062PE.NFO,07/01/2020,10:52:32,2.6,2.55,33200,2.65,33200,0,946200
PNB30Jan2062PE.NFO,07/01/2020,10:52:40,2.6,2.55,33200,2.65,33200,0,946200
PNB30Jan2062PE.NFO,07/01/2020,10:52:52,2.6,2.55,66400,2.65,24900,0,946200
PNB30Jan2062PE.NFO,07/01/2020,10:53:03,2.6,2.55,33200,2.65,33200,0,946200
PNB30Jan2062PE.NFO,07/01/2020,10:53:09,2.6,2.55,66400,2.65,24900,0,946200
PNB30Jan2062PE.NFO,07/01/2020,10:53:16,2.6,2.6,24900,2.7,41500,0,946200
PNB30Jan2062PE.NFO,07/01/2020,10:53:23,2.6,2.6,24900,2.7,33200,0,946200
PNB30Jan2062PE.NFO,07/01/2020,10:53:28,2.6,2.6,33200,2.7,41500,0,946200
PNB30Jan2062PE.NFO,07/01/2020,10:53:34,2.6,2.6,41500,2.7,41500,0,946200
PNB30Jan2062PE.NFO,07/01/2020,10:53:39,2.6,2.6,33200,2.7,41500,0,946200
PNB30Jan2062PE.NFO,07/01/2020,10:53:50,2.6,2.65,16600,2.7,41500,0,946200
PNB30Jan2062PE.NFO,07/01/2020,10:54:10,2.65,2.6,41500,2.7,33200,8300,937900
PNB30Jan2062PE.NFO,07/01/2020,10:54:10,2.65,2.6,41500,2.7,33200,0,937900
PNB30Jan2062PE.NFO,07/01/2020,10:54:15,2.65,2.6,33200,2.7,33200,0,937900
PNB30Jan2062PE.NFO,07/01/2020,10:54:36,2.65,2.6,24900,2.7,33200,0,937900
PNB30Jan2062PE.NFO,07/01/2020,10:54:55,2.65,2.6,33200,2.7,33200,0,937900
PNB30Jan2062PE.NFO,07/01/2020,10:55:12,2.65,2.65,8300,2.7,24900,0,937900
PNB30Jan2062PE.NFO,07/01/2020,10:55:17,2.65,2.65,16600,2.7,33200,0,937900
PNB30Jan2062PE.NFO,07/01/2020,10:55:37,2.65,2.65,16600,2.7,16600,0,937900
PNB30Jan2062PE.NFO,07/01/2020,10:56:10,2.65,2.6,24900,2.7,33200,8300,937900
PNB30Jan2062PE.NFO,07/01/2020,10:56:16,2.65,2.6,24900,2.7,24900,0,937900
PNB30Jan2062PE.NFO,07/01/2020,10:56:29,2.65,2.65,8300,2.7,24900,0,937900
PNB30Jan2062PE.NFO,07/01/2020,10:56:53,2.65,2.65,16600,2.75,16600,0,937900
PNB30Jan2062PE.NFO,07/01/2020,10:56:58,2.65,2.65,8300,2.75,16600,0,937900
PNB30Jan2062PE.NFO,07/01/2020,10:57:11,2.65,2.65,16600,2.75,16600,0,937900
PNB30Jan2062PE.NFO,07/01/2020,10:57:18,2.65,2.65,24900,2.75,16600,0,937900
PNB30Jan2062PE.NFO,07/01/2020,10:58:30,2.65,2.65,33200,2.75,16600,0,937900
PNB30Jan2062PE.NFO,07/01/2020,10:58:46,2.75,2.7,16600,2.8,8300,8300,929600
PNB30Jan2062PE.NFO,07/01/2020,10:58:46,2.75,2.7,16600,2.8,8300,0,929600
PNB30Jan2062PE.NFO,07/01/2020,10:58:52,2.75,2.7,24900,2.8,24900,0,929600
PNB30Jan2062PE.NFO,07/01/2020,10:59:09,2.75,2.7,24900,2.8,16600,0,929600
PNB30Jan2062PE.NFO,07/01/2020,10:59:19,2.75,2.7,33200,2.8,16600,0,929600
PNB30Jan2062PE.NFO,07/01/2020,11:00:02,2.75,2.7,24900,2.8,8300,0,929600
PNB30Jan2062PE.NFO,07/01/2020,11:00:22,2.75,2.7,24900,2.8,16600,0,929600
PNB30Jan2062PE.NFO,07/01/2020,11:00:28,2.75,2.7,24900,2.8,8300,0,929600
PNB30Jan2062PE.NFO,07/01/2020,11:00:49,2.75,2.65,24900,2.75,24900,0,929600
PNB30Jan2062PE.NFO,07/01/2020,11:00:55,2.75,2.65,24900,2.75,16600,0,929600
PNB30Jan2062PE.NFO,07/01/2020,11:01:04,2.75,2.7,16600,2.8,24900,0,929600
PNB30Jan2062PE.NFO,07/01/2020,11:01:11,2.75,2.7,16600,2.8,16600,0,929600
PNB30Jan2062PE.NFO,07/01/2020,11:01:19,2.75,2.75,24900,2.85,16600,0,929600
PNB30Jan2062PE.NFO,07/01/2020,11:01:33,2.75,2.75,8300,2.85,16600,0,929600
PNB30Jan2062PE.NFO,07/01/2020,11:01:41,2.75,2.7,16600,2.8,8300,0,929600
PNB30Jan2062PE.NFO,07/01/2020,11:01:49,2.75,2.7,16600,2.8,16600,0,929600
PNB30Jan2062PE.NFO,07/01/2020,11:01:57,2.75,2.7,8300,2.8,16600,0,929600
PNB30Jan2062PE.NFO,07/01/2020,11:02:04,2.75,2.65,24900,2.75,8300,0,929600
PNB30Jan2062PE.NFO,07/01/2020,11:02:11,2.75,2.7,8300,2.8,24900,0,929600
PNB30Jan2062PE.NFO,07/01/2020,11:02:18,2.75,2.65,24900,2.8,33200,0,929600
PNB30Jan2062PE.NFO,07/01/2020,11:02:31,2.75,2.7,8300,2.8,24900,0,929600
PNB30Jan2062PE.NFO,07/01/2020,11:03:29,2.75,2.7,8300,2.8,16600,0,929600
PNB30Jan2062PE.NFO,07/01/2020,11:03:35,2.75,2.7,16600,2.8,16600,0,929600
PNB30Jan2062PE.NFO,07/01/2020,11:03:49,2.75,2.7,8300,2.8,16600,0,929600
PNB30Jan2062PE.NFO,07/01/2020,11:04:02,2.75,2.7,16600,2.8,16600,0,929600
PNB30Jan2062PE.NFO,07/01/2020,11:04:42,2.75,2.75,16600,2.85,24900,0,929600
PNB30Jan2062PE.NFO,07/01/2020,11:04:56,2.75,2.7,16600,2.8,16600,0,929600
PNB30Jan2062PE.NFO,07/01/2020,11:05:10,2.75,2.75,8300,2.8,24900,0,929600
PNB30Jan2062PE.NFO,07/01/2020,11:05:16,2.75,2.75,8300,2.8,8300,0,929600
PNB30Jan2062PE.NFO,07/01/2020,11:05:23,2.75,2.75,16600,2.85,33200,0,929600
PNB30Jan2062PE.NFO,07/01/2020,11:05:29,2.75,2.75,8300,2.8,16600,0,929600
PNB30Jan2062PE.NFO,07/01/2020,11:05:56,2.75,2.7,8300,2.8,41500,8300,929600
PNB30Jan2062PE.NFO,07/01/2020,11:06:03,2.75,2.7,8300,2.8,41500,0,929600
PNB30Jan2062PE.NFO,07/01/2020,11:06:10,2.75,2.65,8300,2.75,33200,0,929600
PNB30Jan2062PE.NFO,07/01/2020,11:06:23,2.75,2.65,16600,2.75,16600,0,929600
PNB30Jan2062PE.NFO,07/01/2020,11:06:29,2.75,2.65,24900,2.8,33200,0,929600
PNB30Jan2062PE.NFO,07/01/2020,11:06:35,2.75,2.65,24900,2.75,16600,0,929600
PNB30Jan2062PE.NFO,07/01/2020,11:06:40,2.75,2.65,24900,2.75,8300,0,929600
PNB30Jan2062PE.NFO,07/01/2020,11:06:45,2.75,2.7,8300,2.8,33200,0,929600
PNB30Jan2062PE.NFO,07/01/2020,11:07:38,2.75,2.65,16600,2.75,16600,0,929600
PNB30Jan2062PE.NFO,07/01/2020,11:07:44,2.75,2.65,16600,2.75,24900,0,929600
PNB30Jan2062PE.NFO,07/01/2020,11:07:49,2.75,2.65,16600,2.75,16600,0,929600
PNB30Jan2062PE.NFO,07/01/2020,11:07:54,2.75,2.7,8300,2.8,33200,0,929600
PNB30Jan2062PE.NFO,07/01/2020,11:08:52,2.75,2.65,16600,2.75,16600,0,929600
PNB30Jan2062PE.NFO,07/01/2020,11:08:56,2.75,2.65,16600,2.75,24900,0,929600
PNB30Jan2062PE.NFO,07/01/2020,11:09:01,2.75,2.65,16600,2.75,8300,0,929600
PNB30Jan2062PE.NFO,07/01/2020,11:09:05,2.75,2.65,16600,2.75,24900,0,929600
PNB30Jan2062PE.NFO,07/01/2020,11:09:26,2.75,2.65,16600,2.75,8300,0,929600
PNB30Jan2062PE.NFO,07/01/2020,11:09:31,2.75,2.65,16600,2.75,16600,0,929600
PNB30Jan2062PE.NFO,07/01/2020,11:09:42,2.75,2.7,16600,2.8,49800,0,929600
PNB30Jan2062PE.NFO,07/01/2020,11:09:47,2.75,2.7,16600,2.8,33200,0,929600
PNB30Jan2062PE.NFO,07/01/2020,11:09:51,2.75,2.75,8300,2.85,49800,0,929600
PNB30Jan2062PE.NFO,07/01/2020,11:10:08,2.75,2.75,8300,2.85,41500,0,929600
PNB30Jan2062PE.NFO,07/01/2020,11:10:22,2.75,2.75,8300,2.8,8300,0,929600
PNB30Jan2062PE.NFO,07/01/2020,11:10:30,2.75,2.7,24900,2.8,41500,0,929600
PNB30Jan2062PE.NFO,07/01/2020,11:11:02,2.75,2.75,8300,2.8,24900,0,929600
PNB30Jan2062PE.NFO,07/01/2020,11:11:07,2.75,2.75,8300,2.8,16600,0,929600
PNB30Jan2062PE.NFO,07/01/2020,11:11:19,2.8,2.75,24900,2.85,24900,8300,937900
PNB30Jan2062PE.NFO,07/01/2020,11:11:19,2.8,2.75,24900,2.85,24900,0,937900
PNB30Jan2062PE.NFO,07/01/2020,11:11:34,2.8,2.75,33200,2.85,33200,0,937900
PNB30Jan2062PE.NFO,07/01/2020,11:11:42,2.8,2.75,24900,2.85,33200,0,937900
PNB30Jan2062PE.NFO,07/01/2020,11:12:11,2.8,2.75,33200,2.85,16600,0,937900
PNB30Jan2062PE.NFO,07/01/2020,11:12:29,2.8,2.75,33200,2.85,33200,0,937900
PNB30Jan2062PE.NFO,07/01/2020,11:12:41,2.8,2.75,33200,2.85,24900,0,937900
PNB30Jan2062PE.NFO,07/01/2020,11:12:52,2.8,2.75,33200,2.85,33200,0,937900
PNB30Jan2062PE.NFO,07/01/2020,11:13:02,2.8,2.75,33200,2.85,24900,0,937900
PNB30Jan2062PE.NFO,07/01/2020,11:13:18,2.8,2.8,8300,2.9,58100,0,937900
PNB30Jan2062PE.NFO,07/01/2020,11:13:41,2.8,2.75,33200,2.85,24900,0,937900
PNB30Jan2062PE.NFO,07/01/2020,11:13:47,2.8,2.75,33200,2.85,33200,0,937900
PNB30Jan2062PE.NFO,07/01/2020,11:15:03,2.8,2.8,8300,2.9,58100,0,937900
PNB30Jan2062PE.NFO,07/01/2020,11:15:09,2.8,2.8,8300,2.85,8300,0,937900
PNB30Jan2062PE.NFO,07/01/2020,11:15:16,2.8,2.75,33200,2.85,33200,0,937900
PNB30Jan2062PE.NFO,07/01/2020,11:15:21,2.8,2.8,8300,2.9,58100,0,937900
PNB30Jan2062PE.NFO,07/01/2020,11:15:46,2.8,2.75,24900,2.85,33200,0,937900
PNB30Jan2062PE.NFO,07/01/2020,11:15:54,2.8,2.8,8300,2.9,58100,0,937900
PNB30Jan2062PE.NFO,07/01/2020,11:16:05,2.8,2.8,8300,2.9,66400,0,937900
PNB30Jan2062PE.NFO,07/01/2020,11:17:15,2.8,2.75,24900,2.85,33200,0,937900
PNB30Jan2062PE.NFO,07/01/2020,11:17:27,2.8,2.75,24900,2.85,16600,0,937900
PNB30Jan2062PE.NFO,07/01/2020,11:17:37,2.8,2.75,33200,2.85,41500,0,937900
PNB30Jan2062PE.NFO,07/01/2020,11:18:38,2.8,2.75,8300,2.8,24900,0,937900
PNB30Jan2062PE.NFO,07/01/2020,11:18:45,2.8,2.7,24900,2.8,58100,0,937900
PNB30Jan2062PE.NFO,07/01/2020,11:19:04,2.8,2.7,8300,2.75,16600,0,937900
PNB30Jan2062PE.NFO,07/01/2020,11:19:24,2.8,2.7,24900,2.8,33200,0,937900
PNB30Jan2062PE.NFO,07/01/2020,11:20:13,2.8,2.65,16600,2.75,8300,0,937900
PNB30Jan2062PE.NFO,07/01/2020,11:20:19,2.8,2.65,16600,2.75,24900,0,937900
PNB30Jan2062PE.NFO,07/01/2020,11:20:24,2.8,2.65,16600,2.75,8300,0,937900
PNB30Jan2062PE.NFO,07/01/2020,11:20:46,2.8,2.65,16600,2.75,33200,0,937900
PNB30Jan2062PE.NFO,07/01/2020,11:21:31,2.8,2.65,16600,2.8,41500,0,937900
PNB30Jan2062PE.NFO,07/01/2020,11:21:37,2.8,2.65,16600,2.75,16600,0,937900
PNB30Jan2062PE.NFO,07/01/2020,11:21:42,2.8,2.65,16600,2.75,8300,0,937900
PNB30Jan2062PE.NFO,07/01/2020,11:21:56,2.8,2.65,16600,2.8,41500,0,937900
PNB30Jan2062PE.NFO,07/01/2020,11:22:00,2.8,2.65,16600,2.75,8300,0,937900
PNB30Jan2062PE.NFO,07/01/2020,11:23:04,2.8,2.65,16600,2.75,33200,0,937900
PNB30Jan2062PE.NFO,07/01/2020,11:24:09,2.8,2.65,16600,2.7,16600,0,937900
PNB30Jan2062PE.NFO,07/01/2020,11:24:19,2.8,2.65,16600,2.7,8300,0,937900
PNB30Jan2062PE.NFO,07/01/2020,11:24:23,2.8,2.65,16600,2.7,16600,0,937900
PNB30Jan2062PE.NFO,07/01/2020,11:24:28,2.8,2.65,16600,2.7,8300,0,937900
PNB30Jan2062PE.NFO,07/01/2020,11:24:37,2.8,2.65,16600,2.7,16600,0,937900
PNB30Jan2062PE.NFO,07/01/2020,11:25:29,2.8,2.65,16600,2.75,24900,0,937900
PNB30Jan2062PE.NFO,07/01/2020,11:25:42,2.8,2.65,16600,2.75,49800,0,937900
PNB30Jan2062PE.NFO,07/01/2020,11:25:56,2.8,2.65,16600,2.75,24900,0,937900
PNB30Jan2062PE.NFO,07/01/2020,11:26:03,2.8,2.65,16600,2.75,33200,0,937900
PNB30Jan2062PE.NFO,07/01/2020,11:26:23,2.65,2.6,16600,2.7,8300,41500,937900
PNB30Jan2062PE.NFO,07/01/2020,11:26:27,2.65,2.6,16600,2.7,8300,0,937900
PNB30Jan2062PE.NFO,07/01/2020,11:26:40,2.65,2.6,8300,2.75,49800,0,937900
PNB30Jan2062PE.NFO,07/01/2020,11:26:45,2.65,2.65,8300,2.75,24900,0,937900
PNB30Jan2062PE.NFO,07/01/2020,11:26:50,2.65,2.65,8300,2.75,16600,0,937900
PNB30Jan2062PE.NFO,07/01/2020,11:27:14,2.65,2.65,8300,2.75,24900,0,937900
PNB30Jan2062PE.NFO,07/01/2020,11:27:17,2.65,2.65,8300,2.75,33200,0,937900
PNB30Jan2062PE.NFO,07/01/2020,11:27:20,2.65,2.65,8300,2.75,24900,0,937900
PNB30Jan2062PE.NFO,07/01/2020,11:27:30,2.65,2.65,8300,2.75,33200,0,937900
PNB30Jan2062PE.NFO,07/01/2020,11:27:38,2.65,2.65,8300,2.75,41500,0,937900
PNB30Jan2062PE.NFO,07/01/2020,11:27:48,2.65,2.6,16600,2.7,16600,0,937900
PNB30Jan2062PE.NFO,07/01/2020,11:27:50,2.65,2.6,8300,2.7,8300,0,937900
PNB30Jan2062PE.NFO,07/01/2020,11:28:47,2.65,2.6,16600,2.7,8300,0,937900
PNB30Jan2062PE.NFO,07/01/2020,11:28:57,2.65,2.6,16600,2.75,66400,0,937900
PNB30Jan2062PE.NFO,07/01/2020,11:29:17,2.65,2.6,16600,2.7,8300,0,937900
PNB30Jan2062PE.NFO,07/01/2020,11:29:24,2.65,2.65,8300,2.75,66400,0,937900
PNB30Jan2062PE.NFO,07/01/2020,11:31:03,2.65,2.65,8300,2.7,16600,0,937900
PNB30Jan2062PE.NFO,07/01/2020,11:31:25,2.65,2.65,8300,2.7,8300,0,937900
PNB30Jan2062PE.NFO,07/01/2020,11:31:30,2.65,2.65,8300,2.7,16600,0,937900
PNB30Jan2062PE.NFO,07/01/2020,11:31:34,2.65,2.65,8300,2.7,49800,0,937900
PNB30Jan2062PE.NFO,07/01/2020,11:31:38,2.65,2.65,8300,2.7,33200,0,937900
PNB30Jan2062PE.NFO,07/01/2020,11:31:52,2.65,2.6,8300,2.7,58100,8300,937900
PNB30Jan2062PE.NFO,07/01/2020,11:32:04,2.65,2.55,8300,2.65,16600,0,937900
PNB30Jan2062PE.NFO,07/01/2020,11:32:30,2.65,2.6,8300,2.7,58100,0,937900
PNB30Jan2062PE.NFO,07/01/2020,11:32:35,2.65,2.55,8300,2.65,8300,0,937900
PNB30Jan2062PE.NFO,07/01/2020,11:32:40,2.65,2.55,8300,2.65,33200,0,937900
PNB30Jan2062PE.NFO,07/01/2020,11:32:55,2.65,2.55,8300,2.65,49800,0,937900
PNB30Jan2062PE.NFO,07/01/2020,11:33:51,2.65,2.55,8300,2.65,58100,0,937900
PNB30Jan2062PE.NFO,07/01/2020,11:33:55,2.65,2.5,8300,2.6,16600,0,937900
PNB30Jan2062PE.NFO,07/01/2020,11:34:08,2.65,2.5,8300,2.6,41500,0,937900
PNB30Jan2062PE.NFO,07/01/2020,11:34:22,2.5,2.45,16600,2.55,8300,8300,929600
PNB30Jan2062PE.NFO,07/01/2020,11:34:28,2.5,2.45,16600,2.55,8300,0,929600
PNB30Jan2062PE.NFO,07/01/2020,11:34:35,2.5,2.45,16600,2.55,16600,0,929600
PNB30Jan2062PE.NFO,07/01/2020,11:34:41,2.5,2.45,16600,2.55,8300,0,929600
PNB30Jan2062PE.NFO,07/01/2020,11:34:47,2.5,2.45,24900,2.6,58100,0,929600
PNB30Jan2062PE.NFO,07/01/2020,11:34:54,2.5,2.45,8300,2.55,8300,0,929600
PNB30Jan2062PE.NFO,07/01/2020,11:34:59,2.5,2.45,8300,2.55,16600,0,929600
PNB30Jan2062PE.NFO,07/01/2020,11:35:12,2.5,2.45,16600,2.55,16600,0,929600
PNB30Jan2062PE.NFO,07/01/2020,11:35:59,2.5,2.45,16600,2.55,24900,0,929600
PNB30Jan2062PE.NFO,07/01/2020,11:36:18,2.5,2.45,24900,2.55,24900,0,929600
PNB30Jan2062PE.NFO,07/01/2020,11:36:50,2.5,2.45,41500,2.6,16600,0,929600
PNB30Jan2062PE.NFO,07/01/2020,11:37:03,2.5,2.45,41500,2.55,8300,0,929600
PNB30Jan2062PE.NFO,07/01/2020,11:37:27,2.5,2.45,33200,2.55,8300,0,929600
PNB30Jan2062PE.NFO,07/01/2020,11:37:32,2.5,2.45,49800,2.55,8300,0,929600
PNB30Jan2062PE.NFO,07/01/2020,11:37:42,2.5,2.45,41500,2.55,8300,0,929600
PNB30Jan2062PE.NFO,07/01/2020,11:37:56,2.5,2.5,8300,2.6,41500,0,929600
PNB30Jan2062PE.NFO,07/01/2020,11:38:15,2.5,2.45,33200,2.55,16600,0,929600
PNB30Jan2062PE.NFO,07/01/2020,11:38:23,2.5,2.45,33200,2.55,8300,0,929600
PNB30Jan2062PE.NFO,07/01/2020,11:38:49,2.5,2.45,33200,2.6,33200,0,929600
PNB30Jan2062PE.NFO,07/01/2020,11:39:10,2.5,2.45,33200,2.6,41500,0,929600
PNB30Jan2062PE.NFO,07/01/2020,11:39:14,2.5,2.45,33200,2.6,33200,0,929600
PNB30Jan2062PE.NFO,07/01/2020,11:39:23,2.5,2.45,33200,2.6,24900,0,929600
PNB30Jan2062PE.NFO,07/01/2020,11:39:33,2.5,2.5,24900,2.65,66400,0,929600
PNB30Jan2062PE.NFO,07/01/2020,11:39:43,2.5,2.5,24900,2.6,16600,0,929600
PNB30Jan2062PE.NFO,07/01/2020,11:39:48,2.5,2.5,24900,2.6,8300,0,929600
PNB30Jan2062PE.NFO,07/01/2020,11:39:56,2.5,2.55,8300,2.65,66400,0,929600
PNB30Jan2062PE.NFO,07/01/2020,11:40:03,2.5,2.55,8300,2.65,33200,0,929600
PNB30Jan2062PE.NFO,07/01/2020,11:40:23,2.5,2.55,8300,2.65,41500,0,929600
PNB30Jan2062PE.NFO,07/01/2020,11:40:28,2.5,2.55,8300,2.65,33200,0,929600
PNB30Jan2062PE.NFO,07/01/2020,11:40:32,2.5,2.55,8300,2.65,24900,0,929600
PNB30Jan2062PE.NFO,07/01/2020,11:41:11,2.5,2.55,24900,2.7,66400,0,929600
PNB30Jan2062PE.NFO,07/01/2020,11:41:16,2.5,2.55,24900,2.65,8300,0,929600
PNB30Jan2062PE.NFO,07/01/2020,11:41:46,2.5,2.55,8300,2.65,16600,0,929600
PNB30Jan2062PE.NFO,07/01/2020,11:42:11,2.5,2.55,33200,2.7,58100,0,929600
PNB30Jan2062PE.NFO,07/01/2020,11:42:15,2.5,2.55,33200,2.7,49800,0,929600
PNB30Jan2062PE.NFO,07/01/2020,11:42:22,2.5,2.55,33200,2.7,58100,0,929600
PNB30Jan2062PE.NFO,07/01/2020,11:42:36,2.5,2.55,16600,2.65,16600,0,929600
PNB30Jan2062PE.NFO,07/01/2020,11:42:51,2.5,2.55,16600,2.65,8300,0,929600
PNB30Jan2062PE.NFO,07/01/2020,11:45:13,2.5,2.55,33200,2.7,58100,0,929600
PNB30Jan2062PE.NFO,07/01/2020,11:45:33,2.5,2.6,8300,2.7,33200,0,929600
PNB30Jan2062PE.NFO,07/01/2020,11:45:38,2.5,2.6,8300,2.7,16600,0,929600
PNB30Jan2062PE.NFO,07/01/2020,11:45:42,2.5,2.6,8300,2.7,24900,0,929600
PNB30Jan2062PE.NFO,07/01/2020,11:45:47,2.5,2.6,8300,2.7,49800,0,929600
PNB30Jan2062PE.NFO,07/01/2020,11:45:55,2.5,2.55,41500,2.7,49800,0,929600
PNB30Jan2062PE.NFO,07/01/2020,11:46:12,2.5,2.6,8300,2.7,58100,0,929600
PNB30Jan2062PE.NFO,07/01/2020,11:46:39,2.5,2.55,41500,2.7,58100,0,929600
PNB30Jan2062PE.NFO,07/01/2020,11:46:46,2.5,2.55,24900,2.65,8300,0,929600
PNB30Jan2062PE.NFO,07/01/2020,11:47:32,2.5,2.6,8300,2.7,49800,0,929600
PNB30Jan2062PE.NFO,07/01/2020,11:48:38,2.5,2.6,8300,2.7,41500,0,929600
PNB30Jan2062PE.NFO,07/01/2020,11:49:01,2.5,2.6,16600,2.7,41500,0,929600
PNB30Jan2062PE.NFO,07/01/2020,11:49:16,2.5,2.6,16600,2.7,33200,0,929600
PNB30Jan2062PE.NFO,07/01/2020,11:49:25,2.5,2.6,16600,2.7,41500,0,929600
PNB30Jan2062PE.NFO,07/01/2020,11:50:13,2.5,2.6,16600,2.7,24900,0,929600
PNB30Jan2062PE.NFO,07/01/2020,11:50:19,2.5,2.6,16600,2.7,16600,0,929600
PNB30Jan2062PE.NFO,07/01/2020,11:50:30,2.5,2.6,16600,2.7,41500,0,929600
PNB30Jan2062PE.NFO,07/01/2020,11:50:56,2.5,2.6,16600,2.7,33200,0,929600
PNB30Jan2062PE.NFO,07/01/2020,11:51:00,2.5,2.6,16600,2.7,16600,0,929600
PNB30Jan2062PE.NFO,07/01/2020,11:51:09,2.5,2.6,16600,2.7,41500,0,929600
PNB30Jan2062PE.NFO,07/01/2020,11:51:34,2.5,2.55,24900,2.65,8300,0,929600
PNB30Jan2062PE.NFO,07/01/2020,11:51:48,2.5,2.6,8300,2.7,58100,0,929600
PNB30Jan2062PE.NFO,07/01/2020,11:52:09,2.5,2.6,8300,2.7,49800,0,929600
PNB30Jan2062PE.NFO,07/01/2020,11:52:57,2.5,2.6,8300,2.7,66400,0,929600
PNB30Jan2062PE.NFO,07/01/2020,11:53:23,2.5,2.6,8300,2.7,58100,0,929600
PNB30Jan2062PE.NFO,07/01/2020,11:54:33,2.5,2.6,8300,2.7,49800,0,929600
PNB30Jan2062PE.NFO,07/01/2020,11:56:57,2.5,2.55,24900,2.65,8300,0,929600
PNB30Jan2062PE.NFO,07/01/2020,11:57:11,2.5,2.5,16600,2.6,8300,0,929600
PNB30Jan2062PE.NFO,07/01/2020,11:57:15,2.5,2.5,16600,2.65,74700,0,929600
PNB30Jan2062PE.NFO,07/01/2020,11:57:18,2.5,2.5,16600,2.6,8300,0,929600
PNB30Jan2062PE.NFO,07/01/2020,11:57:34,2.5,2.5,33200,2.6,8300,0,929600
PNB30Jan2062PE.NFO,07/01/2020,11:57:39,2.5,2.55,16600,2.65,66400,0,929600
PNB30Jan2062PE.NFO,07/01/2020,11:57:44,2.5,2.55,16600,2.65,58100,0,929600
PNB30Jan2062PE.NFO,07/01/2020,11:57:49,2.5,2.55,24900,2.7,74700,0,929600
PNB30Jan2062PE.NFO,07/01/2020,11:58:09,2.5,2.55,24900,2.65,8300,0,929600
PNB30Jan2062PE.NFO,07/01/2020,11:58:39,2.5,2.55,16600,2.65,33200,0,929600
PNB30Jan2062PE.NFO,07/01/2020,11:58:47,2.5,2.55,16600,2.65,74700,0,929600
PNB30Jan2062PE.NFO,07/01/2020,11:59:22,2.5,2.55,16600,2.65,33200,0,929600
PNB30Jan2062PE.NFO,07/01/2020,11:59:26,2.5,2.55,16600,2.65,74700,0,929600
PNB30Jan2062PE.NFO,07/01/2020,11:59:54,2.5,2.55,16600,2.65,24900,0,929600
PNB30Jan2062PE.NFO,07/01/2020,12:00:06,2.5,2.55,16600,2.65,33200,0,929600
PNB30Jan2062PE.NFO,07/01/2020,12:00:09,2.5,2.55,16600,2.65,24900,0,929600
PNB30Jan2062PE.NFO,07/01/2020,12:00:25,2.5,2.55,16600,2.65,33200,0,929600
PNB30Jan2062PE.NFO,07/01/2020,12:00:34,2.5,2.55,16600,2.65,24900,0,929600
PNB30Jan2062PE.NFO,07/01/2020,12:00:42,2.5,2.55,16600,2.65,33200,0,929600
PNB30Jan2062PE.NFO,07/01/2020,12:00:46,2.5,2.6,16600,2.65,16600,0,929600
PNB30Jan2062PE.NFO,07/01/2020,12:00:52,2.5,2.6,16600,2.65,8300,0,929600
PNB30Jan2062PE.NFO,07/01/2020,12:02:19,2.5,2.6,16600,2.7,74700,0,929600
PNB30Jan2062PE.NFO,07/01/2020,12:02:35,2.5,2.6,16600,2.65,41500,0,929600
PNB30Jan2062PE.NFO,07/01/2020,12:02:42,2.6,2.55,16600,2.65,66400,16600,929600
PNB30Jan2062PE.NFO,07/01/2020,12:02:49,2.6,2.55,16600,2.65,58100,0,929600
PNB30Jan2062PE.NFO,07/01/2020,12:02:54,2.6,2.55,16600,2.65,49800,0,929600
PNB30Jan2062PE.NFO,07/01/2020,12:03:10,2.6,2.55,16600,2.65,41500,0,929600
PNB30Jan2062PE.NFO,07/01/2020,12:03:16,2.6,2.55,16600,2.65,49800,0,929600
PNB30Jan2062PE.NFO,07/01/2020,12:03:21,2.6,2.55,16600,2.65,24900,0,929600
PNB30Jan2062PE.NFO,07/01/2020,12:03:27,2.6,2.6,8300,2.7,66400,0,929600
PNB30Jan2062PE.NFO,07/01/2020,12:04:32,2.6,2.55,16600,2.65,41500,0,929600
PNB30Jan2062PE.NFO,07/01/2020,12:05:02,2.6,2.55,16600,2.65,49800,0,929600
PNB30Jan2062PE.NFO,07/01/2020,12:05:28,2.6,2.55,16600,2.65,58100,0,929600
PNB30Jan2062PE.NFO,07/01/2020,12:05:33,2.6,2.55,16600,2.65,66400,0,929600
PNB30Jan2062PE.NFO,07/01/2020,12:05:55,2.6,2.55,16600,2.65,16600,0,929600
PNB30Jan2062PE.NFO,07/01/2020,12:06:09,2.6,2.55,16600,2.65,41500,0,929600
PNB30Jan2062PE.NFO,07/01/2020,12:06:19,2.6,2.55,16600,2.65,49800,0,929600
PNB30Jan2062PE.NFO,07/01/2020,12:06:29,2.6,2.55,16600,2.65,41500,0,929600
PNB30Jan2062PE.NFO,07/01/2020,12:07:10,2.6,2.55,16600,2.65,49800,0,929600
PNB30Jan2062PE.NFO,07/01/2020,12:07:23,2.6,2.55,16600,2.65,16600,0,929600
PNB30Jan2062PE.NFO,07/01/2020,12:08:09,2.6,2.55,16600,2.65,8300,0,929600
PNB30Jan2062PE.NFO,07/01/2020,12:08:20,2.6,2.55,16600,2.65,33200,0,929600
PNB30Jan2062PE.NFO,07/01/2020,12:08:26,2.6,2.55,16600,2.65,16600,0,929600
PNB30Jan2062PE.NFO,07/01/2020,12:09:29,2.6,2.55,24900,2.65,16600,0,929600
PNB30Jan2062PE.NFO,07/01/2020,12:09:33,2.6,2.55,16600,2.65,16600,0,929600
PNB30Jan2062PE.NFO,07/01/2020,12:10:39,2.6,2.55,16600,2.65,33200,0,929600
PNB30Jan2062PE.NFO,07/01/2020,12:10:42,2.6,2.55,16600,2.65,16600,0,929600
PNB30Jan2062PE.NFO,07/01/2020,12:13:08,2.6,2.55,16600,2.65,41500,0,929600
PNB30Jan2062PE.NFO,07/01/2020,12:13:15,2.6,2.55,16600,2.65,74700,0,929600
PNB30Jan2062PE.NFO,07/01/2020,12:13:22,2.6,2.5,8300,2.6,24900,0,929600
PNB30Jan2062PE.NFO,07/01/2020,12:13:50,2.6,2.55,8300,2.6,8300,0,929600
PNB30Jan2062PE.NFO,07/01/2020,12:13:58,2.6,2.55,8300,2.65,83000,0,929600
PNB30Jan2062PE.NFO,07/01/2020,12:14:04,2.6,2.55,8300,2.65,49800,0,929600
PNB30Jan2062PE.NFO,07/01/2020,12:14:10,2.6,2.5,24900,2.6,8300,0,929600
PNB30Jan2062PE.NFO,07/01/2020,12:14:19,2.6,2.55,8300,2.65,66400,0,929600
PNB30Jan2062PE.NFO,07/01/2020,12:14:23,2.6,2.5,24900,2.65,74700,0,929600
PNB30Jan2062PE.NFO,07/01/2020,12:14:27,2.6,2.5,8300,2.6,8300,0,929600
PNB30Jan2062PE.NFO,07/01/2020,12:14:42,2.6,2.55,8300,2.65,66400,0,929600
PNB30Jan2062PE.NFO,07/01/2020,12:14:55,2.6,2.55,8300,2.6,8300,0,929600
PNB30Jan2062PE.NFO,07/01/2020,12:15:23,2.6,2.55,16600,2.65,16600,0,929600
PNB30Jan2062PE.NFO,07/01/2020,12:19:10,2.6,2.55,16600,2.65,66400,0,929600
PNB30Jan2062PE.NFO,07/01/2020,12:19:28,2.6,2.55,16600,2.65,58100,0,929600
PNB30Jan2062PE.NFO,07/01/2020,12:19:40,2.6,2.55,8300,2.65,74700,0,929600
PNB30Jan2062PE.NFO,07/01/2020,12:19:59,2.6,2.55,16600,2.65,74700,0,929600
PNB30Jan2062PE.NFO,07/01/2020,12:20:17,2.6,2.55,16600,2.65,49800,0,929600
PNB30Jan2062PE.NFO,07/01/2020,12:20:22,2.6,2.55,16600,2.65,41500,0,929600
PNB30Jan2062PE.NFO,07/01/2020,12:20:25,2.6,2.55,16600,2.65,24900,0,929600
PNB30Jan2062PE.NFO,07/01/2020,12:20:29,2.6,2.55,16600,2.65,41500,0,929600
PNB30Jan2062PE.NFO,07/01/2020,12:20:54,2.6,2.55,16600,2.65,24900,0,929600
PNB30Jan2062PE.NFO,07/01/2020,12:20:58,2.6,2.55,16600,2.65,41500,0,929600
PNB30Jan2062PE.NFO,07/01/2020,12:21:52,2.6,2.55,16600,2.65,24900,0,929600
PNB30Jan2062PE.NFO,07/01/2020,12:22:04,2.6,2.55,16600,2.65,16600,0,929600
PNB30Jan2062PE.NFO,07/01/2020,12:22:18,2.6,2.55,16600,2.65,24900,0,929600
PNB30Jan2062PE.NFO,07/01/2020,12:22:52,2.65,2.6,8300,2.7,16600,8300,946200
PNB30Jan2062PE.NFO,07/01/2020,12:22:56,2.65,2.6,8300,2.7,16600,0,946200
PNB30Jan2062PE.NFO,07/01/2020,12:23:17,2.65,2.6,8300,2.7,41500,0,946200
PNB30Jan2062PE.NFO,07/01/2020,12:23:39,2.65,2.55,41500,2.65,16600,0,946200
PNB30Jan2062PE.NFO,07/01/2020,12:24:13,2.65,2.55,24900,2.65,16600,0,946200
PNB30Jan2062PE.NFO,07/01/2020,12:24:19,2.65,2.6,8300,2.7,66400,0,946200
PNB30Jan2062PE.NFO,07/01/2020,12:24:31,2.65,2.55,24900,2.65,8300,0,946200
PNB30Jan2062PE.NFO,07/01/2020,12:24:34,2.65,2.6,8300,2.7,49800,0,946200
PNB30Jan2062PE.NFO,07/01/2020,12:24:47,2.65,2.6,8300,2.7,58100,0,946200
PNB30Jan2062PE.NFO,07/01/2020,12:25:06,2.65,2.6,16600,2.7,16600,0,946200
PNB30Jan2062PE.NFO,07/01/2020,12:25:28,2.65,2.6,8300,2.7,16600,0,946200
PNB30Jan2062PE.NFO,07/01/2020,12:25:53,2.65,2.6,8300,2.7,58100,0,946200
PNB30Jan2062PE.NFO,07/01/2020,12:25:57,2.65,2.6,8300,2.7,33200,0,946200
PNB30Jan2062PE.NFO,07/01/2020,12:26:02,2.65,2.6,8300,2.7,24900,0,946200
PNB30Jan2062PE.NFO,07/01/2020,12:26:10,2.65,2.6,8300,2.7,33200,0,946200
PNB30Jan2062PE.NFO,07/01/2020,12:26:13,2.65,2.6,8300,2.7,24900,0,946200
PNB30Jan2062PE.NFO,07/01/2020,12:26:56,2.65,2.6,16600,2.75,49800,0,946200
PNB30Jan2062PE.NFO,07/01/2020,12:27:11,2.65,2.6,24900,2.75,49800,0,946200
PNB30Jan2062PE.NFO,07/01/2020,12:27:15,2.65,2.6,24900,2.75,41500,0,946200
PNB30Jan2062PE.NFO,07/01/2020,12:27:56,2.65,2.6,24900,2.7,8300,0,946200
PNB30Jan2062PE.NFO,07/01/2020,12:28:52,2.6,2.6,24900,2.75,8300,16600,946200
PNB30Jan2062PE.NFO,07/01/2020,12:28:58,2.6,2.65,16600,2.75,8300,0,946200
PNB30Jan2062PE.NFO,07/01/2020,12:30:06,2.6,2.7,8300,2.8,16600,0,946200
PNB30Jan2062PE.NFO,07/01/2020,12:30:12,2.6,2.65,16600,2.8,33200,0,946200
PNB30Jan2062PE.NFO,07/01/2020,12:31:36,2.6,2.65,16600,2.75,8300,0,946200
PNB30Jan2062PE.NFO,07/01/2020,12:32:35,2.6,2.65,16600,2.8,16600,0,946200
PNB30Jan2062PE.NFO,07/01/2020,12:32:55,2.6,2.65,16600,2.75,8300,0,946200
PNB30Jan2062PE.NFO,07/01/2020,12:33:21,2.6,2.65,8300,2.8,58100,0,946200
PNB30Jan2062PE.NFO,07/01/2020,12:33:27,2.6,2.65,8300,2.75,16600,0,946200
PNB30Jan2062PE.NFO,07/01/2020,12:33:32,2.6,2.65,8300,2.75,8300,0,946200
PNB30Jan2062PE.NFO,07/01/2020,12:33:40,2.6,2.65,8300,2.8,66400,0,946200
PNB30Jan2062PE.NFO,07/01/2020,12:33:57,2.6,2.65,16600,2.75,8300,0,946200
PNB30Jan2062PE.NFO,07/01/2020,12:34:05,2.6,2.65,8300,2.75,8300,0,946200
PNB30Jan2062PE.NFO,07/01/2020,12:34:32,2.6,2.65,8300,2.75,16600,0,946200
PNB30Jan2062PE.NFO,07/01/2020,12:35:01,2.6,2.6,16600,2.75,74700,0,946200
PNB30Jan2062PE.NFO,07/01/2020,12:35:15,2.6,2.6,16600,2.75,41500,0,946200
PNB30Jan2062PE.NFO,07/01/2020,12:35:18,2.6,2.6,16600,2.75,74700,0,946200
PNB30Jan2062PE.NFO,07/01/2020,12:35:45,2.6,2.65,8300,2.75,24900,0,946200
PNB30Jan2062PE.NFO,07/01/2020,12:35:50,2.6,2.6,16600,2.7,8300,0,946200
PNB30Jan2062PE.NFO,07/01/2020,12:35:57,2.6,2.6,16600,2.75,33200,0,946200
PNB30Jan2062PE.NFO,07/01/2020,12:36:02,2.6,2.6,16600,2.7,8300,0,946200
PNB30Jan2062PE.NFO,07/01/2020,12:36:11,2.6,2.6,16600,2.75,16600,0,946200
PNB30Jan2062PE.NFO,07/01/2020,12:36:14,2.6,2.6,16600,2.7,8300,0,946200
PNB30Jan2062PE.NFO,07/01/2020,12:36:19,2.6,2.6,16600,2.75,16600,0,946200
PNB30Jan2062PE.NFO,07/01/2020,12:36:22,2.6,2.6,16600,2.7,8300,0,946200
PNB30Jan2062PE.NFO,07/01/2020,12:36:41,2.6,2.6,24900,2.7,8300,0,946200
PNB30Jan2062PE.NFO,07/01/2020,12:36:44,2.6,2.6,24900,2.75,16600,0,946200
PNB30Jan2062PE.NFO,07/01/2020,12:37:39,2.6,2.6,24900,2.7,8300,0,946200
PNB30Jan2062PE.NFO,07/01/2020,12:38:25,2.6,2.6,24900,2.7,16600,0,946200
PNB30Jan2062PE.NFO,07/01/2020,12:38:49,2.6,2.6,8300,2.7,16600,0,946200
PNB30Jan2062PE.NFO,07/01/2020,12:38:53,2.6,2.6,8300,2.7,24900,0,946200
PNB30Jan2062PE.NFO,07/01/2020,12:39:02,2.6,2.6,8300,2.7,41500,0,946200
PNB30Jan2062PE.NFO,07/01/2020,12:39:13,2.6,2.6,8300,2.7,49800,0,946200
PNB30Jan2062PE.NFO,07/01/2020,12:39:21,2.6,2.6,8300,2.7,16600,0,946200
PNB30Jan2062PE.NFO,07/01/2020,12:39:48,2.6,2.6,16600,2.7,16600,0,946200
PNB30Jan2062PE.NFO,07/01/2020,12:40:18,2.6,2.6,8300,2.7,49800,0,946200
PNB30Jan2062PE.NFO,07/01/2020,12:40:22,2.6,2.6,8300,2.7,58100,0,946200
PNB30Jan2062PE.NFO,07/01/2020,12:42:35,2.6,2.6,16600,2.7,16600,0,946200
PNB30Jan2062PE.NFO,07/01/2020,12:43:51,2.6,2.6,24900,2.75,49800,0,946200
PNB30Jan2062PE.NFO,07/01/2020,12:43:58,2.6,2.6,24900,2.75,58100,0,946200
PNB30Jan2062PE.NFO,07/01/2020,12:44:14,2.6,2.6,24900,2.7,16600,0,946200
PNB30Jan2062PE.NFO,07/01/2020,12:45:46,2.6,2.6,16600,2.7,16600,0,946200
PNB30Jan2062PE.NFO,07/01/2020,12:45:51,2.6,2.6,8300,2.7,41500,0,946200
PNB30Jan2062PE.NFO,07/01/2020,12:45:58,2.6,2.6,8300,2.7,58100,0,946200
PNB30Jan2062PE.NFO,07/01/2020,12:46:23,2.6,2.6,8300,2.7,66400,0,946200
PNB30Jan2062PE.NFO,07/01/2020,12:46:31,2.6,2.6,8300,2.7,58100,0,946200
PNB30Jan2062PE.NFO,07/01/2020,12:48:14,2.6,2.6,8300,2.7,83000,0,946200
PNB30Jan2062PE.NFO,07/01/2020,12:48:21,2.6,2.6,8300,2.7,74700,0,946200
PNB30Jan2062PE.NFO,07/01/2020,12:48:27,2.6,2.6,8300,2.7,66400,0,946200
PNB30Jan2062PE.NFO,07/01/2020,12:48:32,2.6,2.6,8300,2.7,74700,0,946200
PNB30Jan2062PE.NFO,07/01/2020,12:48:46,2.6,2.6,8300,2.7,66400,0,946200
PNB30Jan2062PE.NFO,07/01/2020,12:48:54,2.6,2.6,8300,2.7,74700,0,946200
PNB30Jan2062PE.NFO,07/01/2020,12:49:03,2.6,2.6,8300,2.7,58100,0,946200
PNB30Jan2062PE.NFO,07/01/2020,12:49:13,2.6,2.6,16600,2.7,16600,0,946200
PNB30Jan2062PE.NFO,07/01/2020,12:49:49,2.6,2.6,16600,2.7,41500,0,946200
PNB30Jan2062PE.NFO,07/01/2020,12:49:56,2.6,2.6,16600,2.7,49800,0,946200
PNB30Jan2062PE.NFO,07/01/2020,12:50:22,2.6,2.6,8300,2.7,66400,0,946200
PNB30Jan2062PE.NFO,07/01/2020,12:50:26,2.6,2.6,16600,2.7,49800,0,946200
PNB30Jan2062PE.NFO,07/01/2020,12:50:38,2.6,2.6,16600,2.7,58100,0,946200
PNB30Jan2062PE.NFO,07/01/2020,12:52:23,2.6,2.6,16600,2.7,16600,0,946200
PNB30Jan2062PE.NFO,07/01/2020,12:53:06,2.6,2.6,16600,2.7,24900,0,946200
PNB30Jan2062PE.NFO,07/01/2020,12:53:52,2.6,2.6,16600,2.7,41500,0,946200
PNB30Jan2062PE.NFO,07/01/2020,12:53:55,2.6,2.6,16600,2.7,24900,0,946200
PNB30Jan2062PE.NFO,07/01/2020,12:54:51,2.6,2.6,8300,2.7,58100,0,946200
PNB30Jan2062PE.NFO,07/01/2020,12:55:17,2.6,2.6,16600,2.7,24900,0,946200
PNB30Jan2062PE.NFO,07/01/2020,12:55:26,2.6,2.6,16600,2.7,49800,0,946200
PNB30Jan2062PE.NFO,07/01/2020,12:55:51,2.6,2.6,16600,2.7,33200,0,946200
PNB30Jan2062PE.NFO,07/01/2020,12:57:00,2.6,2.6,16600,2.7,41500,0,946200
PNB30Jan2062PE.NFO,07/01/2020,12:57:04,2.6,2.6,16600,2.7,33200,0,946200
PNB30Jan2062PE.NFO,07/01/2020,12:57:39,2.6,2.65,8300,2.75,24900,0,946200
PNB30Jan2062PE.NFO,07/01/2020,12:58:27,2.6,2.65,16600,2.75,24900,0,946200
PNB30Jan2062PE.NFO,07/01/2020,12:58:32,2.6,2.65,8300,2.75,49800,0,946200
PNB30Jan2062PE.NFO,07/01/2020,12:58:49,2.6,2.65,8300,2.75,24900,0,946200
PNB30Jan2062PE.NFO,07/01/2020,12:58:52,2.6,2.65,8300,2.75,16600,0,946200
PNB30Jan2062PE.NFO,07/01/2020,13:00:08,2.6,2.7,8300,2.8,41500,0,946200
PNB30Jan2062PE.NFO,07/01/2020,13:00:15,2.6,2.7,8300,2.8,8300,0,946200
PNB30Jan2062PE.NFO,07/01/2020,13:00:38,2.6,2.7,8300,2.8,16600,0,946200
PNB30Jan2062PE.NFO,07/01/2020,13:00:47,2.6,2.7,8300,2.8,8300,0,946200
PNB30Jan2062PE.NFO,07/01/2020,13:00:57,2.6,2.7,8300,2.85,49800,0,946200
PNB30Jan2062PE.NFO,07/01/2020,13:01:07,2.6,2.7,8300,2.85,24900,0,946200
PNB30Jan2062PE.NFO,07/01/2020,13:01:14,2.6,2.7,8300,2.85,16600,0,946200
PNB30Jan2062PE.NFO,07/01/2020,13:01:21,2.6,2.75,16600,2.85,16600,0,946200
PNB30Jan2062PE.NFO,07/01/2020,13:01:28,2.6,2.75,8300,2.85,16600,0,946200
PNB30Jan2062PE.NFO,07/01/2020,13:02:04,2.6,2.7,8300,2.8,16600,0,946200
PNB30Jan2062PE.NFO,07/01/2020,13:02:10,2.6,2.7,8300,2.8,24900,0,946200
PNB30Jan2062PE.NFO,07/01/2020,13:02:19,2.6,2.7,8300,2.85,24900,0,946200
PNB30Jan2062PE.NFO,07/01/2020,13:02:29,2.6,2.75,16600,2.85,24900,0,946200
PNB30Jan2062PE.NFO,07/01/2020,13:02:34,2.6,2.75,8300,2.85,24900,0,946200
PNB30Jan2062PE.NFO,07/01/2020,13:02:45,2.6,2.75,16600,2.85,24900,0,946200
PNB30Jan2062PE.NFO,07/01/2020,13:03:21,2.6,2.7,8300,2.8,24900,0,946200
PNB30Jan2062PE.NFO,07/01/2020,13:03:26,2.6,2.7,8300,2.8,16600,0,946200
PNB30Jan2062PE.NFO,07/01/2020,13:03:37,2.6,2.75,16600,2.85,16600,0,946200
PNB30Jan2062PE.NFO,07/01/2020,13:03:48,2.6,2.75,8300,2.85,16600,0,946200
PNB30Jan2062PE.NFO,07/01/2020,13:03:55,2.6,2.75,8300,2.85,33200,0,946200
PNB30Jan2062PE.NFO,07/01/2020,13:04:04,2.6,2.75,8300,2.85,16600,0,946200
PNB30Jan2062PE.NFO,07/01/2020,13:04:07,2.6,2.75,8300,2.85,33200,0,946200
PNB30Jan2062PE.NFO,07/01/2020,13:04:10,2.6,2.75,8300,2.85,16600,0,946200
PNB30Jan2062PE.NFO,07/01/2020,13:04:14,2.6,2.75,8300,2.85,33200,0,946200
PNB30Jan2062PE.NFO,07/01/2020,13:04:18,2.6,2.75,8300,2.85,16600,0,946200
PNB30Jan2062PE.NFO,07/01/2020,13:04:43,2.6,2.75,16600,2.9,41500,0,946200
PNB30Jan2062PE.NFO,07/01/2020,13:04:50,2.6,2.75,16600,2.85,8300,0,946200
PNB30Jan2062PE.NFO,07/01/2020,13:04:57,2.6,2.75,16600,2.9,41500,0,946200
PNB30Jan2062PE.NFO,07/01/2020,13:05:57,2.6,2.8,8300,2.9,41500,0,946200
PNB30Jan2062PE.NFO,07/01/2020,13:06:20,2.6,2.8,8300,2.9,24900,0,946200
PNB30Jan2062PE.NFO,07/01/2020,13:06:42,2.6,2.8,8300,2.9,41500,0,946200
PNB30Jan2062PE.NFO,07/01/2020,13:07:35,2.6,2.8,8300,2.9,24900,0,946200
PNB30Jan2062PE.NFO,07/01/2020,13:07:40,2.6,2.8,8300,2.9,41500,0,946200
PNB30Jan2062PE.NFO,07/01/2020,13:08:02,2.6,2.85,8300,2.95,24900,0,946200
PNB30Jan2062PE.NFO,07/01/2020,13:08:58,2.6,2.85,8300,2.95,16600,0,946200
PNB30Jan2062PE.NFO,07/01/2020,13:09:04,2.6,2.85,8300,2.95,24900,0,946200
PNB30Jan2062PE.NFO,07/01/2020,13:09:11,2.6,2.85,8300,2.95,16600,0,946200
PNB30Jan2062PE.NFO,07/01/2020,13:09:19,3,2.9,8300,3,16600,8300,962800
PNB30Jan2062PE.NFO,07/01/2020,13:09:19,3,2.9,8300,3,16600,0,962800
PNB30Jan2062PE.NFO,07/01/2020,13:09:26,3,2.9,8300,3,16600,0,962800
PNB30Jan2062PE.NFO,07/01/2020,13:09:34,3,2.9,8300,3,24900,0,962800
PNB30Jan2062PE.NFO,07/01/2020,13:09:41,3,2.9,8300,3,16600,0,962800
PNB30Jan2062PE.NFO,07/01/2020,13:09:47,3,2.9,8300,3,24900,0,962800
PNB30Jan2062PE.NFO,07/01/2020,13:09:53,3,2.85,16600,2.95,8300,0,962800
PNB30Jan2062PE.NFO,07/01/2020,13:10:00,3,2.9,16600,3,24900,0,962800
PNB30Jan2062PE.NFO,07/01/2020,13:10:13,3,2.9,16600,3,16600,0,962800
PNB30Jan2062PE.NFO,07/01/2020,13:10:20,3,2.95,8300,3.05,8300,0,962800
PNB30Jan2062PE.NFO,07/01/2020,13:10:25,3,2.95,16600,3.05,16600,0,962800
PNB30Jan2062PE.NFO,07/01/2020,13:10:31,3,2.9,16600,3,8300,0,962800
PNB30Jan2062PE.NFO,07/01/2020,13:10:36,3,2.95,16600,3.05,16600,0,962800
PNB30Jan2062PE.NFO,07/01/2020,13:11:25,3,2.95,16600,3.05,24900,0,962800
PNB30Jan2062PE.NFO,07/01/2020,13:11:30,3,2.95,8300,3.05,24900,0,962800
PNB30Jan2062PE.NFO,07/01/2020,13:11:34,3,2.95,8300,3.05,16600,0,962800
PNB30Jan2062PE.NFO,07/01/2020,13:11:56,3,2.9,8300,3.05,16600,0,962800
PNB30Jan2062PE.NFO,07/01/2020,13:12:41,3,2.9,8300,3,24900,0,962800
PNB30Jan2062PE.NFO,07/01/2020,13:12:50,3,2.9,8300,3,16600,0,962800
PNB30Jan2062PE.NFO,07/01/2020,13:13:15,3,2.9,8300,3.05,16600,0,962800
PNB30Jan2062PE.NFO,07/01/2020,13:13:23,3,2.9,8300,3.05,24900,0,962800
PNB30Jan2062PE.NFO,07/01/2020,13:13:27,3,2.95,8300,3.05,33200,0,962800
PNB30Jan2062PE.NFO,07/01/2020,13:13:51,3,2.95,8300,3.05,8300,0,962800
PNB30Jan2062PE.NFO,07/01/2020,13:13:57,3,2.95,8300,3.1,33200,0,962800
PNB30Jan2062PE.NFO,07/01/2020,13:14:01,3,2.9,8300,3.05,24900,0,962800
PNB30Jan2062PE.NFO,07/01/2020,13:14:06,3,2.95,24900,3.05,8300,8300,962800
PNB30Jan2062PE.NFO,07/01/2020,13:14:12,3,2.95,24900,3.05,8300,0,962800
PNB30Jan2062PE.NFO,07/01/2020,13:14:38,3,2.95,16600,3.1,33200,0,962800
PNB30Jan2062PE.NFO,07/01/2020,13:14:43,3,2.95,16600,3.05,8300,0,962800
PNB30Jan2062PE.NFO,07/01/2020,13:14:56,3,2.95,8300,3.1,16600,0,962800
PNB30Jan2062PE.NFO,07/01/2020,13:15:08,3,3,16600,3.15,33200,0,962800
PNB30Jan2062PE.NFO,07/01/2020,13:15:16,3,3,16600,3.15,41500,0,962800
PNB30Jan2062PE.NFO,07/01/2020,13:15:24,3,3,8300,3.15,41500,0,962800
PNB30Jan2062PE.NFO,07/01/2020,13:15:31,3,3.05,8300,3.15,16600,0,962800
PNB30Jan2062PE.NFO,07/01/2020,13:15:38,3,3,8300,3.15,24900,0,962800
PNB30Jan2062PE.NFO,07/01/2020,13:15:49,3,3.05,8300,3.15,16600,0,962800
PNB30Jan2062PE.NFO,07/01/2020,13:16:00,3,3,8300,3.15,24900,0,962800
PNB30Jan2062PE.NFO,07/01/2020,13:16:07,3,3,8300,3.1,8300,0,962800
PNB30Jan2062PE.NFO,07/01/2020,13:16:31,3,2.95,8300,3.05,8300,0,962800
PNB30Jan2062PE.NFO,07/01/2020,13:16:47,3,2.95,8300,3.1,8300,0,962800
PNB30Jan2062PE.NFO,07/01/2020,13:18:44,3,2.9,8300,3.05,8300,0,962800
PNB30Jan2062PE.NFO,07/01/2020,13:20:17,3,2.8,8300,2.95,16600,0,962800
PNB30Jan2062PE.NFO,07/01/2020,13:20:23,3,2.8,16600,3,24900,0,962800
PNB30Jan2062PE.NFO,07/01/2020,13:20:28,3,2.85,16600,3,24900,0,962800
PNB30Jan2062PE.NFO,07/01/2020,13:21:01,3,2.85,8300,3,16600,0,962800
PNB30Jan2062PE.NFO,07/01/2020,13:21:07,3,2.85,8300,3,24900,0,962800
PNB30Jan2062PE.NFO,07/01/2020,13:21:14,3,2.9,8300,3.05,24900,0,962800
PNB30Jan2062PE.NFO,07/01/2020,13:21:23,3,2.9,16600,3.05,24900,0,962800
PNB30Jan2062PE.NFO,07/01/2020,13:21:38,3,2.9,24900,3.05,24900,0,962800
PNB30Jan2062PE.NFO,07/01/2020,13:22:01,3,2.9,16600,3.05,24900,0,962800
PNB30Jan2062PE.NFO,07/01/2020,13:22:25,3,2.9,16600,3,8300,0,962800
PNB30Jan2062PE.NFO,07/01/2020,13:22:29,3,2.9,16600,3.05,24900,0,962800
PNB30Jan2062PE.NFO,07/01/2020,13:22:43,3,2.9,8300,3.05,24900,0,962800
PNB30Jan2062PE.NFO,07/01/2020,13:24:39,3,2.85,8300,3,24900,0,962800
PNB30Jan2062PE.NFO,07/01/2020,13:24:47,3,2.85,8300,3,33200,0,962800
PNB30Jan2062PE.NFO,07/01/2020,13:26:26,3,2.8,8300,2.95,33200,0,962800
PNB30Jan2062PE.NFO,07/01/2020,13:26:32,3,2.8,8300,2.9,8300,0,962800
PNB30Jan2062PE.NFO,07/01/2020,13:26:37,3,2.8,16600,2.95,24900,0,962800
PNB30Jan2062PE.NFO,07/01/2020,13:26:47,3,2.8,16600,2.95,33200,0,962800
PNB30Jan2062PE.NFO,07/01/2020,13:26:52,3,2.8,16600,2.95,24900,0,962800
PNB30Jan2062PE.NFO,07/01/2020,13:27:33,3,2.85,8300,2.95,8300,0,962800
PNB30Jan2062PE.NFO,07/01/2020,13:27:40,3,2.85,16600,2.95,8300,0,962800
PNB30Jan2062PE.NFO,07/01/2020,13:27:46,3,2.85,16600,3,24900,0,962800
PNB30Jan2062PE.NFO,07/01/2020,13:27:52,3,2.85,8300,3,16600,0,962800
PNB30Jan2062PE.NFO,07/01/2020,13:27:59,3,2.9,8300,3,24900,0,962800
PNB30Jan2062PE.NFO,07/01/2020,13:28:56,3,2.9,8300,3,16600,0,962800
PNB30Jan2062PE.NFO,07/01/2020,13:29:04,3,2.85,8300,3,16600,0,962800
PNB30Jan2062PE.NFO,07/01/2020,13:29:12,3,2.85,8300,2.95,16600,0,962800
PNB30Jan2062PE.NFO,07/01/2020,13:29:26,3,2.85,16600,3,24900,0,962800
PNB30Jan2062PE.NFO,07/01/2020,13:29:39,3,2.85,8300,3,16600,0,962800
PNB30Jan2062PE.NFO,07/01/2020,13:30:12,3,2.85,8300,3,24900,0,962800
PNB30Jan2062PE.NFO,07/01/2020,13:30:18,3,2.9,8300,3,16600,0,962800
PNB30Jan2062PE.NFO,07/01/2020,13:30:30,3,2.85,8300,3,16600,0,962800
PNB30Jan2062PE.NFO,07/01/2020,13:30:37,3,2.9,8300,3,16600,0,962800
PNB30Jan2062PE.NFO,07/01/2020,13:30:52,3,2.9,8300,3.05,24900,0,962800
PNB30Jan2062PE.NFO,07/01/2020,13:31:07,3,2.95,8300,3.05,24900,0,962800
PNB30Jan2062PE.NFO,07/01/2020,13:31:14,3,2.9,16600,3.05,24900,0,962800
PNB30Jan2062PE.NFO,07/01/2020,13:31:34,3,2.85,8300,3,24900,0,962800
PNB30Jan2062PE.NFO,07/01/2020,13:31:57,3,2.8,8300,2.95,16600,0,962800
PNB30Jan2062PE.NFO,07/01/2020,13:32:05,3,2.85,16600,3,33200,0,962800
PNB30Jan2062PE.NFO,07/01/2020,13:32:12,3,2.85,16600,3,24900,0,962800
PNB30Jan2062PE.NFO,07/01/2020,13:32:28,3,2.8,16600,2.95,16600,0,962800
PNB30Jan2062PE.NFO,07/01/2020,13:32:39,3,2.85,16600,2.95,8300,0,962800
PNB30Jan2062PE.NFO,07/01/2020,13:32:45,3,2.9,8300,3,24900,0,962800
PNB30Jan2062PE.NFO,07/01/2020,13:32:52,3,2.85,16600,3,16600,0,962800
PNB30Jan2062PE.NFO,07/01/2020,13:32:58,3,2.9,8300,3,16600,0,962800
PNB30Jan2062PE.NFO,07/01/2020,13:33:04,3,2.85,16600,3,16600,0,962800
PNB30Jan2062PE.NFO,07/01/2020,13:33:10,3,2.85,16600,3,24900,0,962800
PNB30Jan2062PE.NFO,07/01/2020,13:33:25,3,2.9,8300,3,16600,0,962800
PNB30Jan2062PE.NFO,07/01/2020,13:33:32,3,2.85,16600,3,16600,0,962800
PNB30Jan2062PE.NFO,07/01/2020,13:33:38,3,2.9,8300,3,16600,0,962800
PNB30Jan2062PE.NFO,07/01/2020,13:34:49,3,2.85,8300,3,33200,0,962800
PNB30Jan2062PE.NFO,07/01/2020,13:34:54,3,2.85,8300,3,41500,0,962800
PNB30Jan2062PE.NFO,07/01/2020,13:35:02,3,2.8,16600,2.95,16600,0,962800
PNB30Jan2062PE.NFO,07/01/2020,13:35:39,3,2.8,16600,2.95,24900,0,962800
PNB30Jan2062PE.NFO,07/01/2020,13:35:50,3,2.75,16600,2.9,16600,0,962800
PNB30Jan2062PE.NFO,07/01/2020,13:36:03,3,2.75,8300,2.9,8300,0,962800
PNB30Jan2062PE.NFO,07/01/2020,13:36:08,3,2.75,8300,2.9,16600,0,962800
PNB30Jan2062PE.NFO,07/01/2020,13:36:17,3,2.8,8300,2.9,16600,0,962800
PNB30Jan2062PE.NFO,07/01/2020,13:36:22,3,2.75,8300,2.9,16600,0,962800
PNB30Jan2062PE.NFO,07/01/2020,13:36:40,3,2.8,8300,2.9,8300,0,962800
PNB30Jan2062PE.NFO,07/01/2020,13:36:52,3,2.8,8300,2.9,16600,0,962800
PNB30Jan2062PE.NFO,07/01/2020,13:37:18,3,2.75,8300,2.9,16600,0,962800
PNB30Jan2062PE.NFO,07/01/2020,13:37:31,3,2.75,8300,2.9,33200,0,962800
PNB30Jan2062PE.NFO,07/01/2020,13:37:36,3,2.75,8300,2.9,16600,0,962800
PNB30Jan2062PE.NFO,07/01/2020,13:38:13,3,2.75,8300,2.9,33200,0,962800
PNB30Jan2062PE.NFO,07/01/2020,13:38:20,3,2.75,8300,2.9,24900,0,962800
PNB30Jan2062PE.NFO,07/01/2020,13:38:56,3,2.75,8300,2.9,33200,0,962800
PNB30Jan2062PE.NFO,07/01/2020,13:39:02,3,2.75,8300,2.9,24900,0,962800
PNB30Jan2062PE.NFO,07/01/2020,13:39:11,3,2.8,8300,2.9,24900,0,962800
PNB30Jan2062PE.NFO,07/01/2020,13:39:49,3,2.85,8300,2.9,8300,0,962800
PNB30Jan2062PE.NFO,07/01/2020,13:39:59,3,2.85,16600,2.95,41500,0,962800
PNB30Jan2062PE.NFO,07/01/2020,13:40:16,3,2.85,16600,2.95,58100,0,962800
PNB30Jan2062PE.NFO,07/01/2020,13:40:31,3,2.85,16600,2.95,66400,0,962800
PNB30Jan2062PE.NFO,07/01/2020,13:40:45,3,2.8,16600,2.9,16600,0,962800
PNB30Jan2062PE.NFO,07/01/2020,13:40:51,3,2.8,16600,2.9,24900,0,962800
PNB30Jan2062PE.NFO,07/01/2020,13:41:03,3,2.85,8300,2.9,8300,0,962800
PNB30Jan2062PE.NFO,07/01/2020,13:41:14,3,2.85,16600,2.9,8300,0,962800
PNB30Jan2062PE.NFO,07/01/2020,13:41:25,3,2.85,8300,2.9,8300,0,962800
PNB30Jan2062PE.NFO,07/01/2020,13:41:43,3,2.8,16600,2.9,24900,0,962800
PNB30Jan2062PE.NFO,07/01/2020,13:41:47,3,2.85,16600,2.9,8300,0,962800
PNB30Jan2062PE.NFO,07/01/2020,13:41:53,3,2.85,8300,2.9,8300,0,962800
PNB30Jan2062PE.NFO,07/01/2020,13:42:24,3,2.8,16600,2.9,49800,0,962800
PNB30Jan2062PE.NFO,07/01/2020,13:42:43,3,2.8,16600,2.9,33200,0,962800
PNB30Jan2062PE.NFO,07/01/2020,13:42:45,3,2.8,8300,2.9,33200,0,962800
PNB30Jan2062PE.NFO,07/01/2020,13:42:54,3,2.8,8300,2.9,41500,0,962800
PNB30Jan2062PE.NFO,07/01/2020,13:43:32,3,2.8,8300,2.9,33200,0,962800
PNB30Jan2062PE.NFO,07/01/2020,13:43:38,3,2.8,8300,2.9,16600,0,962800
PNB30Jan2062PE.NFO,07/01/2020,13:44:49,3,2.85,8300,2.9,8300,0,962800
PNB30Jan2062PE.NFO,07/01/2020,13:45:08,3,2.8,8300,2.9,16600,0,962800
PNB30Jan2062PE.NFO,07/01/2020,13:45:16,3,2.8,8300,2.9,33200,0,962800
PNB30Jan2062PE.NFO,07/01/2020,13:45:22,3,2.8,8300,2.9,16600,0,962800
PNB30Jan2062PE.NFO,07/01/2020,13:45:28,3,2.8,8300,2.9,33200,0,962800
PNB30Jan2062PE.NFO,07/01/2020,13:45:43,3,2.8,8300,2.9,49800,0,962800
PNB30Jan2062PE.NFO,07/01/2020,13:45:50,3,2.8,8300,2.9,58100,0,962800
PNB30Jan2062PE.NFO,07/01/2020,13:46:04,3,2.8,8300,2.9,16600,0,962800
PNB30Jan2062PE.NFO,07/01/2020,13:46:09,3,2.8,8300,2.9,8300,0,962800
PNB30Jan2062PE.NFO,07/01/2020,13:46:33,3,2.8,8300,2.9,16600,0,962800
PNB30Jan2062PE.NFO,07/01/2020,13:46:44,3,2.8,16600,2.9,66400,0,962800
PNB30Jan2062PE.NFO,07/01/2020,13:46:53,3,2.8,16600,2.9,74700,0,962800
PNB30Jan2062PE.NFO,07/01/2020,13:47:00,3,2.8,8300,2.85,8300,0,962800
PNB30Jan2062PE.NFO,07/01/2020,13:47:08,3,2.8,16600,2.9,74700,0,962800
PNB30Jan2062PE.NFO,07/01/2020,13:47:15,3,2.8,16600,2.9,83000,0,962800
PNB30Jan2062PE.NFO,07/01/2020,13:47:20,3,2.8,16600,2.9,74700,0,962800
PNB30Jan2062PE.NFO,07/01/2020,13:47:25,3,2.8,16600,2.9,83000,0,962800
PNB30Jan2062PE.NFO,07/01/2020,13:47:46,3,2.75,16600,2.85,66400,0,962800
PNB30Jan2062PE.NFO,07/01/2020,13:48:55,3,2.7,24900,2.8,24900,0,962800
PNB30Jan2062PE.NFO,07/01/2020,13:49:26,3,2.7,24900,2.8,16600,0,962800
PNB30Jan2062PE.NFO,07/01/2020,13:49:47,3,2.7,16600,2.8,49800,0,962800
PNB30Jan2062PE.NFO,07/01/2020,13:49:51,3,2.7,16600,2.8,41500,0,962800
PNB30Jan2062PE.NFO,07/01/2020,13:50:09,3,2.65,16600,2.75,49800,0,962800
PNB30Jan2062PE.NFO,07/01/2020,13:50:17,3,2.6,8300,2.7,41500,0,962800
PNB30Jan2062PE.NFO,07/01/2020,13:50:24,3,2.6,16600,2.7,16600,0,962800
PNB30Jan2062PE.NFO,07/01/2020,13:50:37,3,2.6,16600,2.7,49800,0,962800
PNB30Jan2062PE.NFO,07/01/2020,13:50:54,3,2.6,24900,2.7,16600,0,962800
PNB30Jan2062PE.NFO,07/01/2020,13:51:02,3,2.6,24900,2.7,24900,0,962800
PNB30Jan2062PE.NFO,07/01/2020,13:51:09,3,2.6,24900,2.7,33200,0,962800
PNB30Jan2062PE.NFO,07/01/2020,13:51:31,3,2.6,24900,2.7,16600,0,962800
PNB30Jan2062PE.NFO,07/01/2020,13:51:41,3,2.6,24900,2.7,8300,0,962800
PNB30Jan2062PE.NFO,07/01/2020,13:51:46,3,2.65,16600,2.7,16600,0,962800
PNB30Jan2062PE.NFO,07/01/2020,13:51:51,3,2.65,16600,2.75,66400,0,962800
PNB30Jan2062PE.NFO,07/01/2020,13:51:56,3,2.65,16600,2.75,33200,0,962800
PNB30Jan2062PE.NFO,07/01/2020,13:52:06,3,2.65,16600,2.75,41500,0,962800
PNB30Jan2062PE.NFO,07/01/2020,13:52:47,3,2.65,16600,2.7,16600,0,962800
PNB30Jan2062PE.NFO,07/01/2020,13:53:03,3,2.65,16600,2.7,8300,0,962800
PNB30Jan2062PE.NFO,07/01/2020,13:53:08,3,2.65,16600,2.75,66400,0,962800
PNB30Jan2062PE.NFO,07/01/2020,13:53:16,3,2.65,16600,2.75,74700,0,962800
PNB30Jan2062PE.NFO,07/01/2020,13:53:43,3,2.65,16600,2.75,16600,0,962800
PNB30Jan2062PE.NFO,07/01/2020,13:53:51,3,2.7,8300,2.8,58100,0,962800
PNB30Jan2062PE.NFO,07/01/2020,13:54:12,3,2.7,16600,2.8,8300,0,962800
PNB30Jan2062PE.NFO,07/01/2020,13:54:17,3,2.7,16600,2.8,58100,0,962800
PNB30Jan2062PE.NFO,07/01/2020,13:55:01,3,2.7,16600,2.8,41500,0,962800
PNB30Jan2062PE.NFO,07/01/2020,13:55:08,3,2.65,16600,2.75,74700,0,962800
PNB30Jan2062PE.NFO,07/01/2020,13:55:21,3,2.65,16600,2.75,41500,0,962800
PNB30Jan2062PE.NFO,07/01/2020,13:55:32,3,2.65,8300,2.75,74700,0,962800
PNB30Jan2062PE.NFO,07/01/2020,13:55:41,3,2.65,16600,2.75,74700,0,962800
PNB30Jan2062PE.NFO,07/01/2020,13:56:03,3,2.65,16600,2.75,41500,0,962800
PNB30Jan2062PE.NFO,07/01/2020,13:56:13,3,2.7,8300,2.75,33200,0,962800
PNB30Jan2062PE.NFO,07/01/2020,13:56:26,3,2.65,16600,2.75,41500,0,962800
PNB30Jan2062PE.NFO,07/01/2020,13:56:31,3,2.7,16600,2.75,16600,0,962800
PNB30Jan2062PE.NFO,07/01/2020,13:56:38,3,2.7,24900,2.8,66400,0,962800
PNB30Jan2062PE.NFO,07/01/2020,13:56:44,3,2.7,16600,2.8,66400,0,962800
PNB30Jan2062PE.NFO,07/01/2020,13:56:58,3,2.7,8300,2.75,41500,0,962800
PNB30Jan2062PE.NFO,07/01/2020,13:57:06,3,2.7,8300,2.75,33200,0,962800
PNB30Jan2062PE.NFO,07/01/2020,13:57:17,3,2.7,16600,2.8,58100,0,962800
PNB30Jan2062PE.NFO,07/01/2020,13:57:52,3,2.7,16600,2.8,66400,0,962800
PNB30Jan2062PE.NFO,07/01/2020,13:58:15,3,2.7,16600,2.8,58100,0,962800
PNB30Jan2062PE.NFO,07/01/2020,13:58:27,3,2.7,16600,2.8,49800,0,962800
PNB30Jan2062PE.NFO,07/01/2020,13:58:34,3,2.7,24900,2.8,33200,0,962800
PNB30Jan2062PE.NFO,07/01/2020,13:58:39,3,2.7,24900,2.8,58100,0,962800
PNB30Jan2062PE.NFO,07/01/2020,13:59:22,3,2.7,24900,2.8,49800,0,962800
PNB30Jan2062PE.NFO,07/01/2020,14:00:10,3,2.75,8300,2.85,66400,0,962800
PNB30Jan2062PE.NFO,07/01/2020,14:00:41,3,2.75,8300,2.8,41500,0,962800
PNB30Jan2062PE.NFO,07/01/2020,14:00:48,3,2.7,16600,2.8,66400,0,962800
PNB30Jan2062PE.NFO,07/01/2020,14:00:55,3,2.7,24900,2.8,49800,0,962800
PNB30Jan2062PE.NFO,07/01/2020,14:01:12,3,2.7,24900,2.8,58100,0,962800
PNB30Jan2062PE.NFO,07/01/2020,14:01:17,3,2.7,16600,2.8,58100,0,962800
PNB30Jan2062PE.NFO,07/01/2020,14:01:25,3,2.7,24900,2.8,41500,0,962800
PNB30Jan2062PE.NFO,07/01/2020,14:01:42,3,2.7,24900,2.8,49800,0,962800
PNB30Jan2062PE.NFO,07/01/2020,14:01:48,3,2.7,24900,2.8,58100,0,962800
PNB30Jan2062PE.NFO,07/01/2020,14:01:51,3,2.7,24900,2.8,41500,0,962800
PNB30Jan2062PE.NFO,07/01/2020,14:01:56,3,2.7,24900,2.8,49800,0,962800
PNB30Jan2062PE.NFO,07/01/2020,14:03:09,3,2.65,24900,2.75,41500,0,962800
PNB30Jan2062PE.NFO,07/01/2020,14:03:15,3,2.65,24900,2.75,33200,0,962800
PNB30Jan2062PE.NFO,07/01/2020,14:03:44,3,2.65,24900,2.75,49800,0,962800
PNB30Jan2062PE.NFO,07/01/2020,14:03:51,3,2.65,24900,2.75,41500,0,962800
PNB30Jan2062PE.NFO,07/01/2020,14:03:56,3,2.65,24900,2.75,16600,0,962800
PNB30Jan2062PE.NFO,07/01/2020,14:04:02,3,2.7,16600,2.75,8300,0,962800
PNB30Jan2062PE.NFO,07/01/2020,14:04:08,3,2.65,24900,2.75,41500,0,962800
PNB30Jan2062PE.NFO,07/01/2020,14:05:36,3,2.7,16600,2.75,8300,0,962800
PNB30Jan2062PE.NFO,07/01/2020,14:05:45,3,2.7,16600,2.8,33200,0,962800
PNB30Jan2062PE.NFO,07/01/2020,14:06:31,3,2.7,24900,2.8,41500,0,962800
PNB30Jan2062PE.NFO,07/01/2020,14:06:40,3,2.7,24900,2.8,33200,0,962800
PNB30Jan2062PE.NFO,07/01/2020,14:06:44,3,2.7,24900,2.8,16600,0,962800
PNB30Jan2062PE.NFO,07/01/2020,14:07:24,3,2.75,8300,2.85,58100,0,962800
PNB30Jan2062PE.NFO,07/01/2020,14:07:56,3,2.75,8300,2.85,24900,0,962800
PNB30Jan2062PE.NFO,07/01/2020,14:08:06,3,2.75,16600,2.85,24900,0,962800
PNB30Jan2062PE.NFO,07/01/2020,14:08:16,3,2.75,16600,2.85,16600,0,962800
PNB30Jan2062PE.NFO,07/01/2020,14:08:21,3,2.75,16600,2.85,24900,0,962800
PNB30Jan2062PE.NFO,07/01/2020,14:08:43,3,2.75,16600,2.85,16600,0,962800
PNB30Jan2062PE.NFO,07/01/2020,14:08:47,3,2.75,16600,2.85,8300,0,962800
PNB30Jan2062PE.NFO,07/01/2020,14:09:06,3,2.75,16600,2.85,16600,0,962800
PNB30Jan2062PE.NFO,07/01/2020,14:09:33,3,2.8,16600,2.9,8300,0,962800
PNB30Jan2062PE.NFO,07/01/2020,14:09:41,3,2.8,16600,2.9,16600,0,962800
PNB30Jan2062PE.NFO,07/01/2020,14:09:46,3,2.75,16600,2.85,16600,0,962800
PNB30Jan2062PE.NFO,07/01/2020,14:09:53,3,2.75,16600,2.85,24900,0,962800
PNB30Jan2062PE.NFO,07/01/2020,14:10:01,3,2.75,16600,2.85,33200,0,962800
PNB30Jan2062PE.NFO,07/01/2020,14:10:09,3,2.8,8300,2.9,24900,0,962800
PNB30Jan2062PE.NFO,07/01/2020,14:10:32,3,2.8,8300,2.9,16600,0,962800
PNB30Jan2062PE.NFO,07/01/2020,14:10:46,3,2.8,16600,2.9,16600,0,962800
PNB30Jan2062PE.NFO,07/01/2020,14:10:50,3,2.8,8300,2.9,16600,0,962800
PNB30Jan2062PE.NFO,07/01/2020,14:11:10,3,2.8,16600,2.9,16600,0,962800
PNB30Jan2062PE.NFO,07/01/2020,14:11:22,3,2.8,16600,2.9,41500,0,962800
PNB30Jan2062PE.NFO,07/01/2020,14:11:57,3,2.8,16600,2.9,49800,0,962800
PNB30Jan2062PE.NFO,07/01/2020,14:12:07,3,2.75,16600,2.85,8300,0,962800
PNB30Jan2062PE.NFO,07/01/2020,14:12:22,3,2.8,8300,2.85,8300,0,962800
PNB30Jan2062PE.NFO,07/01/2020,14:12:28,3,2.8,8300,2.9,49800,0,962800
PNB30Jan2062PE.NFO,07/01/2020,14:12:33,3,2.8,16600,2.9,49800,0,962800
PNB30Jan2062PE.NFO,07/01/2020,14:13:15,3,2.75,16600,2.85,16600,0,962800
PNB30Jan2062PE.NFO,07/01/2020,14:13:18,3,2.8,16600,2.9,49800,0,962800
PNB30Jan2062PE.NFO,07/01/2020,14:13:33,3,2.75,16600,2.85,49800,0,962800
PNB30Jan2062PE.NFO,07/01/2020,14:13:40,3,2.75,16600,2.85,24900,0,962800
PNB30Jan2062PE.NFO,07/01/2020,14:14:09,3,2.8,8300,2.9,41500,0,962800
PNB30Jan2062PE.NFO,07/01/2020,14:14:15,3,2.75,16600,2.85,24900,0,962800
PNB30Jan2062PE.NFO,07/01/2020,14:15:16,3,2.75,16600,2.85,41500,0,962800
PNB30Jan2062PE.NFO,07/01/2020,14:16:30,3,2.75,8300,2.85,41500,0,962800
PNB30Jan2062PE.NFO,07/01/2020,14:16:39,3,2.7,16600,2.85,58100,0,962800
PNB30Jan2062PE.NFO,07/01/2020,14:17:02,3,2.7,16600,2.8,8300,0,962800
PNB30Jan2062PE.NFO,07/01/2020,14:17:12,3,2.75,16600,2.85,49800,0,962800
PNB30Jan2062PE.NFO,07/01/2020,14:17:28,3,2.75,16600,2.85,8300,0,962800
PNB30Jan2062PE.NFO,07/01/2020,14:17:33,3,2.75,16600,2.85,41500,0,962800
PNB30Jan2062PE.NFO,07/01/2020,14:18:16,3,2.75,24900,2.85,41500,0,962800
PNB30Jan2062PE.NFO,07/01/2020,14:18:20,3,2.7,16600,2.8,16600,0,962800
PNB30Jan2062PE.NFO,07/01/2020,14:18:35,3,2.7,16600,2.8,41500,0,962800
PNB30Jan2062PE.NFO,07/01/2020,14:18:55,3,2.7,16600,2.8,24900,0,962800
PNB30Jan2062PE.NFO,07/01/2020,14:19:08,3,2.7,16600,2.8,33200,0,962800
PNB30Jan2062PE.NFO,07/01/2020,14:19:13,3,2.7,16600,2.8,8300,0,962800
PNB30Jan2062PE.NFO,07/01/2020,14:19:58,3,2.75,8300,2.85,49800,0,962800
PNB30Jan2062PE.NFO,07/01/2020,14:20:08,3,2.75,8300,2.8,16600,0,962800
PNB30Jan2062PE.NFO,07/01/2020,14:20:13,3,2.75,8300,2.85,49800,0,962800
PNB30Jan2062PE.NFO,07/01/2020,14:20:17,3,2.75,16600,2.85,49800,0,962800
PNB30Jan2062PE.NFO,07/01/2020,14:20:25,3,2.75,8300,2.85,41500,0,962800
PNB30Jan2062PE.NFO,07/01/2020,14:20:28,3,2.75,8300,2.85,49800,0,962800
PNB30Jan2062PE.NFO,07/01/2020,14:20:47,3,2.7,16600,2.8,41500,0,962800
PNB30Jan2062PE.NFO,07/01/2020,14:20:52,3,2.7,16600,2.8,24900,0,962800
PNB30Jan2062PE.NFO,07/01/2020,14:20:59,3,2.7,16600,2.8,41500,0,962800
PNB30Jan2062PE.NFO,07/01/2020,14:21:03,3,2.7,16600,2.8,24900,0,962800
PNB30Jan2062PE.NFO,07/01/2020,14:21:07,3,2.7,16600,2.8,33200,0,962800
PNB30Jan2062PE.NFO,07/01/2020,14:21:12,3,2.7,16600,2.8,16600,0,962800
PNB30Jan2062PE.NFO,07/01/2020,14:21:17,3,2.7,16600,2.8,24900,0,962800
PNB30Jan2062PE.NFO,07/01/2020,14:22:10,3,2.7,8300,2.75,8300,0,962800
PNB30Jan2062PE.NFO,07/01/2020,14:22:26,3,2.7,16600,2.8,24900,0,962800
PNB30Jan2062PE.NFO,07/01/2020,14:22:39,3,2.7,8300,2.75,8300,0,962800
PNB30Jan2062PE.NFO,07/01/2020,14:22:55,3,2.7,16600,2.75,16600,0,962800
PNB30Jan2062PE.NFO,07/01/2020,14:23:12,3,2.65,16600,2.75,16600,0,962800
PNB30Jan2062PE.NFO,07/01/2020,14:23:22,3,2.7,8300,2.8,33200,0,962800
PNB30Jan2062PE.NFO,07/01/2020,14:23:35,3,2.7,8300,2.8,41500,0,962800
PNB30Jan2062PE.NFO,07/01/2020,14:24:02,3,2.7,8300,2.8,58100,0,962800
PNB30Jan2062PE.NFO,07/01/2020,14:24:13,3,2.7,16600,2.8,8300,0,962800
PNB30Jan2062PE.NFO,07/01/2020,14:24:21,3,2.7,16600,2.8,16600,0,962800
PNB30Jan2062PE.NFO,07/01/2020,14:24:32,2.7,2.7,16600,2.8,8300,8300,954500
PNB30Jan2062PE.NFO,07/01/2020,14:24:38,2.7,2.7,16600,2.8,8300,0,954500
PNB30Jan2062PE.NFO,07/01/2020,14:24:47,2.7,2.75,8300,2.85,41500,0,954500
PNB30Jan2062PE.NFO,07/01/2020,14:24:51,2.7,2.7,16600,2.8,8300,0,954500
PNB30Jan2062PE.NFO,07/01/2020,14:24:56,2.7,2.75,8300,2.85,66400,0,954500
PNB30Jan2062PE.NFO,07/01/2020,14:25:09,2.7,2.7,16600,2.8,8300,0,954500
PNB30Jan2062PE.NFO,07/01/2020,14:25:51,2.7,2.7,16600,2.85,41500,0,954500
PNB30Jan2062PE.NFO,07/01/2020,14:25:56,2.7,2.7,16600,2.8,8300,0,954500
PNB30Jan2062PE.NFO,07/01/2020,14:26:12,2.7,2.7,16600,2.85,58100,0,954500
PNB30Jan2062PE.NFO,07/01/2020,14:26:18,2.7,2.75,8300,2.85,49800,0,954500
PNB30Jan2062PE.NFO,07/01/2020,14:26:39,2.7,2.75,16600,2.85,58100,0,954500
PNB30Jan2062PE.NFO,07/01/2020,14:26:57,2.7,2.75,16600,2.85,49800,0,954500
PNB30Jan2062PE.NFO,07/01/2020,14:27:05,2.7,2.75,16600,2.85,58100,0,954500
PNB30Jan2062PE.NFO,07/01/2020,14:27:12,2.7,2.7,16600,2.8,41500,0,954500
PNB30Jan2062PE.NFO,07/01/2020,14:27:20,2.7,2.7,16600,2.8,24900,0,954500
PNB30Jan2062PE.NFO,07/01/2020,14:27:26,2.7,2.7,16600,2.8,33200,0,954500
PNB30Jan2062PE.NFO,07/01/2020,14:28:06,2.7,2.7,16600,2.8,41500,0,954500
PNB30Jan2062PE.NFO,07/01/2020,14:28:36,2.7,2.7,16600,2.8,33200,0,954500
PNB30Jan2062PE.NFO,07/01/2020,14:28:59,2.7,2.7,16600,2.8,16600,0,954500
PNB30Jan2062PE.NFO,07/01/2020,14:29:19,2.7,2.7,16600,2.8,41500,0,954500
PNB30Jan2062PE.NFO,07/01/2020,14:29:25,2.7,2.7,16600,2.8,33200,0,954500
PNB30Jan2062PE.NFO,07/01/2020,14:29:34,2.7,2.7,16600,2.8,24900,0,954500
PNB30Jan2062PE.NFO,07/01/2020,14:29:45,2.7,2.7,16600,2.8,33200,0,954500
PNB30Jan2062PE.NFO,07/01/2020,14:29:48,2.7,2.7,16600,2.8,24900,0,954500
PNB30Jan2062PE.NFO,07/01/2020,14:30:02,2.7,2.7,24900,2.8,8300,0,954500
PNB30Jan2062PE.NFO,07/01/2020,14:30:11,2.7,2.75,8300,2.85,66400,0,954500
PNB30Jan2062PE.NFO,07/01/2020,14:30:16,2.7,2.75,16600,2.85,66400,0,954500
PNB30Jan2062PE.NFO,07/01/2020,14:30:27,2.7,2.7,16600,2.8,49800,0,954500
PNB30Jan2062PE.NFO,07/01/2020,14:30:36,2.7,2.7,16600,2.8,66400,0,954500
PNB30Jan2062PE.NFO,07/01/2020,14:30:45,2.7,2.7,8300,2.75,8300,0,954500
PNB30Jan2062PE.NFO,07/01/2020,14:30:55,2.7,2.65,16600,2.75,58100,0,954500
PNB30Jan2062PE.NFO,07/01/2020,14:31:03,2.7,2.65,16600,2.75,74700,0,954500
PNB30Jan2062PE.NFO,07/01/2020,14:31:20,2.7,2.6,16600,2.7,24900,0,954500
PNB30Jan2062PE.NFO,07/01/2020,14:31:29,2.7,2.65,16600,2.75,74700,0,954500
PNB30Jan2062PE.NFO,07/01/2020,14:31:37,2.7,2.65,16600,2.75,83000,0,954500
PNB30Jan2062PE.NFO,07/01/2020,14:31:45,2.7,2.65,16600,2.75,58100,0,954500
PNB30Jan2062PE.NFO,07/01/2020,14:32:06,2.7,2.7,8300,2.75,49800,0,954500
PNB30Jan2062PE.NFO,07/01/2020,14:32:17,2.7,2.65,16600,2.75,49800,0,954500
PNB30Jan2062PE.NFO,07/01/2020,14:32:23,2.7,2.7,8300,2.75,8300,0,954500
PNB30Jan2062PE.NFO,07/01/2020,14:32:40,2.7,2.7,16600,2.75,8300,0,954500
PNB30Jan2062PE.NFO,07/01/2020,14:32:45,2.7,2.7,16600,2.8,74700,0,954500
PNB30Jan2062PE.NFO,07/01/2020,14:32:51,2.7,2.7,16600,2.8,66400,0,954500
PNB30Jan2062PE.NFO,07/01/2020,14:32:58,2.7,2.65,16600,2.75,16600,0,954500
PNB30Jan2062PE.NFO,07/01/2020,14:33:04,2.7,2.65,16600,2.75,41500,0,954500
PNB30Jan2062PE.NFO,07/01/2020,14:33:12,2.7,2.65,16600,2.75,66400,0,954500
PNB30Jan2062PE.NFO,07/01/2020,14:33:20,2.7,2.65,16600,2.75,58100,0,954500
PNB30Jan2062PE.NFO,07/01/2020,14:33:34,2.7,2.6,16600,2.75,58100,0,954500
PNB30Jan2062PE.NFO,07/01/2020,14:33:41,2.7,2.65,16600,2.75,49800,0,954500
PNB30Jan2062PE.NFO,07/01/2020,14:33:47,2.7,2.65,16600,2.75,58100,0,954500
PNB30Jan2062PE.NFO,07/01/2020,14:34:27,2.7,2.65,16600,2.75,41500,0,954500
PNB30Jan2062PE.NFO,07/01/2020,14:34:38,2.7,2.7,8300,2.8,49800,0,954500
PNB30Jan2062PE.NFO,07/01/2020,14:34:44,2.7,2.65,16600,2.75,8300,0,954500
PNB30Jan2062PE.NFO,07/01/2020,14:34:56,2.7,2.7,16600,2.8,49800,0,954500
PNB30Jan2062PE.NFO,07/01/2020,14:35:07,2.7,2.65,16600,2.75,8300,0,954500
PNB30Jan2062PE.NFO,07/01/2020,14:35:43,2.7,2.7,8300,2.75,8300,0,954500
PNB30Jan2062PE.NFO,07/01/2020,14:36:13,2.7,2.7,8300,2.8,49800,0,954500
PNB30Jan2062PE.NFO,07/01/2020,14:36:20,2.7,2.7,16600,2.8,49800,0,954500
PNB30Jan2062PE.NFO,07/01/2020,14:36:36,2.7,2.7,8300,2.75,24900,0,954500
PNB30Jan2062PE.NFO,07/01/2020,14:36:41,2.7,2.65,16600,2.75,49800,0,954500
PNB30Jan2062PE.NFO,07/01/2020,14:36:50,2.7,2.65,16600,2.75,24900,0,954500
PNB30Jan2062PE.NFO,07/01/2020,14:37:03,2.7,2.65,16600,2.75,58100,0,954500
PNB30Jan2062PE.NFO,07/01/2020,14:37:18,2.7,2.65,16600,2.75,24900,0,954500
PNB30Jan2062PE.NFO,07/01/2020,14:37:23,2.7,2.65,16600,2.75,58100,0,954500
PNB30Jan2062PE.NFO,07/01/2020,14:37:28,2.7,2.6,16600,2.7,41500,0,954500
PNB30Jan2062PE.NFO,07/01/2020,14:37:33,2.7,2.6,16600,2.7,49800,0,954500
PNB30Jan2062PE.NFO,07/01/2020,14:37:47,2.7,2.65,16600,2.75,83000,0,954500
PNB30Jan2062PE.NFO,07/01/2020,14:38:32,2.7,2.65,16600,2.75,58100,0,954500
PNB30Jan2062PE.NFO,07/01/2020,14:38:43,2.7,2.6,16600,2.7,41500,0,954500
PNB30Jan2062PE.NFO,07/01/2020,14:38:50,2.7,2.65,16600,2.75,83000,0,954500
PNB30Jan2062PE.NFO,07/01/2020,14:39:25,2.7,2.6,16600,2.7,49800,0,954500
PNB30Jan2062PE.NFO,07/01/2020,14:39:43,2.7,2.6,16600,2.7,33200,0,954500
PNB30Jan2062PE.NFO,07/01/2020,14:39:48,2.7,2.6,16600,2.7,49800,0,954500
PNB30Jan2062PE.NFO,07/01/2020,14:39:54,2.7,2.6,16600,2.7,33200,0,954500
PNB30Jan2062PE.NFO,07/01/2020,14:39:58,2.7,2.6,16600,2.7,49800,0,954500
PNB30Jan2062PE.NFO,07/01/2020,14:40:03,2.7,2.6,16600,2.7,33200,0,954500
PNB30Jan2062PE.NFO,07/01/2020,14:40:08,2.7,2.65,16600,2.7,24900,0,954500
PNB30Jan2062PE.NFO,07/01/2020,14:40:14,2.7,2.6,16600,2.7,58100,0,954500
PNB30Jan2062PE.NFO,07/01/2020,14:40:22,2.7,2.6,16600,2.7,33200,0,954500
PNB30Jan2062PE.NFO,07/01/2020,14:40:35,2.7,2.6,8300,2.7,33200,0,954500
PNB30Jan2062PE.NFO,07/01/2020,14:40:52,2.7,2.6,8300,2.7,24900,0,954500
PNB30Jan2062PE.NFO,07/01/2020,14:41:07,2.7,2.6,8300,2.7,33200,0,954500
PNB30Jan2062PE.NFO,07/01/2020,14:41:11,2.7,2.6,8300,2.7,41500,0,954500
PNB30Jan2062PE.NFO,07/01/2020,14:41:57,2.7,2.6,8300,2.7,49800,0,954500
PNB30Jan2062PE.NFO,07/01/2020,14:42:09,2.7,2.6,8300,2.7,58100,0,954500
PNB30Jan2062PE.NFO,07/01/2020,14:43:22,2.7,2.6,16600,2.7,24900,0,954500
PNB30Jan2062PE.NFO,07/01/2020,14:43:38,2.7,2.6,8300,2.65,24900,0,954500
PNB30Jan2062PE.NFO,07/01/2020,14:43:44,2.7,2.6,16600,2.7,58100,0,954500
PNB30Jan2062PE.NFO,07/01/2020,14:43:59,2.7,2.6,8300,2.7,58100,0,954500
PNB30Jan2062PE.NFO,07/01/2020,14:44:26,2.7,2.6,8300,2.7,49800,0,954500
PNB30Jan2062PE.NFO,07/01/2020,14:44:35,2.7,2.6,16600,2.7,49800,0,954500
PNB30Jan2062PE.NFO,07/01/2020,14:45:13,2.7,2.6,16600,2.7,24900,0,954500
PNB30Jan2062PE.NFO,07/01/2020,14:46:01,2.7,2.65,8300,2.75,66400,0,954500
PNB30Jan2062PE.NFO,07/01/2020,14:46:07,2.7,2.65,16600,2.75,66400,0,954500
PNB30Jan2062PE.NFO,07/01/2020,14:46:14,2.7,2.6,24900,2.7,33200,0,954500
PNB30Jan2062PE.NFO,07/01/2020,14:46:27,2.7,2.6,16600,2.7,33200,0,954500
PNB30Jan2062PE.NFO,07/01/2020,14:46:32,2.7,2.6,16600,2.7,49800,0,954500
PNB30Jan2062PE.NFO,07/01/2020,14:47:33,2.7,2.55,16600,2.65,33200,0,954500
PNB30Jan2062PE.NFO,07/01/2020,14:47:59,2.7,2.6,8300,2.7,58100,0,954500
PNB30Jan2062PE.NFO,07/01/2020,14:48:03,2.7,2.6,8300,2.7,49800,0,954500
PNB30Jan2062PE.NFO,07/01/2020,14:48:11,2.7,2.6,8300,2.7,58100,0,954500
PNB30Jan2062PE.NFO,07/01/2020,14:48:33,2.7,2.55,16600,2.65,8300,0,954500
PNB30Jan2062PE.NFO,07/01/2020,14:48:36,2.7,2.6,8300,2.7,49800,0,954500
PNB30Jan2062PE.NFO,07/01/2020,14:49:10,2.7,2.6,16600,2.7,16600,0,954500
PNB30Jan2062PE.NFO,07/01/2020,14:49:14,2.7,2.6,16600,2.7,49800,0,954500
PNB30Jan2062PE.NFO,07/01/2020,14:49:22,2.7,2.55,33200,2.65,41500,0,954500
PNB30Jan2062PE.NFO,07/01/2020,14:49:25,2.7,2.6,8300,2.7,58100,0,954500
PNB30Jan2062PE.NFO,07/01/2020,14:49:39,2.7,2.6,16600,2.7,58100,0,954500
PNB30Jan2062PE.NFO,07/01/2020,14:49:58,2.7,2.55,41500,2.65,41500,0,954500
PNB30Jan2062PE.NFO,07/01/2020,14:50:38,2.7,2.55,41500,2.65,24900,0,954500
PNB30Jan2062PE.NFO,07/01/2020,14:50:42,2.7,2.55,41500,2.65,49800,0,954500
PNB30Jan2062PE.NFO,07/01/2020,14:50:51,2.7,2.55,41500,2.65,24900,0,954500
PNB30Jan2062PE.NFO,07/01/2020,14:50:58,2.7,2.55,41500,2.65,33200,0,954500
PNB30Jan2062PE.NFO,07/01/2020,14:52:20,2.7,2.6,8300,2.7,58100,0,954500
PNB30Jan2062PE.NFO,07/01/2020,14:52:23,2.7,2.6,16600,2.7,66400,0,954500
PNB30Jan2062PE.NFO,07/01/2020,14:52:37,2.65,2.6,16600,2.7,66400,8300,962800
PNB30Jan2062PE.NFO,07/01/2020,14:52:57,2.65,2.6,16600,2.7,66400,0,962800
PNB30Jan2062PE.NFO,07/01/2020,14:53:03,2.65,2.55,41500,2.65,49800,0,962800
PNB30Jan2062PE.NFO,07/01/2020,14:53:10,2.65,2.55,41500,2.65,16600,0,962800
PNB30Jan2062PE.NFO,07/01/2020,14:53:17,2.65,2.55,41500,2.65,41500,0,962800
PNB30Jan2062PE.NFO,07/01/2020,14:53:24,2.65,2.55,16600,2.65,74700,0,962800
PNB30Jan2062PE.NFO,07/01/2020,14:53:31,2.65,2.55,16600,2.65,83000,0,962800
PNB30Jan2062PE.NFO,07/01/2020,14:53:44,2.65,2.5,41500,2.6,16600,0,962800
PNB30Jan2062PE.NFO,07/01/2020,14:53:56,2.65,2.5,41500,2.6,49800,0,962800
PNB30Jan2062PE.NFO,07/01/2020,14:54:02,2.65,2.5,41500,2.6,41500,0,962800
PNB30Jan2062PE.NFO,07/01/2020,14:54:13,2.65,2.5,41500,2.6,49800,0,962800
PNB30Jan2062PE.NFO,07/01/2020,14:54:18,2.65,2.5,33200,2.6,49800,0,962800
PNB30Jan2062PE.NFO,07/01/2020,14:54:23,2.65,2.5,33200,2.6,8300,0,962800
PNB30Jan2062PE.NFO,07/01/2020,14:54:28,2.65,2.5,33200,2.6,16600,0,962800
PNB30Jan2062PE.NFO,07/01/2020,14:54:34,2.65,2.6,8300,2.7,74700,0,962800
PNB30Jan2062PE.NFO,07/01/2020,14:54:46,2.65,2.55,33200,2.65,33200,0,962800
PNB30Jan2062PE.NFO,07/01/2020,14:54:51,2.65,2.55,33200,2.65,58100,0,962800
PNB30Jan2062PE.NFO,07/01/2020,14:55:03,2.65,2.55,33200,2.65,24900,0,962800
PNB30Jan2062PE.NFO,07/01/2020,14:55:07,2.65,2.55,33200,2.65,33200,0,962800
PNB30Jan2062PE.NFO,07/01/2020,14:57:07,2.65,2.55,33200,2.65,58100,0,962800
PNB30Jan2062PE.NFO,07/01/2020,14:58:03,2.65,2.55,33200,2.65,41500,0,962800
PNB30Jan2062PE.NFO,07/01/2020,14:58:55,2.65,2.55,33200,2.65,49800,0,962800
PNB30Jan2062PE.NFO,07/01/2020,14:58:58,2.65,2.55,33200,2.65,41500,0,962800
PNB30Jan2062PE.NFO,07/01/2020,14:59:02,2.65,2.55,33200,2.65,33200,0,962800
PNB30Jan2062PE.NFO,07/01/2020,14:59:35,2.65,2.55,24900,2.65,33200,0,962800
PNB30Jan2062PE.NFO,07/01/2020,14:59:57,2.65,2.55,24900,2.65,41500,0,962800
PNB30Jan2062PE.NFO,07/01/2020,15:00:05,2.65,2.55,8300,2.65,74700,0,962800
PNB30Jan2062PE.NFO,07/01/2020,15:00:16,2.65,2.55,8300,2.65,83000,0,962800
PNB30Jan2062PE.NFO,07/01/2020,15:00:58,2.65,2.55,24900,2.65,74700,0,962800
PNB30Jan2062PE.NFO,07/01/2020,15:01:03,2.65,2.55,33200,2.65,74700,0,962800
PNB30Jan2062PE.NFO,07/01/2020,15:01:09,2.65,2.55,33200,2.65,66400,0,962800
PNB30Jan2062PE.NFO,07/01/2020,15:01:14,2.65,2.55,33200,2.65,74700,0,962800
PNB30Jan2062PE.NFO,07/01/2020,15:01:19,2.65,2.55,33200,2.65,83000,0,962800
PNB30Jan2062PE.NFO,07/01/2020,15:01:23,2.65,2.55,33200,2.65,74700,0,962800
PNB30Jan2062PE.NFO,07/01/2020,15:02:01,2.65,2.55,33200,2.65,49800,0,962800
PNB30Jan2062PE.NFO,07/01/2020,15:02:06,2.65,2.55,33200,2.65,58100,0,962800
PNB30Jan2062PE.NFO,07/01/2020,15:02:20,2.65,2.55,33200,2.65,49800,0,962800
PNB30Jan2062PE.NFO,07/01/2020,15:02:24,2.65,2.6,24900,2.7,83000,0,962800
PNB30Jan2062PE.NFO,07/01/2020,15:02:39,2.65,2.6,24900,2.7,58100,0,962800
PNB30Jan2062PE.NFO,07/01/2020,15:02:53,2.65,2.6,24900,2.7,83000,0,962800
PNB30Jan2062PE.NFO,07/01/2020,15:03:43,2.65,2.6,24900,2.7,74700,0,962800
PNB30Jan2062PE.NFO,07/01/2020,15:03:47,2.65,2.6,24900,2.7,49800,0,962800
PNB30Jan2062PE.NFO,07/01/2020,15:03:52,2.65,2.6,24900,2.7,66400,0,962800
PNB30Jan2062PE.NFO,07/01/2020,15:03:58,2.65,2.6,24900,2.7,58100,0,962800
PNB30Jan2062PE.NFO,07/01/2020,15:04:11,2.65,2.65,24900,2.75,91300,0,962800
PNB30Jan2062PE.NFO,07/01/2020,15:04:18,2.65,2.65,16600,2.75,91300,0,962800
PNB30Jan2062PE.NFO,07/01/2020,15:04:29,2.65,2.6,24900,2.7,8300,0,962800
PNB30Jan2062PE.NFO,07/01/2020,15:04:40,2.65,2.6,16600,2.7,8300,0,962800
PNB30Jan2062PE.NFO,07/01/2020,15:04:46,2.65,2.6,24900,2.7,8300,0,962800
PNB30Jan2062PE.NFO,07/01/2020,15:04:55,2.65,2.6,24900,2.7,41500,0,962800
PNB30Jan2062PE.NFO,07/01/2020,15:05:04,2.65,2.6,24900,2.7,58100,0,962800
PNB30Jan2062PE.NFO,07/01/2020,15:05:13,2.65,2.6,24900,2.7,33200,0,962800
PNB30Jan2062PE.NFO,07/01/2020,15:05:20,2.65,2.6,24900,2.7,49800,0,962800
PNB30Jan2062PE.NFO,07/01/2020,15:05:23,2.65,2.6,24900,2.7,33200,0,962800
PNB30Jan2062PE.NFO,07/01/2020,15:05:41,2.65,2.6,24900,2.7,24900,0,962800
PNB30Jan2062PE.NFO,07/01/2020,15:05:55,2.65,2.6,24900,2.7,16600,0,962800
PNB30Jan2062PE.NFO,07/01/2020,15:06:05,2.65,2.65,8300,2.75,49800,0,962800
PNB30Jan2062PE.NFO,07/01/2020,15:06:13,2.65,2.6,24900,2.7,41500,0,962800
PNB30Jan2062PE.NFO,07/01/2020,15:06:21,2.65,2.6,24900,2.7,16600,0,962800
PNB30Jan2062PE.NFO,07/01/2020,15:07:04,2.65,2.6,24900,2.7,24900,0,962800
PNB30Jan2062PE.NFO,07/01/2020,15:07:14,2.65,2.6,24900,2.7,41500,0,962800
PNB30Jan2062PE.NFO,07/01/2020,15:07:18,2.65,2.6,24900,2.7,8300,0,962800
PNB30Jan2062PE.NFO,07/01/2020,15:07:24,2.65,2.6,24900,2.7,16600,0,962800
PNB30Jan2062PE.NFO,07/01/2020,15:07:44,2.65,2.6,24900,2.7,8300,0,962800
PNB30Jan2062PE.NFO,07/01/2020,15:07:53,2.65,2.65,8300,2.75,49800,0,962800
PNB30Jan2062PE.NFO,07/01/2020,15:08:11,2.65,2.6,24900,2.7,8300,0,962800
PNB30Jan2062PE.NFO,07/01/2020,15:08:15,2.65,2.6,24900,2.7,16600,0,962800
PNB30Jan2062PE.NFO,07/01/2020,15:08:19,2.65,2.6,24900,2.7,24900,0,962800
PNB30Jan2062PE.NFO,07/01/2020,15:08:23,2.65,2.6,24900,2.7,16600,0,962800
PNB30Jan2062PE.NFO,07/01/2020,15:08:51,2.65,2.6,24900,2.7,24900,0,962800
PNB30Jan2062PE.NFO,07/01/2020,15:08:58,2.65,2.6,24900,2.7,33200,0,962800
PNB30Jan2062PE.NFO,07/01/2020,15:09:11,2.65,2.6,24900,2.7,24900,0,962800
PNB30Jan2062PE.NFO,07/01/2020,15:09:20,2.65,2.6,24900,2.7,41500,0,962800
PNB30Jan2062PE.NFO,07/01/2020,15:09:24,2.65,2.6,24900,2.7,58100,0,962800
PNB30Jan2062PE.NFO,07/01/2020,15:09:29,2.65,2.6,16600,2.7,74700,0,962800
PNB30Jan2062PE.NFO,07/01/2020,15:09:34,2.65,2.6,8300,2.7,74700,0,962800
PNB30Jan2062PE.NFO,07/01/2020,15:10:05,2.65,2.6,16600,2.7,74700,0,962800
PNB30Jan2062PE.NFO,07/01/2020,15:11:02,2.65,2.6,24900,2.7,74700,0,962800
PNB30Jan2062PE.NFO,07/01/2020,15:11:15,2.65,2.6,16600,2.7,74700,0,962800
PNB30Jan2062PE.NFO,07/01/2020,15:11:21,2.65,2.6,16600,2.7,66400,0,962800
PNB30Jan2062PE.NFO,07/01/2020,15:11:28,2.65,2.6,8300,2.7,66400,0,962800
PNB30Jan2062PE.NFO,07/01/2020,15:11:35,2.65,2.6,16600,2.7,74700,0,962800
PNB30Jan2062PE.NFO,07/01/2020,15:11:42,2.65,2.6,16600,2.7,66400,0,962800
PNB30Jan2062PE.NFO,07/01/2020,15:12:00,2.65,2.6,16600,2.7,49800,0,962800
PNB30Jan2062PE.NFO,07/01/2020,15:12:20,2.65,2.6,16600,2.7,58100,0,962800
PNB30Jan2062PE.NFO,07/01/2020,15:12:57,2.65,2.6,16600,2.7,74700,0,962800
PNB30Jan2062PE.NFO,07/01/2020,15:13:00,2.65,2.55,33200,2.65,41500,0,962800
PNB30Jan2062PE.NFO,07/01/2020,15:13:10,2.65,2.55,24900,2.65,41500,0,962800
PNB30Jan2062PE.NFO,07/01/2020,15:14:46,2.65,2.55,24900,2.65,66400,0,962800
PNB30Jan2062PE.NFO,07/01/2020,15:14:50,2.65,2.55,24900,2.65,83000,0,962800
PNB30Jan2062PE.NFO,07/01/2020,15:15:01,2.65,2.55,24900,2.65,74700,0,962800
PNB30Jan2062PE.NFO,07/01/2020,15:15:08,2.5,2.45,24900,2.6,74700,8300,971100
PNB30Jan2062PE.NFO,07/01/2020,15:15:14,2.5,2.5,24900,2.6,66400,0,971100
PNB30Jan2062PE.NFO,07/01/2020,15:15:55,2.5,2.5,24900,2.6,58100,0,971100
PNB30Jan2062PE.NFO,07/01/2020,15:16:09,2.5,2.5,24900,2.6,41500,0,971100
PNB30Jan2062PE.NFO,07/01/2020,15:16:29,2.5,2.5,33200,2.6,41500,0,971100
PNB30Jan2062PE.NFO,07/01/2020,15:16:36,2.5,2.5,24900,2.6,58100,0,971100
PNB30Jan2062PE.NFO,07/01/2020,15:16:42,2.5,2.5,24900,2.55,16600,0,971100
PNB30Jan2062PE.NFO,07/01/2020,15:17:01,2.5,2.5,16600,2.55,16600,0,971100
PNB30Jan2062PE.NFO,07/01/2020,15:17:48,2.5,2.5,16600,2.55,58100,0,971100
PNB30Jan2062PE.NFO,07/01/2020,15:17:53,2.5,2.5,16600,2.55,66400,0,971100
PNB30Jan2062PE.NFO,07/01/2020,15:17:58,2.5,2.5,16600,2.55,58100,0,971100
PNB30Jan2062PE.NFO,07/01/2020,15:18:03,2.5,2.5,16600,2.55,41500,0,971100
PNB30Jan2062PE.NFO,07/01/2020,15:19:20,2.5,2.5,8300,2.55,41500,0,971100
PNB30Jan2062PE.NFO,07/01/2020,15:19:26,2.5,2.5,8300,2.55,66400,0,971100
PNB30Jan2062PE.NFO,07/01/2020,15:20:02,2.5,2.5,8300,2.55,58100,0,971100
PNB30Jan2062PE.NFO,07/01/2020,15:20:09,2.5,2.5,8300,2.55,41500,0,971100
PNB30Jan2062PE.NFO,07/01/2020,15:20:17,2.5,2.5,16600,2.55,8300,0,971100
