Ticker,Date,Time,LTP,BuyPrice,BuyQty,SellPrice,SellQty,LTQ,OpenInterest
PNB30Jan2066CE.NFO,07/01/2020,09:15:39,1.4,1.3,33200,1.45,8300,16600,904700
PNB30Jan2066CE.NFO,07/01/2020,09:15:39,1.4,1.3,33200,1.45,8300,0,904700
PNB30Jan2066CE.NFO,07/01/2020,09:15:39,1.4,1.3,33200,1.45,8300,0,904700
PNB30Jan2066CE.NFO,07/01/2020,09:15:39,1.4,1.3,33200,1.45,8300,0,904700
PNB30Jan2066CE.NFO,07/01/2020,09:15:51,1.45,1.4,24900,1.55,8300,8300,904700
PNB30Jan2066CE.NFO,07/01/2020,09:15:51,1.45,1.4,24900,1.55,8300,0,904700
PNB30Jan2066CE.NFO,07/01/2020,09:16:04,1.45,1.4,24900,1.6,8300,0,904700
PNB30Jan2066CE.NFO,07/01/2020,09:16:15,1.45,1.4,24900,1.6,16600,8300,904700
PNB30Jan2066CE.NFO,07/01/2020,09:16:27,1.45,1.4,16600,1.5,8300,8300,904700
PNB30Jan2066CE.NFO,07/01/2020,09:16:37,1.45,1.35,16600,1.5,24900,0,904700
PNB30Jan2066CE.NFO,07/01/2020,09:16:46,1.45,1.35,24900,1.5,8300,0,904700
PNB30Jan2066CE.NFO,07/01/2020,09:16:56,1.45,1.35,33200,1.5,8300,0,904700
PNB30Jan2066CE.NFO,07/01/2020,09:17:15,1.45,1.35,24900,1.5,8300,0,904700
PNB30Jan2066CE.NFO,07/01/2020,09:17:35,1.45,1.45,16600,1.5,16600,0,904700
PNB30Jan2066CE.NFO,07/01/2020,09:18:15,1.5,1.4,33200,1.55,16600,16600,904700
PNB30Jan2066CE.NFO,07/01/2020,09:18:15,1.5,1.4,33200,1.55,16600,0,904700
PNB30Jan2066CE.NFO,07/01/2020,09:18:24,1.5,1.4,8300,1.45,8300,0,904700
PNB30Jan2066CE.NFO,07/01/2020,09:18:33,1.45,1.4,8300,1.45,8300,16600,904700
PNB30Jan2066CE.NFO,07/01/2020,09:18:42,1.45,1.4,8300,1.45,8300,8300,904700
PNB30Jan2066CE.NFO,07/01/2020,09:18:51,1.45,1.4,33200,1.5,8300,0,904700
PNB30Jan2066CE.NFO,07/01/2020,09:19:09,1.45,1.4,33200,1.5,16600,0,904700
PNB30Jan2066CE.NFO,07/01/2020,09:19:17,1.45,1.4,58100,1.5,41500,8300,904700
PNB30Jan2066CE.NFO,07/01/2020,09:19:26,1.45,1.4,58100,1.5,33200,0,904700
PNB30Jan2066CE.NFO,07/01/2020,09:20:06,1.45,1.4,49800,1.5,33200,0,904700
PNB30Jan2066CE.NFO,07/01/2020,09:20:14,1.45,1.4,58100,1.5,41500,0,904700
PNB30Jan2066CE.NFO,07/01/2020,09:20:37,1.45,1.4,58100,1.5,58100,0,904700
PNB30Jan2066CE.NFO,07/01/2020,09:20:44,1.45,1.4,58100,1.5,49800,0,904700
PNB30Jan2066CE.NFO,07/01/2020,09:21:08,1.45,1.45,41500,1.5,8300,0,904700
PNB30Jan2066CE.NFO,07/01/2020,09:21:16,1.5,1.45,41500,1.55,33200,8300,913000
PNB30Jan2066CE.NFO,07/01/2020,09:21:23,1.5,1.45,41500,1.55,24900,0,913000
PNB30Jan2066CE.NFO,07/01/2020,09:21:39,1.5,1.45,16600,1.5,8300,0,913000
PNB30Jan2066CE.NFO,07/01/2020,09:22:34,1.5,1.45,8300,1.5,24900,0,913000
PNB30Jan2066CE.NFO,07/01/2020,09:22:41,1.5,1.4,66400,1.5,24900,0,913000
PNB30Jan2066CE.NFO,07/01/2020,09:22:48,1.5,1.4,74700,1.5,33200,0,913000
PNB30Jan2066CE.NFO,07/01/2020,09:22:55,1.5,1.45,8300,1.5,16600,0,913000
PNB30Jan2066CE.NFO,07/01/2020,09:23:11,1.45,1.4,74700,1.5,24900,16600,913000
PNB30Jan2066CE.NFO,07/01/2020,09:23:31,1.45,1.4,74700,1.5,24900,0,913000
PNB30Jan2066CE.NFO,07/01/2020,09:23:37,1.45,1.4,74700,1.5,41500,0,913000
PNB30Jan2066CE.NFO,07/01/2020,09:24:10,1.45,1.4,74700,1.5,33200,0,913000
PNB30Jan2066CE.NFO,07/01/2020,09:24:17,1.45,1.45,16600,1.5,41500,0,913000
PNB30Jan2066CE.NFO,07/01/2020,09:24:44,1.45,1.4,58100,1.5,41500,16600,913000
PNB30Jan2066CE.NFO,07/01/2020,09:24:50,1.45,1.35,74700,1.45,41500,0,913000
PNB30Jan2066CE.NFO,07/01/2020,09:24:56,1.45,1.35,83000,1.45,16600,0,913000
PNB30Jan2066CE.NFO,07/01/2020,09:25:10,1.45,1.35,41500,1.45,41500,0,913000
PNB30Jan2066CE.NFO,07/01/2020,09:25:39,1.45,1.35,33200,1.4,8300,0,913000
PNB30Jan2066CE.NFO,07/01/2020,09:25:46,1.45,1.35,33200,1.4,16600,0,913000
PNB30Jan2066CE.NFO,07/01/2020,09:26:01,1.45,1.35,16600,1.4,8300,0,913000
PNB30Jan2066CE.NFO,07/01/2020,09:26:10,1.45,1.35,16600,1.45,33200,0,913000
PNB30Jan2066CE.NFO,07/01/2020,09:26:30,1.45,1.35,41500,1.45,33200,0,913000
PNB30Jan2066CE.NFO,07/01/2020,09:27:57,1.45,1.35,49800,1.45,33200,0,913000
PNB30Jan2066CE.NFO,07/01/2020,09:28:25,1.45,1.35,49800,1.45,41500,0,913000
PNB30Jan2066CE.NFO,07/01/2020,09:28:31,1.45,1.35,49800,1.45,33200,0,913000
PNB30Jan2066CE.NFO,07/01/2020,09:28:37,1.45,1.35,49800,1.45,24900,0,913000
PNB30Jan2066CE.NFO,07/01/2020,09:28:42,1.45,1.35,58100,1.45,24900,0,913000
PNB30Jan2066CE.NFO,07/01/2020,09:29:31,1.45,1.35,66400,1.45,24900,0,913000
PNB30Jan2066CE.NFO,07/01/2020,09:29:55,1.45,1.35,49800,1.45,24900,0,913000
PNB30Jan2066CE.NFO,07/01/2020,09:31:10,1.45,1.35,58100,1.45,24900,0,913000
PNB30Jan2066CE.NFO,07/01/2020,09:31:45,1.45,1.35,66400,1.45,24900,0,913000
PNB30Jan2066CE.NFO,07/01/2020,09:31:51,1.45,1.35,66400,1.45,33200,0,913000
PNB30Jan2066CE.NFO,07/01/2020,09:32:36,1.45,1.35,74700,1.45,33200,0,913000
PNB30Jan2066CE.NFO,07/01/2020,09:32:42,1.45,1.35,74700,1.45,24900,0,913000
PNB30Jan2066CE.NFO,07/01/2020,09:32:48,1.45,1.4,24900,1.45,16600,0,913000
PNB30Jan2066CE.NFO,07/01/2020,09:33:06,1.45,1.35,66400,1.45,33200,0,913000
PNB30Jan2066CE.NFO,07/01/2020,09:33:18,1.45,1.4,24900,1.45,24900,0,913000
PNB30Jan2066CE.NFO,07/01/2020,09:33:36,1.45,1.4,16600,1.45,24900,0,913000
PNB30Jan2066CE.NFO,07/01/2020,09:33:42,1.45,1.4,16600,1.45,24900,8300,913000
PNB30Jan2066CE.NFO,07/01/2020,09:33:47,1.45,1.4,16600,1.45,24900,0,913000
PNB30Jan2066CE.NFO,07/01/2020,09:33:58,1.45,1.4,16600,1.45,16600,0,913000
PNB30Jan2066CE.NFO,07/01/2020,09:34:09,1.45,1.35,83000,1.45,33200,0,913000
PNB30Jan2066CE.NFO,07/01/2020,09:34:15,1.45,1.35,83000,1.45,16600,0,913000
PNB30Jan2066CE.NFO,07/01/2020,09:34:20,1.45,1.35,83000,1.45,24900,0,913000
PNB30Jan2066CE.NFO,07/01/2020,09:34:33,1.45,1.35,66400,1.45,49800,0,913000
PNB30Jan2066CE.NFO,07/01/2020,09:34:51,1.45,1.35,66400,1.45,41500,0,913000
PNB30Jan2066CE.NFO,07/01/2020,09:35:02,1.45,1.35,66400,1.45,49800,0,913000
PNB30Jan2066CE.NFO,07/01/2020,09:35:35,1.35,1.3,49800,1.4,49800,24900,921300
PNB30Jan2066CE.NFO,07/01/2020,09:35:35,1.35,1.3,49800,1.4,49800,0,921300
PNB30Jan2066CE.NFO,07/01/2020,09:35:42,1.35,1.25,91300,1.35,49800,0,921300
PNB30Jan2066CE.NFO,07/01/2020,09:35:50,1.35,1.25,33200,1.3,8300,0,921300
PNB30Jan2066CE.NFO,07/01/2020,09:35:58,1.35,1.25,74700,1.35,41500,0,921300
PNB30Jan2066CE.NFO,07/01/2020,09:36:05,1.35,1.25,74700,1.35,49800,0,921300
PNB30Jan2066CE.NFO,07/01/2020,09:36:11,1.35,1.3,24900,1.35,24900,0,921300
PNB30Jan2066CE.NFO,07/01/2020,09:36:17,1.35,1.3,24900,1.4,49800,0,921300
PNB30Jan2066CE.NFO,07/01/2020,09:36:23,1.35,1.3,33200,1.4,49800,0,921300
PNB30Jan2066CE.NFO,07/01/2020,09:36:29,1.35,1.3,24900,1.4,49800,0,921300
PNB30Jan2066CE.NFO,07/01/2020,09:36:35,1.35,1.3,33200,1.35,8300,0,921300
PNB30Jan2066CE.NFO,07/01/2020,09:36:40,1.35,1.3,33200,1.4,41500,0,921300
PNB30Jan2066CE.NFO,07/01/2020,09:36:45,1.35,1.3,33200,1.4,33200,0,921300
PNB30Jan2066CE.NFO,07/01/2020,09:36:51,1.35,1.3,49800,1.4,8300,0,921300
PNB30Jan2066CE.NFO,07/01/2020,09:36:56,1.35,1.3,49800,1.4,16600,0,921300
PNB30Jan2066CE.NFO,07/01/2020,09:37:07,1.35,1.3,41500,1.4,33200,0,921300
PNB30Jan2066CE.NFO,07/01/2020,09:37:18,1.35,1.3,41500,1.4,24900,0,921300
PNB30Jan2066CE.NFO,07/01/2020,09:37:33,1.35,1.3,49800,1.4,24900,0,921300
PNB30Jan2066CE.NFO,07/01/2020,09:37:38,1.35,1.3,49800,1.4,16600,0,921300
PNB30Jan2066CE.NFO,07/01/2020,09:38:02,1.35,1.3,58100,1.4,16600,0,921300
PNB30Jan2066CE.NFO,07/01/2020,09:38:13,1.35,1.3,66400,1.4,24900,0,921300
PNB30Jan2066CE.NFO,07/01/2020,09:38:46,1.35,1.3,58100,1.4,24900,0,921300
PNB30Jan2066CE.NFO,07/01/2020,09:38:52,1.35,1.3,66400,1.4,24900,0,921300
PNB30Jan2066CE.NFO,07/01/2020,09:39:12,1.35,1.3,66400,1.4,33200,0,921300
PNB30Jan2066CE.NFO,07/01/2020,09:39:17,1.35,1.3,66400,1.4,16600,0,921300
PNB30Jan2066CE.NFO,07/01/2020,09:39:33,1.35,1.35,41500,1.4,33200,0,921300
PNB30Jan2066CE.NFO,07/01/2020,09:39:38,1.35,1.35,41500,1.4,24900,0,921300
PNB30Jan2066CE.NFO,07/01/2020,09:39:43,1.35,1.35,33200,1.4,41500,0,921300
PNB30Jan2066CE.NFO,07/01/2020,09:39:49,1.35,1.35,24900,1.4,41500,0,921300
PNB30Jan2066CE.NFO,07/01/2020,09:39:59,1.35,1.35,24900,1.4,33200,0,921300
PNB30Jan2066CE.NFO,07/01/2020,09:40:05,1.35,1.35,24900,1.4,24900,0,921300
PNB30Jan2066CE.NFO,07/01/2020,09:40:17,1.35,1.3,58100,1.4,33200,0,921300
PNB30Jan2066CE.NFO,07/01/2020,09:40:29,1.35,1.3,41500,1.4,33200,0,921300
PNB30Jan2066CE.NFO,07/01/2020,09:40:34,1.35,1.3,49800,1.4,33200,0,921300
PNB30Jan2066CE.NFO,07/01/2020,09:40:40,1.35,1.3,49800,1.4,41500,0,921300
PNB30Jan2066CE.NFO,07/01/2020,09:40:51,1.4,1.35,33200,1.45,74700,8300,929600
PNB30Jan2066CE.NFO,07/01/2020,09:41:02,1.4,1.35,24900,1.45,83000,0,929600
PNB30Jan2066CE.NFO,07/01/2020,09:41:08,1.4,1.35,41500,1.45,74700,0,929600
PNB30Jan2066CE.NFO,07/01/2020,09:41:13,1.4,1.4,8300,1.45,66400,0,929600
PNB30Jan2066CE.NFO,07/01/2020,09:41:18,1.4,1.4,8300,1.45,74700,0,929600
PNB30Jan2066CE.NFO,07/01/2020,09:41:34,1.4,1.4,8300,1.45,66400,0,929600
PNB30Jan2066CE.NFO,07/01/2020,09:41:43,1.4,1.4,16600,1.45,74700,0,929600
PNB30Jan2066CE.NFO,07/01/2020,09:41:48,1.4,1.4,24900,1.45,33200,0,929600
PNB30Jan2066CE.NFO,07/01/2020,09:41:55,1.4,1.4,16600,1.45,49800,0,929600
PNB30Jan2066CE.NFO,07/01/2020,09:42:02,1.4,1.4,24900,1.45,33200,0,929600
PNB30Jan2066CE.NFO,07/01/2020,09:42:10,1.4,1.4,16600,1.45,66400,0,929600
PNB30Jan2066CE.NFO,07/01/2020,09:42:17,1.4,1.4,16600,1.45,58100,0,929600
PNB30Jan2066CE.NFO,07/01/2020,09:42:30,1.4,1.4,41500,1.45,16600,0,929600
PNB30Jan2066CE.NFO,07/01/2020,09:42:37,1.4,1.4,49800,1.45,16600,0,929600
PNB30Jan2066CE.NFO,07/01/2020,09:42:44,1.4,1.4,16600,1.45,58100,0,929600
PNB30Jan2066CE.NFO,07/01/2020,09:42:51,1.4,1.4,8300,1.45,58100,0,929600
PNB30Jan2066CE.NFO,07/01/2020,09:43:03,1.4,1.4,8300,1.45,74700,0,929600
PNB30Jan2066CE.NFO,07/01/2020,09:43:09,1.4,1.35,41500,1.45,74700,8300,929600
PNB30Jan2066CE.NFO,07/01/2020,09:43:18,1.4,1.35,41500,1.45,66400,0,929600
PNB30Jan2066CE.NFO,07/01/2020,09:43:24,1.4,1.35,58100,1.45,58100,0,929600
PNB30Jan2066CE.NFO,07/01/2020,09:43:29,1.4,1.35,41500,1.45,58100,0,929600
PNB30Jan2066CE.NFO,07/01/2020,09:43:34,1.4,1.35,49800,1.45,66400,0,929600
PNB30Jan2066CE.NFO,07/01/2020,09:43:39,1.4,1.35,49800,1.45,58100,0,929600
PNB30Jan2066CE.NFO,07/01/2020,09:43:44,1.4,1.35,41500,1.45,58100,0,929600
PNB30Jan2066CE.NFO,07/01/2020,09:44:06,1.4,1.35,66400,1.45,58100,0,929600
PNB30Jan2066CE.NFO,07/01/2020,09:44:18,1.4,1.35,74700,1.45,58100,0,929600
PNB30Jan2066CE.NFO,07/01/2020,09:44:34,1.4,1.35,66400,1.45,58100,0,929600
PNB30Jan2066CE.NFO,07/01/2020,09:44:43,1.4,1.4,8300,1.45,58100,0,929600
PNB30Jan2066CE.NFO,07/01/2020,09:45:31,1.45,1.4,66400,1.45,8300,8300,929600
PNB30Jan2066CE.NFO,07/01/2020,09:45:42,1.45,1.4,58100,1.45,16600,0,929600
PNB30Jan2066CE.NFO,07/01/2020,09:45:53,1.45,1.4,49800,1.45,33200,0,929600
PNB30Jan2066CE.NFO,07/01/2020,09:45:58,1.45,1.4,49800,1.45,49800,0,929600
PNB30Jan2066CE.NFO,07/01/2020,09:46:04,1.45,1.4,49800,1.45,58100,0,929600
PNB30Jan2066CE.NFO,07/01/2020,09:46:09,1.45,1.4,33200,1.45,58100,0,929600
PNB30Jan2066CE.NFO,07/01/2020,09:46:19,1.45,1.4,33200,1.45,49800,0,929600
PNB30Jan2066CE.NFO,07/01/2020,09:46:25,1.45,1.4,33200,1.45,33200,0,929600
PNB30Jan2066CE.NFO,07/01/2020,09:46:37,1.45,1.4,66400,1.5,91300,0,929600
PNB30Jan2066CE.NFO,07/01/2020,09:46:53,1.45,1.4,49800,1.45,33200,0,929600
PNB30Jan2066CE.NFO,07/01/2020,09:46:59,1.45,1.4,99600,1.5,74700,0,929600
PNB30Jan2066CE.NFO,07/01/2020,09:47:04,1.45,1.4,91300,1.5,74700,8300,929600
PNB30Jan2066CE.NFO,07/01/2020,09:47:09,1.45,1.4,91300,1.5,74700,0,929600
PNB30Jan2066CE.NFO,07/01/2020,09:47:28,1.45,1.4,91300,1.5,83000,0,929600
PNB30Jan2066CE.NFO,07/01/2020,09:48:29,1.45,1.4,83000,1.5,74700,0,929600
PNB30Jan2066CE.NFO,07/01/2020,09:48:41,1.45,1.4,58100,1.45,8300,0,929600
PNB30Jan2066CE.NFO,07/01/2020,09:48:47,1.45,1.4,66400,1.45,8300,0,929600
PNB30Jan2066CE.NFO,07/01/2020,09:48:53,1.45,1.4,41500,1.45,24900,0,929600
PNB30Jan2066CE.NFO,07/01/2020,09:48:59,1.45,1.4,24900,1.45,58100,0,929600
PNB30Jan2066CE.NFO,07/01/2020,09:49:06,1.45,1.4,24900,1.45,66400,0,929600
PNB30Jan2066CE.NFO,07/01/2020,09:49:12,1.45,1.4,24900,1.45,58100,0,929600
PNB30Jan2066CE.NFO,07/01/2020,09:49:28,1.4,1.35,74700,1.45,66400,16600,937900
PNB30Jan2066CE.NFO,07/01/2020,09:49:39,1.4,1.35,74700,1.45,66400,0,937900
PNB30Jan2066CE.NFO,07/01/2020,09:49:45,1.4,1.35,74700,1.45,58100,8300,937900
PNB30Jan2066CE.NFO,07/01/2020,09:50:09,1.4,1.35,74700,1.45,58100,0,937900
PNB30Jan2066CE.NFO,07/01/2020,09:50:15,1.4,1.35,83000,1.45,66400,0,937900
PNB30Jan2066CE.NFO,07/01/2020,09:50:20,1.4,1.35,74700,1.45,66400,0,937900
PNB30Jan2066CE.NFO,07/01/2020,09:50:25,1.4,1.35,83000,1.45,66400,0,937900
PNB30Jan2066CE.NFO,07/01/2020,09:50:33,1.4,1.35,74700,1.45,66400,0,937900
PNB30Jan2066CE.NFO,07/01/2020,09:50:37,1.4,1.35,74700,1.45,58100,0,937900
PNB30Jan2066CE.NFO,07/01/2020,09:50:47,1.4,1.35,49800,1.4,41500,0,937900
PNB30Jan2066CE.NFO,07/01/2020,09:50:52,1.4,1.35,49800,1.4,24900,0,937900
PNB30Jan2066CE.NFO,07/01/2020,09:51:07,1.4,1.35,49800,1.4,49800,0,937900
PNB30Jan2066CE.NFO,07/01/2020,09:51:13,1.4,1.35,49800,1.4,16600,0,937900
PNB30Jan2066CE.NFO,07/01/2020,09:51:38,1.4,1.35,41500,1.4,16600,0,937900
PNB30Jan2066CE.NFO,07/01/2020,09:51:48,1.4,1.35,49800,1.4,16600,0,937900
PNB30Jan2066CE.NFO,07/01/2020,09:51:53,1.4,1.35,58100,1.4,16600,0,937900
PNB30Jan2066CE.NFO,07/01/2020,09:51:58,1.4,1.35,41500,1.4,58100,0,937900
PNB30Jan2066CE.NFO,07/01/2020,09:52:02,1.4,1.35,24900,1.4,66400,0,937900
PNB30Jan2066CE.NFO,07/01/2020,09:52:07,1.4,1.3,83000,1.4,74700,0,937900
PNB30Jan2066CE.NFO,07/01/2020,09:52:22,1.4,1.3,74700,1.35,24900,0,937900
PNB30Jan2066CE.NFO,07/01/2020,09:52:34,1.4,1.3,41500,1.35,33200,0,937900
PNB30Jan2066CE.NFO,07/01/2020,09:52:38,1.4,1.3,58100,1.35,33200,0,937900
PNB30Jan2066CE.NFO,07/01/2020,09:53:07,1.4,1.25,116200,1.35,83000,0,937900
PNB30Jan2066CE.NFO,07/01/2020,09:53:14,1.4,1.25,116200,1.35,66400,0,937900
PNB30Jan2066CE.NFO,07/01/2020,09:53:33,1.4,1.25,141100,1.35,33200,0,937900
PNB30Jan2066CE.NFO,07/01/2020,09:53:39,1.4,1.3,41500,1.35,24900,0,937900
PNB30Jan2066CE.NFO,07/01/2020,09:53:54,1.4,1.3,24900,1.35,33200,0,937900
PNB30Jan2066CE.NFO,07/01/2020,09:53:59,1.4,1.3,41500,1.35,24900,0,937900
PNB30Jan2066CE.NFO,07/01/2020,09:54:04,1.4,1.3,58100,1.35,24900,0,937900
PNB30Jan2066CE.NFO,07/01/2020,09:54:20,1.4,1.3,41500,1.35,33200,0,937900
PNB30Jan2066CE.NFO,07/01/2020,09:54:25,1.4,1.3,41500,1.35,24900,0,937900
PNB30Jan2066CE.NFO,07/01/2020,09:54:31,1.4,1.3,41500,1.35,33200,0,937900
PNB30Jan2066CE.NFO,07/01/2020,09:54:40,1.4,1.3,41500,1.35,24900,0,937900
PNB30Jan2066CE.NFO,07/01/2020,09:55:06,1.4,1.3,58100,1.35,24900,0,937900
PNB30Jan2066CE.NFO,07/01/2020,09:55:23,1.4,1.3,16600,1.35,58100,0,937900
PNB30Jan2066CE.NFO,07/01/2020,09:55:29,1.4,1.3,16600,1.35,49800,0,937900
PNB30Jan2066CE.NFO,07/01/2020,09:55:39,1.4,1.25,124500,1.35,66400,0,937900
PNB30Jan2066CE.NFO,07/01/2020,09:55:44,1.4,1.3,16600,1.35,58100,0,937900
PNB30Jan2066CE.NFO,07/01/2020,09:55:48,1.4,1.25,132800,1.35,58100,0,937900
PNB30Jan2066CE.NFO,07/01/2020,09:55:52,1.4,1.25,124500,1.35,49800,0,937900
PNB30Jan2066CE.NFO,07/01/2020,09:55:56,1.4,1.25,107900,1.3,8300,0,937900
PNB30Jan2066CE.NFO,07/01/2020,09:56:01,1.4,1.25,107900,1.3,16600,0,937900
PNB30Jan2066CE.NFO,07/01/2020,09:56:06,1.4,1.25,74700,1.3,16600,0,937900
PNB30Jan2066CE.NFO,07/01/2020,09:56:13,1.4,1.25,91300,1.3,16600,0,937900
PNB30Jan2066CE.NFO,07/01/2020,09:56:20,1.25,1.25,91300,1.35,49800,16600,929600
PNB30Jan2066CE.NFO,07/01/2020,09:56:20,1.25,1.25,91300,1.35,49800,0,929600
PNB30Jan2066CE.NFO,07/01/2020,09:56:26,1.25,1.25,91300,1.35,49800,0,929600
PNB30Jan2066CE.NFO,07/01/2020,09:56:47,1.25,1.25,91300,1.35,41500,0,929600
PNB30Jan2066CE.NFO,07/01/2020,09:57:05,1.25,1.25,91300,1.3,24900,0,929600
PNB30Jan2066CE.NFO,07/01/2020,09:57:09,1.25,1.25,91300,1.3,16600,0,929600
PNB30Jan2066CE.NFO,07/01/2020,09:57:20,1.3,1.25,83000,1.3,8300,16600,929600
PNB30Jan2066CE.NFO,07/01/2020,09:57:26,1.3,1.25,83000,1.3,16600,0,929600
PNB30Jan2066CE.NFO,07/01/2020,09:57:31,1.3,1.25,99600,1.35,74700,0,929600
PNB30Jan2066CE.NFO,07/01/2020,09:57:49,1.3,1.25,99600,1.35,66400,0,929600
PNB30Jan2066CE.NFO,07/01/2020,09:58:08,1.3,1.25,107900,1.35,66400,0,929600
PNB30Jan2066CE.NFO,07/01/2020,09:58:29,1.3,1.3,16600,1.35,66400,0,929600
PNB30Jan2066CE.NFO,07/01/2020,09:58:42,1.3,1.25,83000,1.35,66400,8300,929600
PNB30Jan2066CE.NFO,07/01/2020,09:58:47,1.3,1.25,83000,1.35,66400,0,929600
PNB30Jan2066CE.NFO,07/01/2020,09:58:59,1.3,1.25,74700,1.35,66400,0,929600
PNB30Jan2066CE.NFO,07/01/2020,09:59:17,1.3,1.25,74700,1.3,16600,0,929600
PNB30Jan2066CE.NFO,07/01/2020,09:59:22,1.3,1.25,58100,1.3,24900,0,929600
PNB30Jan2066CE.NFO,07/01/2020,09:59:28,1.3,1.25,66400,1.3,24900,0,929600
PNB30Jan2066CE.NFO,07/01/2020,09:59:38,1.3,1.25,83000,1.3,16600,0,929600
PNB30Jan2066CE.NFO,07/01/2020,09:59:43,1.3,1.25,66400,1.3,24900,0,929600
PNB30Jan2066CE.NFO,07/01/2020,09:59:56,1.3,1.25,58100,1.3,24900,0,929600
PNB30Jan2066CE.NFO,07/01/2020,10:00:08,1.3,1.25,49800,1.3,41500,0,929600
PNB30Jan2066CE.NFO,07/01/2020,10:00:12,1.3,1.25,49800,1.3,33200,0,929600
PNB30Jan2066CE.NFO,07/01/2020,10:00:26,1.3,1.2,99600,1.3,58100,0,929600
PNB30Jan2066CE.NFO,07/01/2020,10:00:31,1.3,1.25,8300,1.3,58100,0,929600
PNB30Jan2066CE.NFO,07/01/2020,10:00:46,1.3,1.2,91300,1.25,8300,0,929600
PNB30Jan2066CE.NFO,07/01/2020,10:00:53,1.3,1.2,83000,1.25,8300,0,929600
PNB30Jan2066CE.NFO,07/01/2020,10:01:05,1.3,1.2,91300,1.3,58100,0,929600
PNB30Jan2066CE.NFO,07/01/2020,10:01:11,1.3,1.2,74700,1.3,58100,0,929600
PNB30Jan2066CE.NFO,07/01/2020,10:01:18,1.3,1.25,16600,1.3,58100,0,929600
PNB30Jan2066CE.NFO,07/01/2020,10:01:25,1.3,1.25,8300,1.3,49800,0,929600
PNB30Jan2066CE.NFO,07/01/2020,10:01:31,1.3,1.2,74700,1.3,41500,0,929600
PNB30Jan2066CE.NFO,07/01/2020,10:01:47,1.3,1.25,16600,1.3,24900,0,929600
PNB30Jan2066CE.NFO,07/01/2020,10:01:54,1.3,1.25,16600,1.3,16600,0,929600
PNB30Jan2066CE.NFO,07/01/2020,10:02:00,1.3,1.25,8300,1.3,16600,0,929600
PNB30Jan2066CE.NFO,07/01/2020,10:02:05,1.3,1.25,24900,1.3,16600,0,929600
PNB30Jan2066CE.NFO,07/01/2020,10:02:10,1.3,1.25,33200,1.3,16600,0,929600
PNB30Jan2066CE.NFO,07/01/2020,10:02:16,1.3,1.25,41500,1.35,33200,0,929600
PNB30Jan2066CE.NFO,07/01/2020,10:02:41,1.3,1.25,33200,1.35,33200,0,929600
PNB30Jan2066CE.NFO,07/01/2020,10:02:56,1.3,1.25,41500,1.35,33200,0,929600
PNB30Jan2066CE.NFO,07/01/2020,10:03:02,1.3,1.25,49800,1.35,33200,0,929600
PNB30Jan2066CE.NFO,07/01/2020,10:03:25,1.3,1.25,58100,1.35,33200,0,929600
PNB30Jan2066CE.NFO,07/01/2020,10:03:57,1.3,1.25,58100,1.35,41500,0,929600
PNB30Jan2066CE.NFO,07/01/2020,10:04:02,1.3,1.25,66400,1.35,41500,0,929600
PNB30Jan2066CE.NFO,07/01/2020,10:04:08,1.3,1.25,66400,1.3,16600,0,929600
PNB30Jan2066CE.NFO,07/01/2020,10:04:23,1.3,1.25,74700,1.35,66400,0,929600
PNB30Jan2066CE.NFO,07/01/2020,10:05:06,1.3,1.25,66400,1.35,58100,0,929600
PNB30Jan2066CE.NFO,07/01/2020,10:05:11,1.3,1.25,74700,1.35,66400,0,929600
PNB30Jan2066CE.NFO,07/01/2020,10:05:30,1.3,1.2,91300,1.3,33200,0,929600
PNB30Jan2066CE.NFO,07/01/2020,10:05:49,1.3,1.2,91300,1.25,16600,0,929600
PNB30Jan2066CE.NFO,07/01/2020,10:06:40,1.25,1.2,91300,1.3,33200,8300,954500
PNB30Jan2066CE.NFO,07/01/2020,10:06:45,1.25,1.2,91300,1.3,33200,0,954500
PNB30Jan2066CE.NFO,07/01/2020,10:07:22,1.25,1.2,91300,1.3,41500,0,954500
PNB30Jan2066CE.NFO,07/01/2020,10:07:52,1.25,1.25,24900,1.3,16600,0,954500
PNB30Jan2066CE.NFO,07/01/2020,10:08:13,1.25,1.25,49800,1.3,24900,0,954500
PNB30Jan2066CE.NFO,07/01/2020,10:08:18,1.25,1.25,49800,1.3,8300,0,954500
PNB30Jan2066CE.NFO,07/01/2020,10:08:24,1.25,1.25,49800,1.3,16600,0,954500
PNB30Jan2066CE.NFO,07/01/2020,10:08:30,1.25,1.25,49800,1.3,8300,0,954500
PNB30Jan2066CE.NFO,07/01/2020,10:08:37,1.25,1.25,66400,1.35,58100,8300,954500
PNB30Jan2066CE.NFO,07/01/2020,10:08:44,1.25,1.25,66400,1.35,58100,0,954500
PNB30Jan2066CE.NFO,07/01/2020,10:09:11,1.25,1.25,66400,1.3,16600,0,954500
PNB30Jan2066CE.NFO,07/01/2020,10:09:16,1.25,1.25,24900,1.3,33200,0,954500
PNB30Jan2066CE.NFO,07/01/2020,10:09:22,1.25,1.2,99600,1.3,58100,0,954500
PNB30Jan2066CE.NFO,07/01/2020,10:10:18,1.25,1.25,16600,1.3,58100,0,954500
PNB30Jan2066CE.NFO,07/01/2020,10:10:33,1.25,1.25,8300,1.3,58100,8300,954500
PNB30Jan2066CE.NFO,07/01/2020,10:10:37,1.25,1.25,41500,1.3,41500,0,954500
PNB30Jan2066CE.NFO,07/01/2020,10:10:42,1.25,1.25,24900,1.3,33200,0,954500
PNB30Jan2066CE.NFO,07/01/2020,10:10:52,1.25,1.25,33200,1.3,33200,0,954500
PNB30Jan2066CE.NFO,07/01/2020,10:11:01,1.25,1.25,24900,1.3,33200,0,954500
PNB30Jan2066CE.NFO,07/01/2020,10:11:11,1.25,1.25,58100,1.3,16600,0,954500
PNB30Jan2066CE.NFO,07/01/2020,10:11:17,1.25,1.25,66400,1.3,16600,0,954500
PNB30Jan2066CE.NFO,07/01/2020,10:11:27,1.25,1.25,74700,1.35,74700,0,954500
PNB30Jan2066CE.NFO,07/01/2020,10:11:38,1.25,1.25,74700,1.35,66400,0,954500
PNB30Jan2066CE.NFO,07/01/2020,10:11:56,1.25,1.25,74700,1.35,74700,0,954500
PNB30Jan2066CE.NFO,07/01/2020,10:12:09,1.25,1.25,83000,1.35,74700,0,954500
PNB30Jan2066CE.NFO,07/01/2020,10:12:35,1.25,1.25,83000,1.35,58100,0,954500
PNB30Jan2066CE.NFO,07/01/2020,10:12:46,1.25,1.25,83000,1.35,66400,0,954500
PNB30Jan2066CE.NFO,07/01/2020,10:12:57,1.25,1.25,83000,1.35,74700,0,954500
PNB30Jan2066CE.NFO,07/01/2020,10:13:08,1.25,1.25,91300,1.35,74700,0,954500
PNB30Jan2066CE.NFO,07/01/2020,10:13:14,1.25,1.25,83000,1.35,74700,0,954500
PNB30Jan2066CE.NFO,07/01/2020,10:13:21,1.25,1.3,33200,1.35,49800,0,954500
PNB30Jan2066CE.NFO,07/01/2020,10:13:27,1.25,1.25,83000,1.35,66400,0,954500
PNB30Jan2066CE.NFO,07/01/2020,10:13:39,1.25,1.25,91300,1.35,66400,0,954500
PNB30Jan2066CE.NFO,07/01/2020,10:13:44,1.25,1.25,83000,1.35,66400,0,954500
PNB30Jan2066CE.NFO,07/01/2020,10:13:50,1.25,1.3,8300,1.35,58100,0,954500
PNB30Jan2066CE.NFO,07/01/2020,10:14:12,1.25,1.25,91300,1.35,66400,0,954500
PNB30Jan2066CE.NFO,07/01/2020,10:14:17,1.25,1.3,16600,1.35,66400,0,954500
PNB30Jan2066CE.NFO,07/01/2020,10:14:23,1.25,1.3,24900,1.35,49800,0,954500
PNB30Jan2066CE.NFO,07/01/2020,10:14:29,1.25,1.3,24900,1.35,58100,0,954500
PNB30Jan2066CE.NFO,07/01/2020,10:14:35,1.25,1.3,24900,1.35,49800,0,954500
PNB30Jan2066CE.NFO,07/01/2020,10:14:41,1.25,1.3,24900,1.35,58100,0,954500
PNB30Jan2066CE.NFO,07/01/2020,10:15:03,1.3,1.25,91300,1.35,66400,8300,954500
PNB30Jan2066CE.NFO,07/01/2020,10:15:09,1.3,1.25,91300,1.35,66400,0,954500
PNB30Jan2066CE.NFO,07/01/2020,10:15:52,1.3,1.25,83000,1.3,16600,0,954500
PNB30Jan2066CE.NFO,07/01/2020,10:16:35,1.3,1.25,83000,1.3,8300,0,954500
PNB30Jan2066CE.NFO,07/01/2020,10:16:40,1.3,1.25,74700,1.3,33200,0,954500
PNB30Jan2066CE.NFO,07/01/2020,10:16:45,1.3,1.25,66400,1.3,33200,0,954500
PNB30Jan2066CE.NFO,07/01/2020,10:16:54,1.3,1.25,83000,1.3,8300,0,954500
PNB30Jan2066CE.NFO,07/01/2020,10:17:06,1.3,1.25,83000,1.3,16600,0,954500
PNB30Jan2066CE.NFO,07/01/2020,10:17:32,1.3,1.25,24900,1.3,49800,8300,954500
PNB30Jan2066CE.NFO,07/01/2020,10:17:37,1.3,1.25,24900,1.3,49800,0,954500
PNB30Jan2066CE.NFO,07/01/2020,10:17:54,1.3,1.25,24900,1.3,41500,0,954500
PNB30Jan2066CE.NFO,07/01/2020,10:18:02,1.3,1.25,33200,1.3,41500,0,954500
PNB30Jan2066CE.NFO,07/01/2020,10:18:06,1.3,1.25,24900,1.3,41500,0,954500
PNB30Jan2066CE.NFO,07/01/2020,10:18:33,1.3,1.25,49800,1.3,33200,0,954500
PNB30Jan2066CE.NFO,07/01/2020,10:18:38,1.3,1.25,74700,1.3,33200,0,954500
PNB30Jan2066CE.NFO,07/01/2020,10:18:43,1.3,1.25,33200,1.3,41500,0,954500
PNB30Jan2066CE.NFO,07/01/2020,10:18:48,1.3,1.25,49800,1.3,33200,0,954500
PNB30Jan2066CE.NFO,07/01/2020,10:18:54,1.3,1.25,41500,1.3,33200,0,954500
PNB30Jan2066CE.NFO,07/01/2020,10:18:58,1.3,1.25,66400,1.3,16600,0,954500
PNB30Jan2066CE.NFO,07/01/2020,10:19:02,1.3,1.25,83000,1.3,16600,0,954500
PNB30Jan2066CE.NFO,07/01/2020,10:19:25,1.3,1.25,83000,1.3,8300,0,954500
PNB30Jan2066CE.NFO,07/01/2020,10:19:41,1.3,1.25,83000,1.3,16600,0,954500
PNB30Jan2066CE.NFO,07/01/2020,10:19:46,1.3,1.25,74700,1.3,16600,0,954500
PNB30Jan2066CE.NFO,07/01/2020,10:19:52,1.3,1.25,66400,1.3,16600,0,954500
PNB30Jan2066CE.NFO,07/01/2020,10:19:58,1.3,1.25,74700,1.3,16600,0,954500
PNB30Jan2066CE.NFO,07/01/2020,10:20:12,1.3,1.25,66400,1.3,16600,0,954500
PNB30Jan2066CE.NFO,07/01/2020,10:20:52,1.3,1.25,58100,1.3,16600,0,954500
PNB30Jan2066CE.NFO,07/01/2020,10:21:00,1.3,1.25,91300,1.35,41500,0,954500
PNB30Jan2066CE.NFO,07/01/2020,10:22:16,1.3,1.25,91300,1.3,16600,0,954500
PNB30Jan2066CE.NFO,07/01/2020,10:22:43,1.3,1.25,74700,1.3,41500,0,954500
PNB30Jan2066CE.NFO,07/01/2020,10:23:01,1.3,1.25,91300,1.3,16600,0,954500
PNB30Jan2066CE.NFO,07/01/2020,10:23:21,1.3,1.25,91300,1.3,24900,0,954500
PNB30Jan2066CE.NFO,07/01/2020,10:24:11,1.3,1.25,66400,1.3,41500,0,954500
PNB30Jan2066CE.NFO,07/01/2020,10:24:24,1.3,1.25,58100,1.3,41500,0,954500
PNB30Jan2066CE.NFO,07/01/2020,10:24:43,1.3,1.25,66400,1.3,41500,0,954500
PNB30Jan2066CE.NFO,07/01/2020,10:25:32,1.3,1.25,41500,1.3,41500,0,954500
PNB30Jan2066CE.NFO,07/01/2020,10:25:36,1.3,1.25,24900,1.3,49800,0,954500
PNB30Jan2066CE.NFO,07/01/2020,10:26:33,1.3,1.25,24900,1.3,58100,0,954500
PNB30Jan2066CE.NFO,07/01/2020,10:26:54,1.3,1.25,24900,1.3,49800,0,954500
PNB30Jan2066CE.NFO,07/01/2020,10:26:59,1.3,1.25,33200,1.3,49800,0,954500
PNB30Jan2066CE.NFO,07/01/2020,10:27:03,1.3,1.25,66400,1.3,41500,0,954500
PNB30Jan2066CE.NFO,07/01/2020,10:27:16,1.3,1.25,58100,1.3,41500,0,954500
PNB30Jan2066CE.NFO,07/01/2020,10:27:49,1.3,1.25,66400,1.3,41500,0,954500
PNB30Jan2066CE.NFO,07/01/2020,10:27:57,1.3,1.25,58100,1.3,41500,0,954500
PNB30Jan2066CE.NFO,07/01/2020,10:28:01,1.3,1.25,66400,1.3,41500,0,954500
PNB30Jan2066CE.NFO,07/01/2020,10:28:10,1.3,1.25,58100,1.3,41500,0,954500
PNB30Jan2066CE.NFO,07/01/2020,10:28:15,1.3,1.25,66400,1.3,41500,0,954500
PNB30Jan2066CE.NFO,07/01/2020,10:29:41,1.3,1.25,66400,1.3,49800,0,954500
PNB30Jan2066CE.NFO,07/01/2020,10:30:03,1.3,1.25,41500,1.3,49800,0,954500
PNB30Jan2066CE.NFO,07/01/2020,10:30:23,1.3,1.25,49800,1.3,49800,0,954500
PNB30Jan2066CE.NFO,07/01/2020,10:30:27,1.3,1.25,58100,1.3,49800,0,954500
PNB30Jan2066CE.NFO,07/01/2020,10:30:37,1.3,1.25,49800,1.3,49800,0,954500
PNB30Jan2066CE.NFO,07/01/2020,10:30:43,1.3,1.25,41500,1.3,49800,0,954500
PNB30Jan2066CE.NFO,07/01/2020,10:30:49,1.3,1.25,58100,1.3,49800,0,954500
PNB30Jan2066CE.NFO,07/01/2020,10:30:52,1.3,1.25,49800,1.3,49800,0,954500
PNB30Jan2066CE.NFO,07/01/2020,10:30:55,1.3,1.25,58100,1.3,49800,0,954500
PNB30Jan2066CE.NFO,07/01/2020,10:31:05,1.3,1.25,49800,1.3,49800,0,954500
PNB30Jan2066CE.NFO,07/01/2020,10:31:08,1.3,1.25,58100,1.3,49800,0,954500
PNB30Jan2066CE.NFO,07/01/2020,10:31:11,1.3,1.25,66400,1.3,49800,0,954500
PNB30Jan2066CE.NFO,07/01/2020,10:31:26,1.3,1.25,49800,1.3,49800,0,954500
PNB30Jan2066CE.NFO,07/01/2020,10:31:33,1.3,1.25,41500,1.3,49800,0,954500
PNB30Jan2066CE.NFO,07/01/2020,10:31:37,1.3,1.25,49800,1.3,49800,0,954500
PNB30Jan2066CE.NFO,07/01/2020,10:31:45,1.3,1.25,41500,1.3,49800,0,954500
PNB30Jan2066CE.NFO,07/01/2020,10:31:57,1.3,1.25,49800,1.3,49800,0,954500
PNB30Jan2066CE.NFO,07/01/2020,10:32:02,1.3,1.25,33200,1.3,49800,0,954500
PNB30Jan2066CE.NFO,07/01/2020,10:32:17,1.3,1.25,24900,1.3,49800,0,954500
PNB30Jan2066CE.NFO,07/01/2020,10:32:21,1.3,1.25,33200,1.3,49800,0,954500
PNB30Jan2066CE.NFO,07/01/2020,10:32:26,1.25,1.2,99600,1.25,24900,8300,946200
PNB30Jan2066CE.NFO,07/01/2020,10:32:43,1.25,1.2,116200,1.3,74700,0,946200
PNB30Jan2066CE.NFO,07/01/2020,10:32:49,1.25,1.2,107900,1.3,66400,0,946200
PNB30Jan2066CE.NFO,07/01/2020,10:32:54,1.25,1.2,116200,1.3,74700,0,946200
PNB30Jan2066CE.NFO,07/01/2020,10:33:13,1.25,1.2,99600,1.25,33200,0,946200
PNB30Jan2066CE.NFO,07/01/2020,10:33:20,1.25,1.2,99600,1.25,24900,0,946200
PNB30Jan2066CE.NFO,07/01/2020,10:33:27,1.25,1.2,99600,1.25,16600,0,946200
PNB30Jan2066CE.NFO,07/01/2020,10:33:59,1.25,1.2,99600,1.25,24900,0,946200
PNB30Jan2066CE.NFO,07/01/2020,10:34:27,1.25,1.2,116200,1.3,74700,0,946200
PNB30Jan2066CE.NFO,07/01/2020,10:34:58,1.25,1.2,116200,1.3,66400,0,946200
PNB30Jan2066CE.NFO,07/01/2020,10:36:06,1.25,1.2,116200,1.3,74700,0,946200
PNB30Jan2066CE.NFO,07/01/2020,10:39:09,1.25,1.2,107900,1.3,74700,0,946200
PNB30Jan2066CE.NFO,07/01/2020,10:39:40,1.25,1.2,99600,1.25,41500,0,946200
PNB30Jan2066CE.NFO,07/01/2020,10:39:47,1.25,1.2,99600,1.25,33200,0,946200
PNB30Jan2066CE.NFO,07/01/2020,10:39:56,1.25,1.2,107900,1.3,74700,0,946200
PNB30Jan2066CE.NFO,07/01/2020,10:40:03,1.25,1.2,99600,1.3,74700,0,946200
PNB30Jan2066CE.NFO,07/01/2020,10:40:09,1.25,1.2,116200,1.3,74700,0,946200
PNB30Jan2066CE.NFO,07/01/2020,10:40:15,1.25,1.2,99600,1.3,74700,0,946200
PNB30Jan2066CE.NFO,07/01/2020,10:40:46,1.25,1.25,24900,1.3,74700,0,946200
PNB30Jan2066CE.NFO,07/01/2020,10:41:05,1.25,1.25,16600,1.3,74700,0,946200
PNB30Jan2066CE.NFO,07/01/2020,10:41:37,1.25,1.2,116200,1.3,74700,0,946200
PNB30Jan2066CE.NFO,07/01/2020,10:43:11,1.25,1.25,16600,1.3,74700,0,946200
PNB30Jan2066CE.NFO,07/01/2020,10:45:00,1.25,1.2,107900,1.3,74700,8300,954500
PNB30Jan2066CE.NFO,07/01/2020,10:45:05,1.25,1.2,74700,1.25,8300,0,954500
PNB30Jan2066CE.NFO,07/01/2020,10:45:10,1.25,1.2,83000,1.25,8300,0,954500
PNB30Jan2066CE.NFO,07/01/2020,10:45:20,1.25,1.2,91300,1.3,74700,0,954500
PNB30Jan2066CE.NFO,07/01/2020,10:45:28,1.25,1.2,83000,1.25,8300,0,954500
PNB30Jan2066CE.NFO,07/01/2020,10:45:49,1.25,1.2,91300,1.3,74700,0,954500
PNB30Jan2066CE.NFO,07/01/2020,10:46:32,1.25,1.2,83000,1.25,16600,0,954500
PNB30Jan2066CE.NFO,07/01/2020,10:46:36,1.25,1.2,91300,1.3,74700,0,954500
PNB30Jan2066CE.NFO,07/01/2020,10:46:53,1.25,1.2,83000,1.25,16600,0,954500
PNB30Jan2066CE.NFO,07/01/2020,10:46:56,1.25,1.2,91300,1.3,74700,0,954500
PNB30Jan2066CE.NFO,07/01/2020,10:47:15,1.25,1.25,16600,1.3,74700,0,954500
PNB30Jan2066CE.NFO,07/01/2020,10:47:29,1.25,1.2,99600,1.3,74700,0,954500
PNB30Jan2066CE.NFO,07/01/2020,10:48:37,1.25,1.2,99600,1.3,66400,0,954500
PNB30Jan2066CE.NFO,07/01/2020,10:49:12,1.25,1.2,99600,1.3,74700,0,954500
PNB30Jan2066CE.NFO,07/01/2020,10:49:50,1.25,1.2,91300,1.25,33200,0,954500
PNB30Jan2066CE.NFO,07/01/2020,10:49:59,1.25,1.2,74700,1.25,33200,0,954500
PNB30Jan2066CE.NFO,07/01/2020,10:50:05,1.25,1.2,74700,1.25,58100,0,954500
PNB30Jan2066CE.NFO,07/01/2020,10:50:16,1.25,1.2,74700,1.25,24900,0,954500
PNB30Jan2066CE.NFO,07/01/2020,10:50:22,1.25,1.2,83000,1.25,49800,0,954500
PNB30Jan2066CE.NFO,07/01/2020,10:50:32,1.2,1.15,83000,1.2,8300,24900,962800
PNB30Jan2066CE.NFO,07/01/2020,10:50:32,1.2,1.15,83000,1.2,8300,0,962800
PNB30Jan2066CE.NFO,07/01/2020,10:50:37,1.2,1.15,83000,1.2,8300,0,962800
PNB30Jan2066CE.NFO,07/01/2020,10:51:00,1.2,1.15,83000,1.2,16600,0,962800
PNB30Jan2066CE.NFO,07/01/2020,10:51:04,1.2,1.15,91300,1.25,58100,0,962800
PNB30Jan2066CE.NFO,07/01/2020,10:51:20,1.2,1.15,91300,1.25,49800,0,962800
PNB30Jan2066CE.NFO,07/01/2020,10:51:39,1.2,1.15,91300,1.25,41500,0,962800
PNB30Jan2066CE.NFO,07/01/2020,10:51:44,1.2,1.15,91300,1.25,33200,0,962800
PNB30Jan2066CE.NFO,07/01/2020,10:52:01,1.2,1.15,91300,1.25,24900,0,962800
PNB30Jan2066CE.NFO,07/01/2020,10:52:18,1.2,1.15,91300,1.25,33200,0,962800
PNB30Jan2066CE.NFO,07/01/2020,10:52:40,1.2,1.15,91300,1.25,41500,0,962800
PNB30Jan2066CE.NFO,07/01/2020,10:52:52,1.2,1.15,83000,1.2,8300,0,962800
PNB30Jan2066CE.NFO,07/01/2020,10:52:57,1.2,1.15,83000,1.25,33200,0,962800
PNB30Jan2066CE.NFO,07/01/2020,10:53:03,1.2,1.15,83000,1.25,16600,0,962800
PNB30Jan2066CE.NFO,07/01/2020,10:53:16,1.2,1.15,66400,1.2,8300,0,962800
PNB30Jan2066CE.NFO,07/01/2020,10:53:23,1.2,1.15,66400,1.25,16600,0,962800
PNB30Jan2066CE.NFO,07/01/2020,10:53:28,1.2,1.15,66400,1.2,8300,0,962800
PNB30Jan2066CE.NFO,07/01/2020,10:53:34,1.2,1.15,58100,1.25,16600,0,962800
PNB30Jan2066CE.NFO,07/01/2020,10:53:39,1.2,1.15,66400,1.25,16600,0,962800
PNB30Jan2066CE.NFO,07/01/2020,10:53:50,1.2,1.15,58100,1.25,16600,0,962800
PNB30Jan2066CE.NFO,07/01/2020,10:54:15,1.2,1.15,74700,1.25,16600,0,962800
PNB30Jan2066CE.NFO,07/01/2020,10:54:27,1.2,1.15,66400,1.25,16600,0,962800
PNB30Jan2066CE.NFO,07/01/2020,10:54:36,1.2,1.15,83000,1.25,16600,0,962800
PNB30Jan2066CE.NFO,07/01/2020,10:54:55,1.2,1.15,66400,1.25,16600,0,962800
PNB30Jan2066CE.NFO,07/01/2020,10:55:12,1.2,1.15,58100,1.2,8300,0,962800
PNB30Jan2066CE.NFO,07/01/2020,10:55:26,1.2,1.15,66400,1.2,8300,0,962800
PNB30Jan2066CE.NFO,07/01/2020,10:55:31,1.2,1.15,66400,1.25,24900,0,962800
PNB30Jan2066CE.NFO,07/01/2020,10:56:10,1.2,1.15,66400,1.25,16600,0,962800
PNB30Jan2066CE.NFO,07/01/2020,10:56:25,1.2,1.15,74700,1.25,16600,0,962800
PNB30Jan2066CE.NFO,07/01/2020,10:56:29,1.2,1.15,66400,1.25,16600,0,962800
PNB30Jan2066CE.NFO,07/01/2020,10:57:18,1.2,1.15,66400,1.2,8300,0,962800
PNB30Jan2066CE.NFO,07/01/2020,10:58:24,1.15,1.15,58100,1.2,8300,8300,979400
PNB30Jan2066CE.NFO,07/01/2020,10:58:24,1.15,1.15,58100,1.2,8300,0,979400
PNB30Jan2066CE.NFO,07/01/2020,10:58:41,1.15,1.15,66400,1.25,33200,0,979400
PNB30Jan2066CE.NFO,07/01/2020,10:58:46,1.15,1.15,49800,1.2,8300,0,979400
PNB30Jan2066CE.NFO,07/01/2020,10:58:52,1.15,1.15,74700,1.2,8300,0,979400
PNB30Jan2066CE.NFO,07/01/2020,10:59:03,1.15,1.15,66400,1.2,8300,0,979400
PNB30Jan2066CE.NFO,07/01/2020,10:59:09,1.15,1.15,58100,1.2,8300,0,979400
PNB30Jan2066CE.NFO,07/01/2020,10:59:35,1.15,1.15,66400,1.2,8300,0,979400
PNB30Jan2066CE.NFO,07/01/2020,11:00:02,1.15,1.15,58100,1.2,8300,0,979400
PNB30Jan2066CE.NFO,07/01/2020,11:00:49,1.15,1.2,58100,1.25,24900,0,979400
PNB30Jan2066CE.NFO,07/01/2020,11:00:55,1.2,1.15,74700,1.25,41500,8300,979400
PNB30Jan2066CE.NFO,07/01/2020,11:01:04,1.2,1.15,58100,1.2,16600,0,979400
PNB30Jan2066CE.NFO,07/01/2020,11:01:11,1.2,1.15,74700,1.25,33200,8300,979400
PNB30Jan2066CE.NFO,07/01/2020,11:01:19,1.2,1.15,33200,1.2,24900,0,979400
PNB30Jan2066CE.NFO,07/01/2020,11:01:26,1.2,1.15,41500,1.2,24900,0,979400
PNB30Jan2066CE.NFO,07/01/2020,11:01:33,1.2,1.15,58100,1.2,16600,0,979400
PNB30Jan2066CE.NFO,07/01/2020,11:01:41,1.2,1.15,66400,1.2,16600,0,979400
PNB30Jan2066CE.NFO,07/01/2020,11:01:49,1.2,1.15,74700,1.2,16600,0,979400
PNB30Jan2066CE.NFO,07/01/2020,11:01:57,1.2,1.15,74700,1.25,24900,16600,979400
PNB30Jan2066CE.NFO,07/01/2020,11:02:04,1.2,1.15,74700,1.25,16600,0,979400
PNB30Jan2066CE.NFO,07/01/2020,11:02:11,1.2,1.15,74700,1.25,24900,0,979400
PNB30Jan2066CE.NFO,07/01/2020,11:02:18,1.2,1.15,66400,1.25,24900,8300,979400
PNB30Jan2066CE.NFO,07/01/2020,11:02:24,1.2,1.15,66400,1.25,24900,0,979400
PNB30Jan2066CE.NFO,07/01/2020,11:02:31,1.2,1.15,58100,1.25,24900,0,979400
PNB30Jan2066CE.NFO,07/01/2020,11:02:38,1.2,1.15,66400,1.25,24900,0,979400
PNB30Jan2066CE.NFO,07/01/2020,11:02:50,1.2,1.15,66400,1.25,33200,0,979400
PNB30Jan2066CE.NFO,07/01/2020,11:03:04,1.2,1.15,58100,1.25,33200,0,979400
PNB30Jan2066CE.NFO,07/01/2020,11:04:22,1.2,1.15,58100,1.25,41500,0,979400
PNB30Jan2066CE.NFO,07/01/2020,11:04:28,1.2,1.15,58100,1.2,8300,0,979400
PNB30Jan2066CE.NFO,07/01/2020,11:04:42,1.2,1.15,49800,1.2,24900,0,979400
PNB30Jan2066CE.NFO,07/01/2020,11:04:56,1.2,1.15,58100,1.2,8300,0,979400
PNB30Jan2066CE.NFO,07/01/2020,11:05:16,1.2,1.15,49800,1.2,24900,0,979400
PNB30Jan2066CE.NFO,07/01/2020,11:05:43,1.2,1.15,58100,1.2,8300,0,979400
PNB30Jan2066CE.NFO,07/01/2020,11:06:03,1.2,1.15,49800,1.25,41500,8300,962800
PNB30Jan2066CE.NFO,07/01/2020,11:06:10,1.2,1.15,49800,1.25,41500,0,962800
PNB30Jan2066CE.NFO,07/01/2020,11:06:45,1.2,1.15,49800,1.25,49800,0,962800
PNB30Jan2066CE.NFO,07/01/2020,11:07:07,1.2,1.15,49800,1.25,58100,0,962800
PNB30Jan2066CE.NFO,07/01/2020,11:07:18,1.2,1.15,49800,1.25,49800,0,962800
PNB30Jan2066CE.NFO,07/01/2020,11:07:38,1.2,1.15,49800,1.25,41500,0,962800
PNB30Jan2066CE.NFO,07/01/2020,11:07:54,1.2,1.15,49800,1.25,49800,0,962800
PNB30Jan2066CE.NFO,07/01/2020,11:09:10,1.2,1.15,49800,1.25,41500,0,962800
PNB30Jan2066CE.NFO,07/01/2020,11:09:26,1.2,1.15,49800,1.25,58100,0,962800
PNB30Jan2066CE.NFO,07/01/2020,11:09:42,1.2,1.15,49800,1.2,16600,0,962800
PNB30Jan2066CE.NFO,07/01/2020,11:09:47,1.2,1.15,24900,1.2,16600,0,962800
PNB30Jan2066CE.NFO,07/01/2020,11:09:58,1.2,1.15,41500,1.2,24900,0,962800
PNB30Jan2066CE.NFO,07/01/2020,11:10:22,1.2,1.15,41500,1.2,16600,0,962800
PNB30Jan2066CE.NFO,07/01/2020,11:10:30,1.2,1.15,41500,1.2,8300,0,962800
PNB30Jan2066CE.NFO,07/01/2020,11:10:34,1.2,1.15,49800,1.25,41500,0,962800
PNB30Jan2066CE.NFO,07/01/2020,11:11:02,1.2,1.15,41500,1.2,16600,0,962800
PNB30Jan2066CE.NFO,07/01/2020,11:11:19,1.15,1.15,16600,1.2,16600,8300,962800
PNB30Jan2066CE.NFO,07/01/2020,11:11:26,1.15,1.15,8300,1.2,16600,0,962800
PNB30Jan2066CE.NFO,07/01/2020,11:11:42,1.15,1.15,24900,1.2,16600,0,962800
PNB30Jan2066CE.NFO,07/01/2020,11:11:55,1.15,1.15,24900,1.2,33200,0,962800
PNB30Jan2066CE.NFO,07/01/2020,11:12:02,1.15,1.1,99600,1.2,41500,8300,962800
PNB30Jan2066CE.NFO,07/01/2020,11:12:11,1.15,1.1,99600,1.2,41500,0,962800
PNB30Jan2066CE.NFO,07/01/2020,11:12:29,1.15,1.1,99600,1.2,33200,0,962800
PNB30Jan2066CE.NFO,07/01/2020,11:12:47,1.15,1.1,99600,1.2,24900,0,962800
PNB30Jan2066CE.NFO,07/01/2020,11:13:12,1.15,1.1,99600,1.2,33200,0,962800
PNB30Jan2066CE.NFO,07/01/2020,11:13:18,1.15,1.1,99600,1.2,41500,0,962800
PNB30Jan2066CE.NFO,07/01/2020,11:13:52,1.15,1.1,99600,1.2,33200,0,962800
PNB30Jan2066CE.NFO,07/01/2020,11:14:12,1.15,1.1,107900,1.2,33200,0,962800
PNB30Jan2066CE.NFO,07/01/2020,11:14:33,1.15,1.1,99600,1.2,33200,0,962800
PNB30Jan2066CE.NFO,07/01/2020,11:14:37,1.15,1.1,107900,1.2,33200,0,962800
PNB30Jan2066CE.NFO,07/01/2020,11:15:03,1.15,1.1,107900,1.2,49800,0,962800
PNB30Jan2066CE.NFO,07/01/2020,11:15:09,1.15,1.1,116200,1.2,49800,0,962800
PNB30Jan2066CE.NFO,07/01/2020,11:15:16,1.15,1.1,116200,1.2,41500,0,962800
PNB30Jan2066CE.NFO,07/01/2020,11:15:46,1.15,1.1,116200,1.2,33200,0,962800
PNB30Jan2066CE.NFO,07/01/2020,11:15:54,1.15,1.1,116200,1.2,41500,0,962800
PNB30Jan2066CE.NFO,07/01/2020,11:16:17,1.15,1.1,116200,1.2,49800,0,962800
PNB30Jan2066CE.NFO,07/01/2020,11:17:27,1.15,1.1,124500,1.2,49800,0,962800
PNB30Jan2066CE.NFO,07/01/2020,11:17:44,1.15,1.1,124500,1.2,58100,0,962800
PNB30Jan2066CE.NFO,07/01/2020,11:18:38,1.15,1.15,66400,1.2,49800,0,962800
PNB30Jan2066CE.NFO,07/01/2020,11:18:45,1.15,1.15,66400,1.2,16600,0,962800
PNB30Jan2066CE.NFO,07/01/2020,11:18:52,1.15,1.15,66400,1.2,24900,0,962800
PNB30Jan2066CE.NFO,07/01/2020,11:18:58,1.15,1.15,66400,1.2,16600,0,962800
PNB30Jan2066CE.NFO,07/01/2020,11:19:04,1.15,1.15,66400,1.2,8300,0,962800
PNB30Jan2066CE.NFO,07/01/2020,11:19:24,1.15,1.15,49800,1.2,33200,0,962800
PNB30Jan2066CE.NFO,07/01/2020,11:19:38,1.15,1.15,58100,1.2,33200,0,962800
PNB30Jan2066CE.NFO,07/01/2020,11:20:13,1.15,1.15,49800,1.2,8300,0,962800
PNB30Jan2066CE.NFO,07/01/2020,11:21:31,1.15,1.15,49800,1.2,16600,0,962800
PNB30Jan2066CE.NFO,07/01/2020,11:21:37,1.15,1.15,49800,1.2,8300,0,962800
PNB30Jan2066CE.NFO,07/01/2020,11:23:04,1.2,1.15,41500,1.25,49800,8300,962800
PNB30Jan2066CE.NFO,07/01/2020,11:23:09,1.2,1.15,41500,1.25,49800,0,962800
PNB30Jan2066CE.NFO,07/01/2020,11:23:38,1.2,1.15,41500,1.25,58100,0,962800
PNB30Jan2066CE.NFO,07/01/2020,11:24:10,1.2,1.15,41500,1.25,49800,0,962800
PNB30Jan2066CE.NFO,07/01/2020,11:24:15,1.2,1.15,41500,1.25,58100,0,962800
PNB30Jan2066CE.NFO,07/01/2020,11:25:29,1.2,1.15,41500,1.2,16600,0,962800
PNB30Jan2066CE.NFO,07/01/2020,11:25:42,1.2,1.15,41500,1.25,58100,0,962800
PNB30Jan2066CE.NFO,07/01/2020,11:25:56,1.2,1.15,41500,1.2,16600,0,962800
PNB30Jan2066CE.NFO,07/01/2020,11:26:15,1.2,1.15,41500,1.2,24900,0,962800
PNB30Jan2066CE.NFO,07/01/2020,11:26:31,1.2,1.15,41500,1.2,8300,0,962800
PNB30Jan2066CE.NFO,07/01/2020,11:26:40,1.2,1.15,41500,1.2,41500,0,962800
PNB30Jan2066CE.NFO,07/01/2020,11:26:50,1.2,1.15,33200,1.2,41500,0,962800
PNB30Jan2066CE.NFO,07/01/2020,11:27:14,1.2,1.15,41500,1.2,41500,0,962800
PNB30Jan2066CE.NFO,07/01/2020,11:27:17,1.2,1.15,41500,1.2,49800,0,962800
PNB30Jan2066CE.NFO,07/01/2020,11:27:48,1.2,1.15,41500,1.2,41500,0,962800
PNB30Jan2066CE.NFO,07/01/2020,11:27:54,1.2,1.15,41500,1.2,16600,0,962800
PNB30Jan2066CE.NFO,07/01/2020,11:27:58,1.2,1.15,41500,1.2,24900,0,962800
PNB30Jan2066CE.NFO,07/01/2020,11:28:11,1.2,1.15,41500,1.2,16600,8300,971100
PNB30Jan2066CE.NFO,07/01/2020,11:28:47,1.2,1.15,41500,1.2,16600,0,971100
PNB30Jan2066CE.NFO,07/01/2020,11:28:53,1.2,1.15,41500,1.2,41500,0,971100
PNB30Jan2066CE.NFO,07/01/2020,11:29:45,1.2,1.15,41500,1.2,24900,0,971100
PNB30Jan2066CE.NFO,07/01/2020,11:29:52,1.2,1.15,41500,1.2,33200,0,971100
PNB30Jan2066CE.NFO,07/01/2020,11:31:03,1.2,1.15,41500,1.2,24900,0,971100
PNB30Jan2066CE.NFO,07/01/2020,11:31:20,1.2,1.15,41500,1.2,33200,0,971100
PNB30Jan2066CE.NFO,07/01/2020,11:31:30,1.2,1.15,41500,1.2,24900,0,971100
PNB30Jan2066CE.NFO,07/01/2020,11:31:38,1.2,1.15,41500,1.2,16600,0,971100
PNB30Jan2066CE.NFO,07/01/2020,11:31:52,1.2,1.15,41500,1.25,49800,0,971100
PNB30Jan2066CE.NFO,07/01/2020,11:32:04,1.2,1.2,41500,1.25,33200,0,971100
PNB30Jan2066CE.NFO,07/01/2020,11:32:30,1.2,1.15,41500,1.25,41500,0,971100
PNB30Jan2066CE.NFO,07/01/2020,11:32:52,1.2,1.15,41500,1.25,49800,0,971100
PNB30Jan2066CE.NFO,07/01/2020,11:33:55,1.2,1.15,41500,1.25,16600,0,971100
PNB30Jan2066CE.NFO,07/01/2020,11:34:08,1.2,1.15,41500,1.25,8300,0,971100
PNB30Jan2066CE.NFO,07/01/2020,11:34:16,1.2,1.15,58100,1.25,8300,0,971100
PNB30Jan2066CE.NFO,07/01/2020,11:34:35,1.25,1.2,66400,1.25,8300,8300,962800
PNB30Jan2066CE.NFO,07/01/2020,11:34:41,1.25,1.2,58100,1.3,74700,0,962800
PNB30Jan2066CE.NFO,07/01/2020,11:34:47,1.25,1.2,49800,1.25,24900,0,962800
PNB30Jan2066CE.NFO,07/01/2020,11:34:54,1.25,1.2,41500,1.25,16600,0,962800
PNB30Jan2066CE.NFO,07/01/2020,11:34:59,1.25,1.2,41500,1.3,74700,0,962800
PNB30Jan2066CE.NFO,07/01/2020,11:35:05,1.25,1.2,41500,1.3,66400,0,962800
PNB30Jan2066CE.NFO,07/01/2020,11:35:18,1.25,1.2,41500,1.25,8300,0,962800
PNB30Jan2066CE.NFO,07/01/2020,11:35:25,1.25,1.2,41500,1.3,66400,0,962800
PNB30Jan2066CE.NFO,07/01/2020,11:36:34,1.25,1.2,41500,1.25,16600,0,962800
PNB30Jan2066CE.NFO,07/01/2020,11:36:44,1.25,1.2,33200,1.25,16600,0,962800
PNB30Jan2066CE.NFO,07/01/2020,11:36:50,1.25,1.15,41500,1.25,33200,0,962800
PNB30Jan2066CE.NFO,07/01/2020,11:37:04,1.25,1.15,41500,1.25,24900,0,962800
PNB30Jan2066CE.NFO,07/01/2020,11:37:19,1.25,1.15,41500,1.25,33200,0,962800
PNB30Jan2066CE.NFO,07/01/2020,11:37:23,1.25,1.15,41500,1.25,24900,0,962800
PNB30Jan2066CE.NFO,07/01/2020,11:37:27,1.25,1.15,41500,1.25,8300,0,962800
PNB30Jan2066CE.NFO,07/01/2020,11:37:32,1.25,1.2,8300,1.25,24900,0,962800
PNB30Jan2066CE.NFO,07/01/2020,11:37:37,1.25,1.2,8300,1.25,33200,0,962800
PNB30Jan2066CE.NFO,07/01/2020,11:37:42,1.25,1.2,8300,1.25,24900,0,962800
PNB30Jan2066CE.NFO,07/01/2020,11:38:46,1.25,1.2,8300,1.25,33200,0,962800
PNB30Jan2066CE.NFO,07/01/2020,11:38:50,1.25,1.15,49800,1.25,33200,0,962800
PNB30Jan2066CE.NFO,07/01/2020,11:39:14,1.25,1.15,49800,1.25,41500,0,962800
PNB30Jan2066CE.NFO,07/01/2020,11:39:23,1.25,1.15,49800,1.25,49800,0,962800
PNB30Jan2066CE.NFO,07/01/2020,11:39:33,1.25,1.15,41500,1.2,24900,0,962800
PNB30Jan2066CE.NFO,07/01/2020,11:39:56,1.25,1.15,41500,1.2,16600,0,962800
PNB30Jan2066CE.NFO,07/01/2020,11:40:35,1.25,1.15,41500,1.2,24900,0,962800
PNB30Jan2066CE.NFO,07/01/2020,11:41:46,1.25,1.15,41500,1.2,16600,0,962800
PNB30Jan2066CE.NFO,07/01/2020,11:42:11,1.25,1.15,41500,1.2,24900,0,962800
PNB30Jan2066CE.NFO,07/01/2020,11:42:36,1.25,1.15,33200,1.2,8300,0,962800
PNB30Jan2066CE.NFO,07/01/2020,11:42:43,1.25,1.15,41500,1.2,8300,0,962800
PNB30Jan2066CE.NFO,07/01/2020,11:42:47,1.25,1.15,49800,1.2,8300,0,962800
PNB30Jan2066CE.NFO,07/01/2020,11:43:20,1.25,1.15,41500,1.2,8300,0,962800
PNB30Jan2066CE.NFO,07/01/2020,11:43:24,1.25,1.15,49800,1.2,8300,0,962800
PNB30Jan2066CE.NFO,07/01/2020,11:45:06,1.25,1.15,49800,1.2,16600,0,962800
PNB30Jan2066CE.NFO,07/01/2020,11:45:33,1.25,1.15,33200,1.2,41500,0,962800
PNB30Jan2066CE.NFO,07/01/2020,11:45:47,1.25,1.15,49800,1.2,33200,0,962800
PNB30Jan2066CE.NFO,07/01/2020,11:46:12,1.25,1.15,49800,1.2,24900,0,962800
PNB30Jan2066CE.NFO,07/01/2020,11:46:46,1.25,1.15,49800,1.2,8300,0,962800
PNB30Jan2066CE.NFO,07/01/2020,11:48:55,1.25,1.15,49800,1.2,33200,0,962800
PNB30Jan2066CE.NFO,07/01/2020,11:50:19,1.25,1.15,49800,1.2,41500,0,962800
PNB30Jan2066CE.NFO,07/01/2020,11:50:30,1.25,1.15,49800,1.2,33200,0,962800
PNB30Jan2066CE.NFO,07/01/2020,11:51:00,1.25,1.15,49800,1.2,41500,0,962800
PNB30Jan2066CE.NFO,07/01/2020,11:51:09,1.25,1.15,49800,1.2,33200,0,962800
PNB30Jan2066CE.NFO,07/01/2020,11:51:34,1.25,1.15,49800,1.2,8300,0,962800
PNB30Jan2066CE.NFO,07/01/2020,11:51:52,1.25,1.15,49800,1.2,16600,0,962800
PNB30Jan2066CE.NFO,07/01/2020,11:52:09,1.25,1.15,49800,1.2,8300,0,962800
PNB30Jan2066CE.NFO,07/01/2020,11:53:17,1.25,1.15,58100,1.2,8300,0,962800
PNB30Jan2066CE.NFO,07/01/2020,11:53:51,1.25,1.15,49800,1.2,8300,0,962800
PNB30Jan2066CE.NFO,07/01/2020,11:54:33,1.25,1.15,49800,1.2,24900,0,962800
PNB30Jan2066CE.NFO,07/01/2020,11:56:57,1.25,1.15,49800,1.2,8300,0,962800
PNB30Jan2066CE.NFO,07/01/2020,11:57:11,1.2,1.2,33200,1.25,41500,8300,962800
PNB30Jan2066CE.NFO,07/01/2020,11:57:15,1.2,1.2,58100,1.25,33200,0,962800
PNB30Jan2066CE.NFO,07/01/2020,11:57:22,1.2,1.2,49800,1.25,24900,0,962800
PNB30Jan2066CE.NFO,07/01/2020,11:57:34,1.2,1.15,66400,1.25,58100,0,962800
PNB30Jan2066CE.NFO,07/01/2020,11:57:39,1.2,1.15,66400,1.25,66400,0,962800
PNB30Jan2066CE.NFO,07/01/2020,11:57:49,1.2,1.15,66400,1.2,16600,0,962800
PNB30Jan2066CE.NFO,07/01/2020,11:57:55,1.2,1.15,66400,1.2,8300,0,962800
PNB30Jan2066CE.NFO,07/01/2020,11:58:39,1.2,1.15,66400,1.25,49800,0,962800
PNB30Jan2066CE.NFO,07/01/2020,12:02:19,1.2,1.15,66400,1.2,8300,0,962800
PNB30Jan2066CE.NFO,07/01/2020,12:02:35,1.2,1.15,66400,1.25,41500,0,962800
PNB30Jan2066CE.NFO,07/01/2020,12:02:42,1.2,1.2,49800,1.25,24900,0,962800
PNB30Jan2066CE.NFO,07/01/2020,12:02:49,1.2,1.15,66400,1.25,24900,0,962800
PNB30Jan2066CE.NFO,07/01/2020,12:02:54,1.2,1.15,66400,1.25,33200,0,962800
PNB30Jan2066CE.NFO,07/01/2020,12:03:10,1.2,1.15,66400,1.25,41500,0,962800
PNB30Jan2066CE.NFO,07/01/2020,12:03:27,1.2,1.15,66400,1.2,16600,0,962800
PNB30Jan2066CE.NFO,07/01/2020,12:03:33,1.2,1.15,66400,1.2,24900,0,962800
PNB30Jan2066CE.NFO,07/01/2020,12:04:32,1.2,1.15,66400,1.25,33200,0,962800
PNB30Jan2066CE.NFO,07/01/2020,12:05:11,1.2,1.15,66400,1.25,24900,0,962800
PNB30Jan2066CE.NFO,07/01/2020,12:05:21,1.2,1.15,66400,1.25,33200,0,962800
PNB30Jan2066CE.NFO,07/01/2020,12:05:24,1.2,1.15,66400,1.25,24900,0,962800
PNB30Jan2066CE.NFO,07/01/2020,12:05:55,1.2,1.15,66400,1.25,33200,0,962800
PNB30Jan2066CE.NFO,07/01/2020,12:06:02,1.2,1.15,66400,1.2,8300,0,962800
PNB30Jan2066CE.NFO,07/01/2020,12:06:09,1.2,1.15,66400,1.25,33200,0,962800
PNB30Jan2066CE.NFO,07/01/2020,12:06:19,1.2,1.15,66400,1.25,24900,0,962800
PNB30Jan2066CE.NFO,07/01/2020,12:06:29,1.2,1.15,66400,1.25,33200,0,962800
PNB30Jan2066CE.NFO,07/01/2020,12:07:23,1.2,1.15,66400,1.2,8300,0,962800
PNB30Jan2066CE.NFO,07/01/2020,12:07:35,1.2,1.15,66400,1.2,16600,0,962800
PNB30Jan2066CE.NFO,07/01/2020,12:08:09,1.2,1.15,66400,1.2,8300,0,962800
PNB30Jan2066CE.NFO,07/01/2020,12:09:04,1.2,1.15,66400,1.25,33200,8300,962800
PNB30Jan2066CE.NFO,07/01/2020,12:09:19,1.2,1.15,66400,1.25,33200,0,962800
PNB30Jan2066CE.NFO,07/01/2020,12:09:29,1.2,1.15,66400,1.2,8300,0,962800
PNB30Jan2066CE.NFO,07/01/2020,12:09:33,1.2,1.15,66400,1.25,33200,0,962800
PNB30Jan2066CE.NFO,07/01/2020,12:10:20,1.2,1.15,66400,1.25,41500,0,962800
PNB30Jan2066CE.NFO,07/01/2020,12:10:39,1.2,1.15,66400,1.25,33200,0,962800
PNB30Jan2066CE.NFO,07/01/2020,12:12:47,1.2,1.15,66400,1.25,41500,0,962800
PNB30Jan2066CE.NFO,07/01/2020,12:13:08,1.2,1.15,66400,1.25,33200,0,962800
PNB30Jan2066CE.NFO,07/01/2020,12:13:15,1.2,1.15,66400,1.25,8300,0,962800
PNB30Jan2066CE.NFO,07/01/2020,12:13:22,1.2,1.2,58100,1.3,66400,0,962800
PNB30Jan2066CE.NFO,07/01/2020,12:13:28,1.2,1.2,58100,1.25,16600,0,962800
PNB30Jan2066CE.NFO,07/01/2020,12:13:46,1.2,1.2,49800,1.25,16600,0,962800
PNB30Jan2066CE.NFO,07/01/2020,12:13:58,1.2,1.2,49800,1.25,24900,0,962800
PNB30Jan2066CE.NFO,07/01/2020,12:14:04,1.2,1.2,24900,1.25,33200,0,962800
PNB30Jan2066CE.NFO,07/01/2020,12:14:10,1.2,1.2,33200,1.25,41500,0,962800
PNB30Jan2066CE.NFO,07/01/2020,12:14:15,1.2,1.2,33200,1.25,33200,0,962800
PNB30Jan2066CE.NFO,07/01/2020,12:14:37,1.2,1.2,41500,1.25,33200,0,962800
PNB30Jan2066CE.NFO,07/01/2020,12:14:42,1.2,1.2,41500,1.25,24900,0,962800
PNB30Jan2066CE.NFO,07/01/2020,12:14:49,1.2,1.2,41500,1.25,33200,0,962800
PNB30Jan2066CE.NFO,07/01/2020,12:14:52,1.2,1.2,41500,1.25,24900,0,962800
PNB30Jan2066CE.NFO,07/01/2020,12:15:23,1.2,1.15,66400,1.25,58100,0,962800
PNB30Jan2066CE.NFO,07/01/2020,12:15:27,1.2,1.15,66400,1.25,49800,0,962800
PNB30Jan2066CE.NFO,07/01/2020,12:15:38,1.2,1.15,66400,1.25,41500,0,962800
PNB30Jan2066CE.NFO,07/01/2020,12:19:10,1.2,1.15,66400,1.25,24900,0,962800
PNB30Jan2066CE.NFO,07/01/2020,12:19:15,1.2,1.15,66400,1.25,33200,0,962800
PNB30Jan2066CE.NFO,07/01/2020,12:19:40,1.2,1.15,66400,1.25,8300,0,962800
PNB30Jan2066CE.NFO,07/01/2020,12:20:17,1.2,1.15,66400,1.25,24900,0,962800
PNB30Jan2066CE.NFO,07/01/2020,12:20:26,1.2,1.15,66400,1.25,33200,0,962800
PNB30Jan2066CE.NFO,07/01/2020,12:20:54,1.2,1.15,66400,1.25,49800,0,962800
PNB30Jan2066CE.NFO,07/01/2020,12:21:02,1.2,1.15,74700,1.25,33200,0,962800
PNB30Jan2066CE.NFO,07/01/2020,12:21:47,1.2,1.15,74700,1.25,49800,0,962800
PNB30Jan2066CE.NFO,07/01/2020,12:21:53,1.2,1.15,74700,1.25,41500,0,962800
PNB30Jan2066CE.NFO,07/01/2020,12:22:04,1.2,1.15,74700,1.25,49800,0,962800
PNB30Jan2066CE.NFO,07/01/2020,12:22:07,1.2,1.15,74700,1.25,41500,0,962800
PNB30Jan2066CE.NFO,07/01/2020,12:22:47,1.2,1.15,74700,1.25,49800,0,962800
PNB30Jan2066CE.NFO,07/01/2020,12:22:52,1.2,1.15,66400,1.2,24900,0,962800
PNB30Jan2066CE.NFO,07/01/2020,12:23:17,1.2,1.15,66400,1.25,49800,0,962800
PNB30Jan2066CE.NFO,07/01/2020,12:24:13,1.2,1.15,74700,1.25,49800,0,962800
PNB30Jan2066CE.NFO,07/01/2020,12:24:34,1.2,1.15,66400,1.25,49800,0,962800
PNB30Jan2066CE.NFO,07/01/2020,12:25:06,1.2,1.15,66400,1.2,16600,0,962800
PNB30Jan2066CE.NFO,07/01/2020,12:25:36,1.2,1.15,66400,1.2,8300,8300,962800
PNB30Jan2066CE.NFO,07/01/2020,12:25:53,1.2,1.15,66400,1.25,58100,0,962800
PNB30Jan2066CE.NFO,07/01/2020,12:26:52,1.2,1.15,66400,1.2,8300,0,962800
PNB30Jan2066CE.NFO,07/01/2020,12:26:56,1.2,1.15,66400,1.2,33200,0,962800
PNB30Jan2066CE.NFO,07/01/2020,12:27:00,1.2,1.15,66400,1.2,24900,8300,971100
PNB30Jan2066CE.NFO,07/01/2020,12:27:11,1.2,1.15,66400,1.2,24900,0,971100
PNB30Jan2066CE.NFO,07/01/2020,12:28:17,1.2,1.15,74700,1.25,33200,0,971100
PNB30Jan2066CE.NFO,07/01/2020,12:28:52,1.2,1.15,74700,1.2,8300,0,971100
PNB30Jan2066CE.NFO,07/01/2020,12:28:58,1.2,1.15,49800,1.2,24900,0,971100
PNB30Jan2066CE.NFO,07/01/2020,12:29:05,1.2,1.15,58100,1.2,33200,0,971100
PNB30Jan2066CE.NFO,07/01/2020,12:29:10,1.2,1.15,49800,1.2,33200,0,971100
PNB30Jan2066CE.NFO,07/01/2020,12:29:47,1.2,1.15,58100,1.2,33200,0,971100
PNB30Jan2066CE.NFO,07/01/2020,12:30:06,1.2,1.15,24900,1.2,41500,0,971100
PNB30Jan2066CE.NFO,07/01/2020,12:30:12,1.2,1.15,49800,1.2,33200,0,971100
PNB30Jan2066CE.NFO,07/01/2020,12:30:32,1.2,1.15,41500,1.2,33200,0,971100
PNB30Jan2066CE.NFO,07/01/2020,12:30:46,1.2,1.15,49800,1.2,33200,0,971100
PNB30Jan2066CE.NFO,07/01/2020,12:30:57,1.2,1.15,58100,1.2,33200,0,971100
PNB30Jan2066CE.NFO,07/01/2020,12:31:07,1.2,1.15,49800,1.2,33200,0,971100
PNB30Jan2066CE.NFO,07/01/2020,12:31:11,1.2,1.15,58100,1.2,33200,0,971100
PNB30Jan2066CE.NFO,07/01/2020,12:31:36,1.2,1.15,58100,1.2,49800,0,971100
PNB30Jan2066CE.NFO,07/01/2020,12:31:39,1.2,1.15,49800,1.2,49800,0,971100
PNB30Jan2066CE.NFO,07/01/2020,12:31:47,1.2,1.15,41500,1.2,49800,0,971100
PNB30Jan2066CE.NFO,07/01/2020,12:32:11,1.2,1.15,49800,1.2,49800,0,971100
PNB30Jan2066CE.NFO,07/01/2020,12:32:35,1.15,1.15,41500,1.2,58100,8300,979400
PNB30Jan2066CE.NFO,07/01/2020,12:32:41,1.15,1.15,33200,1.2,58100,0,979400
PNB30Jan2066CE.NFO,07/01/2020,12:32:51,1.15,1.15,41500,1.2,66400,0,979400
PNB30Jan2066CE.NFO,07/01/2020,12:33:04,1.15,1.15,49800,1.2,66400,0,979400
PNB30Jan2066CE.NFO,07/01/2020,12:33:27,1.15,1.15,41500,1.2,49800,0,979400
PNB30Jan2066CE.NFO,07/01/2020,12:33:36,1.15,1.15,49800,1.2,58100,0,979400
PNB30Jan2066CE.NFO,07/01/2020,12:33:40,1.15,1.15,41500,1.2,58100,0,979400
PNB30Jan2066CE.NFO,07/01/2020,12:33:54,1.15,1.15,41500,1.2,66400,0,979400
PNB30Jan2066CE.NFO,07/01/2020,12:33:57,1.15,1.15,41500,1.2,58100,0,979400
PNB30Jan2066CE.NFO,07/01/2020,12:34:05,1.15,1.15,41500,1.2,74700,0,979400
PNB30Jan2066CE.NFO,07/01/2020,12:34:16,1.15,1.15,41500,1.2,66400,0,979400
PNB30Jan2066CE.NFO,07/01/2020,12:34:42,1.15,1.15,58100,1.2,58100,0,979400
PNB30Jan2066CE.NFO,07/01/2020,12:34:49,1.15,1.15,66400,1.2,58100,0,979400
PNB30Jan2066CE.NFO,07/01/2020,12:35:01,1.15,1.15,66400,1.2,8300,0,979400
PNB30Jan2066CE.NFO,07/01/2020,12:35:36,1.15,1.15,66400,1.2,16600,0,979400
PNB30Jan2066CE.NFO,07/01/2020,12:35:45,1.15,1.15,66400,1.2,49800,0,979400
PNB30Jan2066CE.NFO,07/01/2020,12:35:50,1.15,1.15,66400,1.2,16600,0,979400
PNB30Jan2066CE.NFO,07/01/2020,12:36:19,1.15,1.15,66400,1.2,24900,0,979400
PNB30Jan2066CE.NFO,07/01/2020,12:38:10,1.15,1.15,74700,1.2,24900,0,979400
PNB30Jan2066CE.NFO,07/01/2020,12:38:49,1.15,1.15,74700,1.2,16600,0,979400
PNB30Jan2066CE.NFO,07/01/2020,12:39:17,1.15,1.15,83000,1.2,16600,0,979400
PNB30Jan2066CE.NFO,07/01/2020,12:39:21,1.15,1.15,83000,1.2,33200,0,979400
PNB30Jan2066CE.NFO,07/01/2020,12:39:45,1.15,1.15,83000,1.2,49800,0,979400
PNB30Jan2066CE.NFO,07/01/2020,12:40:18,1.15,1.15,83000,1.2,16600,0,979400
PNB30Jan2066CE.NFO,07/01/2020,12:40:44,1.15,1.15,74700,1.2,16600,0,979400
PNB30Jan2066CE.NFO,07/01/2020,12:41:23,1.15,1.15,83000,1.2,16600,0,979400
PNB30Jan2066CE.NFO,07/01/2020,12:42:35,1.15,1.15,83000,1.2,49800,0,979400
PNB30Jan2066CE.NFO,07/01/2020,12:44:48,1.15,1.15,91300,1.2,49800,0,979400
PNB30Jan2066CE.NFO,07/01/2020,12:45:02,1.15,1.15,83000,1.2,49800,0,979400
PNB30Jan2066CE.NFO,07/01/2020,12:45:08,1.15,1.15,83000,1.2,58100,0,979400
PNB30Jan2066CE.NFO,07/01/2020,12:45:16,1.15,1.15,83000,1.2,49800,0,979400
PNB30Jan2066CE.NFO,07/01/2020,12:45:51,1.15,1.15,74700,1.2,24900,0,979400
PNB30Jan2066CE.NFO,07/01/2020,12:45:58,1.15,1.15,83000,1.2,24900,0,979400
PNB30Jan2066CE.NFO,07/01/2020,12:46:23,1.15,1.15,83000,1.2,16600,0,979400
PNB30Jan2066CE.NFO,07/01/2020,12:46:31,1.15,1.15,83000,1.2,24900,0,979400
PNB30Jan2066CE.NFO,07/01/2020,12:48:14,1.15,1.15,83000,1.2,16600,0,979400
PNB30Jan2066CE.NFO,07/01/2020,12:48:21,1.2,1.15,74700,1.25,58100,16600,979400
PNB30Jan2066CE.NFO,07/01/2020,12:48:46,1.2,1.15,74700,1.25,58100,0,979400
PNB30Jan2066CE.NFO,07/01/2020,12:49:09,1.2,1.15,74700,1.2,16600,0,979400
PNB30Jan2066CE.NFO,07/01/2020,12:49:14,1.2,1.15,74700,1.2,33200,0,979400
PNB30Jan2066CE.NFO,07/01/2020,12:49:49,1.2,1.15,74700,1.2,24900,0,979400
PNB30Jan2066CE.NFO,07/01/2020,12:50:22,1.2,1.15,74700,1.25,58100,0,979400
PNB30Jan2066CE.NFO,07/01/2020,12:50:26,1.2,1.15,74700,1.2,8300,0,979400
PNB30Jan2066CE.NFO,07/01/2020,12:50:38,1.2,1.15,74700,1.2,16600,0,979400
PNB30Jan2066CE.NFO,07/01/2020,12:51:09,1.2,1.15,74700,1.2,8300,0,979400
PNB30Jan2066CE.NFO,07/01/2020,12:52:23,1.2,1.15,74700,1.2,41500,0,979400
PNB30Jan2066CE.NFO,07/01/2020,12:53:52,1.2,1.15,66400,1.2,41500,0,979400
PNB30Jan2066CE.NFO,07/01/2020,12:55:08,1.2,1.15,74700,1.2,41500,0,979400
PNB30Jan2066CE.NFO,07/01/2020,12:55:17,1.2,1.15,66400,1.2,41500,0,979400
PNB30Jan2066CE.NFO,07/01/2020,12:55:51,1.2,1.15,74700,1.2,41500,0,979400
PNB30Jan2066CE.NFO,07/01/2020,12:55:56,1.2,1.15,66400,1.2,41500,0,979400
PNB30Jan2066CE.NFO,07/01/2020,12:56:00,1.2,1.15,74700,1.2,41500,0,979400
PNB30Jan2066CE.NFO,07/01/2020,12:56:08,1.2,1.15,66400,1.2,41500,0,979400
PNB30Jan2066CE.NFO,07/01/2020,12:56:11,1.2,1.15,66400,1.2,33200,0,979400
PNB30Jan2066CE.NFO,07/01/2020,12:56:14,1.2,1.15,74700,1.2,33200,0,979400
PNB30Jan2066CE.NFO,07/01/2020,12:56:16,1.2,1.15,66400,1.2,33200,0,979400
PNB30Jan2066CE.NFO,07/01/2020,12:56:42,1.2,1.15,74700,1.2,33200,0,979400
PNB30Jan2066CE.NFO,07/01/2020,12:56:48,1.2,1.15,66400,1.2,33200,0,979400
PNB30Jan2066CE.NFO,07/01/2020,12:57:20,1.2,1.15,74700,1.2,33200,0,979400
PNB30Jan2066CE.NFO,07/01/2020,12:57:39,1.15,1.15,16600,1.2,58100,8300,979400
PNB30Jan2066CE.NFO,07/01/2020,12:57:44,1.15,1.15,16600,1.2,83000,0,979400
PNB30Jan2066CE.NFO,07/01/2020,12:58:23,1.15,1.1,116200,1.2,74700,24900,979400
PNB30Jan2066CE.NFO,07/01/2020,12:58:27,1.15,1.1,124500,1.2,74700,0,979400
PNB30Jan2066CE.NFO,07/01/2020,12:58:32,1.15,1.15,16600,1.2,74700,0,979400
PNB30Jan2066CE.NFO,07/01/2020,12:58:37,1.15,1.15,16600,1.2,66400,0,979400
PNB30Jan2066CE.NFO,07/01/2020,12:58:41,1.15,1.15,8300,1.2,66400,0,979400
PNB30Jan2066CE.NFO,07/01/2020,12:58:49,1.15,1.1,116200,1.2,66400,0,979400
PNB30Jan2066CE.NFO,07/01/2020,12:58:52,1.15,1.1,116200,1.2,58100,0,979400
PNB30Jan2066CE.NFO,07/01/2020,12:59:48,1.15,1.1,116200,1.2,66400,0,979400
PNB30Jan2066CE.NFO,07/01/2020,13:00:08,1.15,1.1,107900,1.2,66400,0,979400
PNB30Jan2066CE.NFO,07/01/2020,13:00:15,1.15,1.1,91300,1.2,66400,0,979400
PNB30Jan2066CE.NFO,07/01/2020,13:00:23,1.15,1.1,91300,1.15,8300,0,979400
PNB30Jan2066CE.NFO,07/01/2020,13:01:21,1.15,1.1,91300,1.15,16600,0,979400
PNB30Jan2066CE.NFO,07/01/2020,13:01:41,1.15,1.1,99600,1.2,58100,0,979400
PNB30Jan2066CE.NFO,07/01/2020,13:01:46,1.15,1.1,99600,1.2,49800,0,979400
PNB30Jan2066CE.NFO,07/01/2020,13:02:34,1.15,1.1,99600,1.15,8300,0,979400
PNB30Jan2066CE.NFO,07/01/2020,13:03:21,1.15,1.1,99600,1.2,49800,8300,1004300
PNB30Jan2066CE.NFO,07/01/2020,13:03:26,1.15,1.1,99600,1.2,49800,0,1004300
PNB30Jan2066CE.NFO,07/01/2020,13:03:37,1.15,1.1,107900,1.15,8300,0,1004300
PNB30Jan2066CE.NFO,07/01/2020,13:03:55,1.15,1.1,107900,1.2,58100,0,1004300
PNB30Jan2066CE.NFO,07/01/2020,13:04:04,1.15,1.1,107900,1.15,8300,0,1004300
PNB30Jan2066CE.NFO,07/01/2020,13:04:07,1.15,1.1,107900,1.2,58100,0,1004300
PNB30Jan2066CE.NFO,07/01/2020,13:04:10,1.15,1.1,107900,1.15,8300,0,1004300
PNB30Jan2066CE.NFO,07/01/2020,13:04:14,1.15,1.1,107900,1.2,58100,0,1004300
PNB30Jan2066CE.NFO,07/01/2020,13:04:18,1.15,1.1,107900,1.15,8300,0,1004300
PNB30Jan2066CE.NFO,07/01/2020,13:04:39,1.15,1.1,91300,1.15,16600,0,1004300
PNB30Jan2066CE.NFO,07/01/2020,13:06:09,1.15,1.1,91300,1.15,8300,0,1004300
PNB30Jan2066CE.NFO,07/01/2020,13:06:20,1.15,1.1,83000,1.15,8300,0,1004300
PNB30Jan2066CE.NFO,07/01/2020,13:06:31,1.15,1.1,74700,1.15,8300,0,1004300
PNB30Jan2066CE.NFO,07/01/2020,13:06:37,1.15,1.1,83000,1.15,8300,0,1004300
PNB30Jan2066CE.NFO,07/01/2020,13:06:42,1.15,1.1,91300,1.15,8300,0,1004300
PNB30Jan2066CE.NFO,07/01/2020,13:07:30,1.15,1.1,83000,1.15,8300,0,1004300
PNB30Jan2066CE.NFO,07/01/2020,13:07:35,1.15,1.1,74700,1.15,8300,0,1004300
PNB30Jan2066CE.NFO,07/01/2020,13:07:41,1.15,1.1,83000,1.15,8300,0,1004300
PNB30Jan2066CE.NFO,07/01/2020,13:07:51,1.15,1.1,74700,1.15,8300,0,1004300
PNB30Jan2066CE.NFO,07/01/2020,13:08:10,1.1,1.1,8300,1.15,24900,8300,996000
PNB30Jan2066CE.NFO,07/01/2020,13:08:10,1.1,1.1,8300,1.15,24900,0,996000
PNB30Jan2066CE.NFO,07/01/2020,13:08:17,1.1,1.1,8300,1.15,24900,0,996000
PNB30Jan2066CE.NFO,07/01/2020,13:08:24,1.1,1.1,16600,1.15,24900,0,996000
PNB30Jan2066CE.NFO,07/01/2020,13:08:32,1.1,1.1,8300,1.15,24900,0,996000
PNB30Jan2066CE.NFO,07/01/2020,13:09:19,1.1,1.05,74700,1.15,16600,8300,996000
PNB30Jan2066CE.NFO,07/01/2020,13:09:26,1.1,1.05,74700,1.15,16600,0,996000
PNB30Jan2066CE.NFO,07/01/2020,13:09:34,1.1,1.05,66400,1.1,8300,0,996000
PNB30Jan2066CE.NFO,07/01/2020,13:09:47,1.1,1.05,74700,1.15,24900,0,996000
PNB30Jan2066CE.NFO,07/01/2020,13:10:13,1.1,1.05,66400,1.1,8300,0,996000
PNB30Jan2066CE.NFO,07/01/2020,13:10:20,1.1,1.05,58100,1.1,41500,0,996000
PNB30Jan2066CE.NFO,07/01/2020,13:11:17,1.1,1.05,58100,1.1,33200,0,996000
PNB30Jan2066CE.NFO,07/01/2020,13:11:22,1.1,1.05,58100,1.1,41500,0,996000
PNB30Jan2066CE.NFO,07/01/2020,13:11:34,1.1,1.05,58100,1.1,41500,8300,996000
PNB30Jan2066CE.NFO,07/01/2020,13:11:56,1.1,1.05,66400,1.1,33200,0,996000
PNB30Jan2066CE.NFO,07/01/2020,13:12:02,1.1,1.05,74700,1.1,33200,0,996000
PNB30Jan2066CE.NFO,07/01/2020,13:12:41,1.1,1.05,83000,1.1,8300,0,996000
PNB30Jan2066CE.NFO,07/01/2020,13:13:15,1.1,1.05,74700,1.1,8300,0,996000
PNB30Jan2066CE.NFO,07/01/2020,13:13:19,1.1,1.05,74700,1.1,8300,8300,987700
PNB30Jan2066CE.NFO,07/01/2020,13:13:33,1.1,1.05,66400,1.1,16600,0,987700
PNB30Jan2066CE.NFO,07/01/2020,13:13:42,1.1,1.05,66400,1.1,8300,0,987700
PNB30Jan2066CE.NFO,07/01/2020,13:13:51,1.1,1.05,33200,1.1,66400,0,987700
PNB30Jan2066CE.NFO,07/01/2020,13:14:02,1.1,1.05,66400,1.1,66400,0,987700
PNB30Jan2066CE.NFO,07/01/2020,13:14:06,1.1,1.05,33200,1.1,58100,0,987700
PNB30Jan2066CE.NFO,07/01/2020,13:15:08,1.05,1,66400,1.05,8300,8300,996000
PNB30Jan2066CE.NFO,07/01/2020,13:15:08,1.05,1,66400,1.05,8300,0,996000
PNB30Jan2066CE.NFO,07/01/2020,13:15:16,1.05,1,66400,1.1,74700,0,996000
PNB30Jan2066CE.NFO,07/01/2020,13:15:24,1.05,1,66400,1.05,8300,0,996000
PNB30Jan2066CE.NFO,07/01/2020,13:15:31,1.05,1,66400,1.05,24900,0,996000
PNB30Jan2066CE.NFO,07/01/2020,13:15:38,1.05,1,66400,1.05,16600,0,996000
PNB30Jan2066CE.NFO,07/01/2020,13:16:19,1.05,1,74700,1.05,16600,0,996000
PNB30Jan2066CE.NFO,07/01/2020,13:16:31,1.05,1,74700,1.1,66400,16600,996000
PNB30Jan2066CE.NFO,07/01/2020,13:16:41,1.05,1,74700,1.1,58100,0,996000
PNB30Jan2066CE.NFO,07/01/2020,13:17:54,1.05,1,74700,1.1,58100,8300,996000
PNB30Jan2066CE.NFO,07/01/2020,13:18:12,1.05,1,74700,1.1,58100,0,996000
PNB30Jan2066CE.NFO,07/01/2020,13:18:44,1.05,1,74700,1.1,16600,0,996000
PNB30Jan2066CE.NFO,07/01/2020,13:19:06,1.05,1.05,66400,1.1,16600,0,996000
PNB30Jan2066CE.NFO,07/01/2020,13:19:24,1.05,1.05,49800,1.1,16600,0,996000
PNB30Jan2066CE.NFO,07/01/2020,13:19:39,1.05,1.05,41500,1.1,16600,0,996000
PNB30Jan2066CE.NFO,07/01/2020,13:20:17,1.1,1.05,49800,1.15,16600,16600,1012600
PNB30Jan2066CE.NFO,07/01/2020,13:21:08,1.1,1.05,49800,1.15,41500,0,1012600
PNB30Jan2066CE.NFO,07/01/2020,13:21:14,1.1,1.05,33200,1.15,41500,0,1012600
PNB30Jan2066CE.NFO,07/01/2020,13:21:23,1.1,1,74700,1.1,8300,0,1012600
PNB30Jan2066CE.NFO,07/01/2020,13:22:01,1.1,1,74700,1.1,16600,0,1012600
PNB30Jan2066CE.NFO,07/01/2020,13:22:25,1.1,1,74700,1.1,8300,0,1012600
PNB30Jan2066CE.NFO,07/01/2020,13:22:39,1.1,1,74700,1.1,16600,0,1012600
PNB30Jan2066CE.NFO,07/01/2020,13:22:43,1.1,1,74700,1.1,8300,0,1012600
PNB30Jan2066CE.NFO,07/01/2020,13:23:04,1.1,1,74700,1.1,16600,0,1012600
PNB30Jan2066CE.NFO,07/01/2020,13:23:10,1.1,1,74700,1.1,8300,0,1012600
PNB30Jan2066CE.NFO,07/01/2020,13:23:43,1.1,1,74700,1.1,16600,0,1012600
PNB30Jan2066CE.NFO,07/01/2020,13:23:48,1.1,1,74700,1.1,8300,0,1012600
PNB30Jan2066CE.NFO,07/01/2020,13:24:12,1.1,1.05,49800,1.1,8300,0,1012600
PNB30Jan2066CE.NFO,07/01/2020,13:24:28,1.1,1.05,41500,1.1,8300,0,1012600
PNB30Jan2066CE.NFO,07/01/2020,13:24:32,1.1,1.05,33200,1.1,8300,0,1012600
PNB30Jan2066CE.NFO,07/01/2020,13:24:39,1.1,1.05,49800,1.15,41500,0,1012600
PNB30Jan2066CE.NFO,07/01/2020,13:24:47,1.1,1.05,49800,1.15,33200,0,1012600
PNB30Jan2066CE.NFO,07/01/2020,13:25:11,1.1,1.05,41500,1.15,33200,0,1012600
PNB30Jan2066CE.NFO,07/01/2020,13:25:18,1.1,1.05,49800,1.15,33200,0,1012600
PNB30Jan2066CE.NFO,07/01/2020,13:27:33,1.1,1.05,49800,1.15,41500,0,1012600
PNB30Jan2066CE.NFO,07/01/2020,13:27:46,1.1,1.05,41500,1.15,41500,0,1012600
PNB30Jan2066CE.NFO,07/01/2020,13:27:52,1.1,1.05,33200,1.15,41500,0,1012600
PNB30Jan2066CE.NFO,07/01/2020,13:28:16,1.1,1.05,41500,1.15,41500,0,1012600
PNB30Jan2066CE.NFO,07/01/2020,13:28:37,1.1,1.05,41500,1.1,8300,0,1012600
PNB30Jan2066CE.NFO,07/01/2020,13:28:56,1.1,1.05,33200,1.1,24900,0,1012600
PNB30Jan2066CE.NFO,07/01/2020,13:29:04,1.1,1.05,33200,1.1,16600,0,1012600
PNB30Jan2066CE.NFO,07/01/2020,13:29:12,1.1,1.05,49800,1.1,8300,0,1012600
PNB30Jan2066CE.NFO,07/01/2020,13:29:26,1.1,1.05,41500,1.1,8300,0,1012600
PNB30Jan2066CE.NFO,07/01/2020,13:29:32,1.1,1.05,33200,1.1,8300,0,1012600
PNB30Jan2066CE.NFO,07/01/2020,13:29:39,1.1,1.05,33200,1.1,24900,0,1012600
PNB30Jan2066CE.NFO,07/01/2020,13:29:45,1.1,1.05,24900,1.1,24900,0,1012600
PNB30Jan2066CE.NFO,07/01/2020,13:30:12,1.1,1.05,33200,1.1,8300,0,1012600
PNB30Jan2066CE.NFO,07/01/2020,13:30:18,1.1,1.05,24900,1.1,24900,0,1012600
PNB30Jan2066CE.NFO,07/01/2020,13:30:52,1.1,1,83000,1.1,24900,0,1012600
PNB30Jan2066CE.NFO,07/01/2020,13:31:14,1.1,1,83000,1.1,66400,0,1012600
PNB30Jan2066CE.NFO,07/01/2020,13:31:34,1.1,1.05,49800,1.1,66400,0,1012600
PNB30Jan2066CE.NFO,07/01/2020,13:31:49,1.1,1.05,49800,1.1,58100,0,1012600
PNB30Jan2066CE.NFO,07/01/2020,13:31:57,1.1,1.05,83000,1.1,8300,0,1012600
PNB30Jan2066CE.NFO,07/01/2020,13:32:05,1.1,1.05,58100,1.1,8300,0,1012600
PNB30Jan2066CE.NFO,07/01/2020,13:32:12,1.1,1.05,58100,1.1,16600,0,1012600
PNB30Jan2066CE.NFO,07/01/2020,13:32:45,1.1,1.05,58100,1.1,8300,0,1012600
PNB30Jan2066CE.NFO,07/01/2020,13:32:52,1.1,1.05,49800,1.1,24900,0,1012600
PNB30Jan2066CE.NFO,07/01/2020,13:32:58,1.1,1.05,49800,1.1,16600,0,1012600
PNB30Jan2066CE.NFO,07/01/2020,13:33:10,1.1,1.05,58100,1.1,16600,0,1012600
PNB30Jan2066CE.NFO,07/01/2020,13:33:32,1.1,1.05,49800,1.1,16600,0,1012600
PNB30Jan2066CE.NFO,07/01/2020,13:33:38,1.1,1.05,49800,1.1,24900,0,1012600
PNB30Jan2066CE.NFO,07/01/2020,13:34:09,1.1,1.05,33200,1.1,16600,0,1012600
PNB30Jan2066CE.NFO,07/01/2020,13:34:14,1.1,1.05,49800,1.1,16600,0,1012600
PNB30Jan2066CE.NFO,07/01/2020,13:35:45,1.1,1.05,58100,1.15,33200,0,1012600
PNB30Jan2066CE.NFO,07/01/2020,13:35:50,1.1,1.05,58100,1.15,16600,0,1012600
PNB30Jan2066CE.NFO,07/01/2020,13:35:54,1.1,1.05,58100,1.15,24900,0,1012600
PNB30Jan2066CE.NFO,07/01/2020,13:35:58,1.1,1.05,58100,1.15,33200,0,1012600
PNB30Jan2066CE.NFO,07/01/2020,13:36:03,1.1,1.05,58100,1.15,41500,0,1012600
PNB30Jan2066CE.NFO,07/01/2020,13:36:08,1.1,1.05,58100,1.15,33200,0,1012600
PNB30Jan2066CE.NFO,07/01/2020,13:36:26,1.1,1.05,58100,1.15,41500,0,1012600
PNB30Jan2066CE.NFO,07/01/2020,13:36:35,1.1,1.05,99600,1.15,83000,0,1012600
PNB30Jan2066CE.NFO,07/01/2020,13:37:03,1.1,1.05,99600,1.15,74700,0,1012600
PNB30Jan2066CE.NFO,07/01/2020,13:37:31,1.1,1.05,99600,1.15,83000,0,1012600
PNB30Jan2066CE.NFO,07/01/2020,13:38:13,1.1,1.05,99600,1.15,74700,0,1012600
PNB30Jan2066CE.NFO,07/01/2020,13:38:20,1.1,1.05,99600,1.15,83000,0,1012600
PNB30Jan2066CE.NFO,07/01/2020,13:38:42,1.1,1.1,8300,1.15,83000,0,1012600
PNB30Jan2066CE.NFO,07/01/2020,13:38:47,1.1,1.05,91300,1.15,83000,0,1012600
PNB30Jan2066CE.NFO,07/01/2020,13:39:42,1.1,1.05,91300,1.1,8300,0,1012600
PNB30Jan2066CE.NFO,07/01/2020,13:39:59,1.1,1.05,91300,1.1,16600,0,1012600
PNB30Jan2066CE.NFO,07/01/2020,13:40:09,1.1,1.05,99600,1.1,16600,0,1012600
PNB30Jan2066CE.NFO,07/01/2020,13:40:45,1.1,1.05,99600,1.1,8300,0,1012600
PNB30Jan2066CE.NFO,07/01/2020,13:42:24,1.1,1.05,99600,1.15,58100,8300,1012600
PNB30Jan2066CE.NFO,07/01/2020,13:42:31,1.1,1.05,99600,1.15,58100,0,1012600
PNB30Jan2066CE.NFO,07/01/2020,13:42:43,1.1,1.05,99600,1.15,66400,0,1012600
PNB30Jan2066CE.NFO,07/01/2020,13:44:49,1.1,1.05,99600,1.15,74700,0,1012600
PNB30Jan2066CE.NFO,07/01/2020,13:45:08,1.1,1.05,91300,1.15,66400,0,1012600
PNB30Jan2066CE.NFO,07/01/2020,13:45:43,1.1,1.05,91300,1.15,74700,0,1012600
PNB30Jan2066CE.NFO,07/01/2020,13:46:09,1.1,1.05,91300,1.15,83000,0,1012600
PNB30Jan2066CE.NFO,07/01/2020,13:46:22,1.1,1.05,83000,1.15,83000,0,1012600
PNB30Jan2066CE.NFO,07/01/2020,13:46:33,1.1,1.05,83000,1.15,74700,0,1012600
PNB30Jan2066CE.NFO,07/01/2020,13:46:44,1.1,1.05,91300,1.15,74700,0,1012600
PNB30Jan2066CE.NFO,07/01/2020,13:47:15,1.1,1.1,16600,1.15,74700,0,1012600
PNB30Jan2066CE.NFO,07/01/2020,13:47:46,1.1,1.1,41500,1.15,58100,0,1012600
PNB30Jan2066CE.NFO,07/01/2020,13:48:01,1.1,1.1,49800,1.15,58100,0,1012600
PNB30Jan2066CE.NFO,07/01/2020,13:48:11,1.1,1.1,41500,1.15,58100,0,1012600
PNB30Jan2066CE.NFO,07/01/2020,13:48:21,1.1,1.1,41500,1.15,49800,0,1012600
PNB30Jan2066CE.NFO,07/01/2020,13:48:27,1.1,1.1,41500,1.15,58100,0,1012600
PNB30Jan2066CE.NFO,07/01/2020,13:48:55,1.1,1.1,41500,1.15,49800,0,1012600
PNB30Jan2066CE.NFO,07/01/2020,13:49:14,1.1,1.1,33200,1.15,49800,0,1012600
PNB30Jan2066CE.NFO,07/01/2020,13:49:26,1.1,1.1,33200,1.15,58100,0,1012600
PNB30Jan2066CE.NFO,07/01/2020,13:49:47,1.1,1.1,33200,1.15,49800,0,1012600
PNB30Jan2066CE.NFO,07/01/2020,13:50:09,1.1,1.1,16600,1.15,8300,0,1012600
PNB30Jan2066CE.NFO,07/01/2020,13:50:17,1.15,1.15,8300,1.2,8300,8300,1012600
PNB30Jan2066CE.NFO,07/01/2020,13:50:24,1.15,1.15,8300,1.2,24900,8300,1012600
PNB30Jan2066CE.NFO,07/01/2020,13:50:31,1.15,1.1,8300,1.2,24900,0,1012600
PNB30Jan2066CE.NFO,07/01/2020,13:50:37,1.15,1.15,24900,1.2,24900,0,1012600
PNB30Jan2066CE.NFO,07/01/2020,13:50:54,1.15,1.1,8300,1.2,49800,0,1012600
PNB30Jan2066CE.NFO,07/01/2020,13:51:02,1.15,1.1,8300,1.2,24900,0,1012600
PNB30Jan2066CE.NFO,07/01/2020,13:51:14,1.15,1.1,8300,1.2,41500,0,1012600
PNB30Jan2066CE.NFO,07/01/2020,13:51:31,1.15,1.1,8300,1.2,49800,0,1012600
PNB30Jan2066CE.NFO,07/01/2020,13:51:51,1.15,1.05,74700,1.15,16600,0,1012600
PNB30Jan2066CE.NFO,07/01/2020,13:51:56,1.15,1.05,66400,1.15,33200,0,1012600
PNB30Jan2066CE.NFO,07/01/2020,13:52:06,1.15,1.05,83000,1.15,33200,0,1012600
PNB30Jan2066CE.NFO,07/01/2020,13:52:47,1.15,1.1,41500,1.2,49800,0,1012600
PNB30Jan2066CE.NFO,07/01/2020,13:53:08,1.15,1.1,24900,1.15,16600,0,1012600
PNB30Jan2066CE.NFO,07/01/2020,13:53:12,1.15,1.1,16600,1.15,16600,0,1012600
PNB30Jan2066CE.NFO,07/01/2020,13:53:16,1.15,1.1,16600,1.15,8300,0,1012600
PNB30Jan2066CE.NFO,07/01/2020,13:53:21,1.15,1.1,8300,1.15,24900,0,1012600
PNB30Jan2066CE.NFO,07/01/2020,13:53:26,1.15,1.1,16600,1.15,24900,0,1012600
PNB30Jan2066CE.NFO,07/01/2020,13:53:34,1.15,1.1,16600,1.15,33200,0,1012600
PNB30Jan2066CE.NFO,07/01/2020,13:53:43,1.15,1.05,83000,1.15,49800,0,1012600
PNB30Jan2066CE.NFO,07/01/2020,13:54:12,1.15,1.05,83000,1.1,24900,0,1012600
PNB30Jan2066CE.NFO,07/01/2020,13:54:18,1.15,1.05,83000,1.15,49800,0,1012600
PNB30Jan2066CE.NFO,07/01/2020,13:54:51,1.15,1.05,91300,1.15,49800,0,1012600
PNB30Jan2066CE.NFO,07/01/2020,13:55:01,1.15,1.05,83000,1.15,33200,0,1012600
PNB30Jan2066CE.NFO,07/01/2020,13:55:08,1.15,1.1,8300,1.15,33200,0,1012600
PNB30Jan2066CE.NFO,07/01/2020,13:55:15,1.15,1.1,8300,1.15,24900,0,1012600
PNB30Jan2066CE.NFO,07/01/2020,13:55:21,1.15,1.05,83000,1.15,58100,0,1012600
PNB30Jan2066CE.NFO,07/01/2020,13:55:32,1.15,1.1,16600,1.15,41500,0,1012600
PNB30Jan2066CE.NFO,07/01/2020,13:55:37,1.15,1.1,8300,1.15,41500,0,1012600
PNB30Jan2066CE.NFO,07/01/2020,13:55:57,1.15,1.1,8300,1.15,49800,0,1012600
PNB30Jan2066CE.NFO,07/01/2020,13:56:03,1.15,1.05,83000,1.15,66400,0,1012600
PNB30Jan2066CE.NFO,07/01/2020,13:56:13,1.15,1.05,83000,1.15,58100,0,1012600
PNB30Jan2066CE.NFO,07/01/2020,13:56:21,1.15,1.05,116200,1.15,58100,0,1012600
PNB30Jan2066CE.NFO,07/01/2020,13:56:26,1.15,1.05,116200,1.15,49800,0,1012600
PNB30Jan2066CE.NFO,07/01/2020,13:56:44,1.15,1.05,99600,1.15,49800,0,1012600
PNB30Jan2066CE.NFO,07/01/2020,13:56:53,1.15,1.05,83000,1.15,49800,0,1012600
PNB30Jan2066CE.NFO,07/01/2020,13:58:34,1.15,1.05,116200,1.1,16600,0,1012600
PNB30Jan2066CE.NFO,07/01/2020,13:58:39,1.15,1.05,116200,1.15,49800,0,1012600
PNB30Jan2066CE.NFO,07/01/2020,13:58:49,1.05,1.05,99600,1.15,49800,16600,1004300
PNB30Jan2066CE.NFO,07/01/2020,13:58:57,1.05,1.05,99600,1.15,58100,0,1004300
PNB30Jan2066CE.NFO,07/01/2020,14:01:17,1.05,1.05,99600,1.15,49800,0,1004300
PNB30Jan2066CE.NFO,07/01/2020,14:01:38,1.05,1.05,99600,1.15,41500,0,1004300
PNB30Jan2066CE.NFO,07/01/2020,14:01:48,1.05,1.05,99600,1.15,58100,0,1004300
PNB30Jan2066CE.NFO,07/01/2020,14:02:11,1.05,1.05,99600,1.15,49800,0,1004300
PNB30Jan2066CE.NFO,07/01/2020,14:02:35,1.05,1.05,99600,1.15,58100,0,1004300
PNB30Jan2066CE.NFO,07/01/2020,14:03:09,1.05,1.05,107900,1.15,41500,0,1004300
PNB30Jan2066CE.NFO,07/01/2020,14:03:15,1.05,1.1,41500,1.15,49800,0,1004300
PNB30Jan2066CE.NFO,07/01/2020,14:03:20,1.05,1.1,49800,1.15,49800,0,1004300
PNB30Jan2066CE.NFO,07/01/2020,14:03:33,1.05,1.1,41500,1.15,49800,0,1004300
PNB30Jan2066CE.NFO,07/01/2020,14:03:56,1.05,1.1,33200,1.15,49800,0,1004300
PNB30Jan2066CE.NFO,07/01/2020,14:04:02,1.05,1.1,24900,1.15,49800,0,1004300
PNB30Jan2066CE.NFO,07/01/2020,14:04:08,1.05,1.1,58100,1.15,41500,0,1004300
PNB30Jan2066CE.NFO,07/01/2020,14:05:22,1.05,1.1,49800,1.15,41500,0,1004300
PNB30Jan2066CE.NFO,07/01/2020,14:05:25,1.05,1.1,58100,1.15,41500,0,1004300
PNB30Jan2066CE.NFO,07/01/2020,14:05:36,1.05,1.1,16600,1.15,49800,0,1004300
PNB30Jan2066CE.NFO,07/01/2020,14:05:45,1.05,1.05,107900,1.15,58100,0,1004300
PNB30Jan2066CE.NFO,07/01/2020,14:06:00,1.05,1.05,107900,1.15,49800,0,1004300
PNB30Jan2066CE.NFO,07/01/2020,14:06:11,1.05,1.05,107900,1.15,58100,0,1004300
PNB30Jan2066CE.NFO,07/01/2020,14:06:16,1.05,1.05,107900,1.15,49800,0,1004300
PNB30Jan2066CE.NFO,07/01/2020,14:06:23,1.05,1.05,107900,1.15,58100,0,1004300
PNB30Jan2066CE.NFO,07/01/2020,14:06:31,1.05,1.05,107900,1.15,49800,0,1004300
PNB30Jan2066CE.NFO,07/01/2020,14:06:35,1.05,1.05,107900,1.15,58100,0,1004300
PNB30Jan2066CE.NFO,07/01/2020,14:06:44,1.05,1.05,107900,1.15,33200,0,1004300
PNB30Jan2066CE.NFO,07/01/2020,14:07:14,1.05,1.05,107900,1.15,49800,0,1004300
PNB30Jan2066CE.NFO,07/01/2020,14:07:24,1.05,1.05,107900,1.15,58100,0,1004300
PNB30Jan2066CE.NFO,07/01/2020,14:07:42,1.05,1.05,107900,1.15,49800,0,1004300
PNB30Jan2066CE.NFO,07/01/2020,14:07:46,1.05,1.05,107900,1.15,58100,0,1004300
PNB30Jan2066CE.NFO,07/01/2020,14:07:56,1.05,1.05,107900,1.15,24900,0,1004300
PNB30Jan2066CE.NFO,07/01/2020,14:08:38,1.05,1.05,107900,1.15,41500,0,1004300
PNB30Jan2066CE.NFO,07/01/2020,14:08:47,1.05,1.05,107900,1.15,24900,0,1004300
PNB30Jan2066CE.NFO,07/01/2020,14:09:33,1.05,1.05,99600,1.15,49800,0,1004300
PNB30Jan2066CE.NFO,07/01/2020,14:09:37,1.05,1.05,91300,1.15,49800,0,1004300
PNB30Jan2066CE.NFO,07/01/2020,14:09:41,1.05,1.05,99600,1.15,49800,0,1004300
PNB30Jan2066CE.NFO,07/01/2020,14:09:46,1.05,1.05,107900,1.15,24900,0,1004300
PNB30Jan2066CE.NFO,07/01/2020,14:09:53,1.05,1.05,107900,1.15,33200,0,1004300
PNB30Jan2066CE.NFO,07/01/2020,14:10:16,1.05,1.05,91300,1.15,41500,0,1004300
PNB30Jan2066CE.NFO,07/01/2020,14:10:21,1.05,1.05,99600,1.15,41500,0,1004300
PNB30Jan2066CE.NFO,07/01/2020,14:10:32,1.05,1.05,99600,1.15,33200,0,1004300
PNB30Jan2066CE.NFO,07/01/2020,14:10:50,1.05,1.05,99600,1.15,24900,0,1004300
PNB30Jan2066CE.NFO,07/01/2020,14:10:54,1.05,1.05,99600,1.15,33200,0,1004300
PNB30Jan2066CE.NFO,07/01/2020,14:11:19,1.05,1.05,99600,1.15,24900,0,1004300
PNB30Jan2066CE.NFO,07/01/2020,14:11:22,1.05,1.05,99600,1.15,41500,0,1004300
PNB30Jan2066CE.NFO,07/01/2020,14:11:26,1.05,1.05,99600,1.15,49800,0,1004300
PNB30Jan2066CE.NFO,07/01/2020,14:11:57,1.05,1.05,99600,1.15,58100,0,1004300
PNB30Jan2066CE.NFO,07/01/2020,14:12:33,1.05,1.05,107900,1.15,66400,0,1004300
PNB30Jan2066CE.NFO,07/01/2020,14:12:42,1.05,1.05,107900,1.15,49800,0,1004300
PNB30Jan2066CE.NFO,07/01/2020,14:13:33,1.05,1.1,49800,1.15,41500,0,1004300
PNB30Jan2066CE.NFO,07/01/2020,14:13:40,1.05,1.1,41500,1.15,41500,0,1004300
PNB30Jan2066CE.NFO,07/01/2020,14:14:09,1.05,1.1,16600,1.15,41500,0,1004300
PNB30Jan2066CE.NFO,07/01/2020,14:14:15,1.05,1.1,33200,1.15,41500,0,1004300
PNB30Jan2066CE.NFO,07/01/2020,14:14:20,1.05,1.1,41500,1.15,41500,0,1004300
PNB30Jan2066CE.NFO,07/01/2020,14:14:30,1.05,1.1,41500,1.15,49800,0,1004300
PNB30Jan2066CE.NFO,07/01/2020,14:15:23,1.05,1.1,49800,1.15,24900,0,1004300
PNB30Jan2066CE.NFO,07/01/2020,14:16:04,1.05,1.1,49800,1.15,16600,0,1004300
PNB30Jan2066CE.NFO,07/01/2020,14:16:30,1.05,1.1,58100,1.15,16600,0,1004300
PNB30Jan2066CE.NFO,07/01/2020,14:17:12,1.05,1.1,49800,1.15,16600,0,1004300
PNB30Jan2066CE.NFO,07/01/2020,14:17:28,1.05,1.1,24900,1.15,49800,0,1004300
PNB30Jan2066CE.NFO,07/01/2020,14:17:33,1.05,1.1,49800,1.15,49800,0,1004300
PNB30Jan2066CE.NFO,07/01/2020,14:17:52,1.1,1.1,58100,1.15,24900,8300,1004300
PNB30Jan2066CE.NFO,07/01/2020,14:18:10,1.1,1.1,58100,1.15,41500,0,1004300
PNB30Jan2066CE.NFO,07/01/2020,14:18:16,1.1,1.1,58100,1.15,24900,0,1004300
PNB30Jan2066CE.NFO,07/01/2020,14:18:21,1.1,1.1,58100,1.15,8300,0,1004300
PNB30Jan2066CE.NFO,07/01/2020,14:18:44,1.15,1.1,58100,1.2,41500,8300,1004300
PNB30Jan2066CE.NFO,07/01/2020,14:19:13,1.15,1.1,58100,1.15,8300,0,1004300
PNB30Jan2066CE.NFO,07/01/2020,14:19:51,1.15,1.1,58100,1.15,16600,0,1004300
PNB30Jan2066CE.NFO,07/01/2020,14:19:58,1.15,1.1,58100,1.15,33200,0,1004300
PNB30Jan2066CE.NFO,07/01/2020,14:20:03,1.15,1.1,49800,1.15,33200,0,1004300
PNB30Jan2066CE.NFO,07/01/2020,14:20:08,1.15,1.1,58100,1.15,33200,0,1004300
PNB30Jan2066CE.NFO,07/01/2020,14:20:25,1.15,1.1,49800,1.15,24900,0,1004300
PNB30Jan2066CE.NFO,07/01/2020,14:20:28,1.15,1.1,58100,1.15,33200,0,1004300
PNB30Jan2066CE.NFO,07/01/2020,14:20:43,1.15,1.1,58100,1.15,16600,0,1004300
PNB30Jan2066CE.NFO,07/01/2020,14:20:47,1.15,1.1,58100,1.2,41500,0,1004300
PNB30Jan2066CE.NFO,07/01/2020,14:21:12,1.15,1.1,49800,1.15,16600,0,1004300
PNB30Jan2066CE.NFO,07/01/2020,14:21:17,1.15,1.1,66400,1.2,49800,0,1004300
PNB30Jan2066CE.NFO,07/01/2020,14:22:35,1.15,1.1,74700,1.2,49800,0,1004300
PNB30Jan2066CE.NFO,07/01/2020,14:23:05,1.15,1.1,66400,1.2,49800,0,1004300
PNB30Jan2066CE.NFO,07/01/2020,14:23:12,1.15,1.1,58100,1.2,49800,0,1004300
PNB30Jan2066CE.NFO,07/01/2020,14:23:22,1.15,1.1,58100,1.15,16600,0,1004300
PNB30Jan2066CE.NFO,07/01/2020,14:23:35,1.15,1.1,49800,1.15,16600,0,1004300
PNB30Jan2066CE.NFO,07/01/2020,14:24:02,1.15,1.1,41500,1.15,16600,0,1004300
PNB30Jan2066CE.NFO,07/01/2020,14:24:13,1.15,1.1,8300,1.15,66400,0,1004300
PNB30Jan2066CE.NFO,07/01/2020,14:25:09,1.15,1.1,8300,1.15,58100,0,1004300
PNB30Jan2066CE.NFO,07/01/2020,14:25:32,1.1,1.1,8300,1.15,58100,8300,1004300
PNB30Jan2066CE.NFO,07/01/2020,14:25:51,1.1,1.05,83000,1.15,58100,0,1004300
PNB30Jan2066CE.NFO,07/01/2020,14:26:09,1.1,1.1,16600,1.15,58100,0,1004300
PNB30Jan2066CE.NFO,07/01/2020,14:26:18,1.1,1.1,16600,1.15,66400,0,1004300
PNB30Jan2066CE.NFO,07/01/2020,14:26:28,1.1,1.1,16600,1.15,58100,0,1004300
PNB30Jan2066CE.NFO,07/01/2020,14:27:12,1.1,1.1,66400,1.15,24900,0,1004300
PNB30Jan2066CE.NFO,07/01/2020,14:27:37,1.1,1.1,66400,1.15,33200,0,1004300
PNB30Jan2066CE.NFO,07/01/2020,14:27:48,1.1,1.1,66400,1.15,41500,0,1004300
PNB30Jan2066CE.NFO,07/01/2020,14:28:36,1.1,1.1,58100,1.15,41500,0,1004300
PNB30Jan2066CE.NFO,07/01/2020,14:29:07,1.1,1.1,66400,1.15,41500,0,1004300
PNB30Jan2066CE.NFO,07/01/2020,14:29:41,1.1,1.1,58100,1.15,41500,0,1004300
PNB30Jan2066CE.NFO,07/01/2020,14:29:45,1.1,1.1,66400,1.15,41500,0,1004300
PNB30Jan2066CE.NFO,07/01/2020,14:30:02,1.1,1.1,33200,1.15,41500,0,1004300
PNB30Jan2066CE.NFO,07/01/2020,14:30:08,1.1,1.1,24900,1.15,41500,0,1004300
PNB30Jan2066CE.NFO,07/01/2020,14:30:16,1.1,1.1,24900,1.15,49800,0,1004300
PNB30Jan2066CE.NFO,07/01/2020,14:30:27,1.1,1.1,83000,1.15,24900,0,1004300
PNB30Jan2066CE.NFO,07/01/2020,14:30:55,1.15,1.15,16600,1.2,49800,8300,1004300
PNB30Jan2066CE.NFO,07/01/2020,14:31:03,1.15,1.15,24900,1.2,41500,0,1004300
PNB30Jan2066CE.NFO,07/01/2020,14:31:12,1.15,1.15,74700,1.2,33200,0,1004300
PNB30Jan2066CE.NFO,07/01/2020,14:31:20,1.15,1.15,74700,1.2,8300,0,1004300
PNB30Jan2066CE.NFO,07/01/2020,14:31:29,1.15,1.15,66400,1.2,33200,0,1004300
PNB30Jan2066CE.NFO,07/01/2020,14:31:45,1.15,1.15,49800,1.2,24900,0,1004300
PNB30Jan2066CE.NFO,07/01/2020,14:32:06,1.15,1.15,58100,1.2,33200,0,1004300
PNB30Jan2066CE.NFO,07/01/2020,14:32:12,1.15,1.15,49800,1.2,33200,0,1004300
PNB30Jan2066CE.NFO,07/01/2020,14:32:23,1.15,1.1,91300,1.2,33200,0,1004300
PNB30Jan2066CE.NFO,07/01/2020,14:32:58,1.15,1.15,24900,1.2,33200,0,1004300
PNB30Jan2066CE.NFO,07/01/2020,14:33:04,1.15,1.15,41500,1.2,24900,0,1004300
PNB30Jan2066CE.NFO,07/01/2020,14:33:12,1.15,1.15,58100,1.2,16600,0,1004300
PNB30Jan2066CE.NFO,07/01/2020,14:33:20,1.2,1.15,58100,1.2,8300,8300,1004300
PNB30Jan2066CE.NFO,07/01/2020,14:33:28,1.2,1.15,58100,1.2,8300,0,1004300
PNB30Jan2066CE.NFO,07/01/2020,14:34:27,1.2,1.15,41500,1.2,16600,0,1004300
PNB30Jan2066CE.NFO,07/01/2020,14:34:38,1.2,1.15,8300,1.2,16600,0,1004300
PNB30Jan2066CE.NFO,07/01/2020,14:34:44,1.2,1.15,24900,1.2,16600,0,1004300
PNB30Jan2066CE.NFO,07/01/2020,14:34:56,1.2,1.15,8300,1.2,16600,0,1004300
PNB30Jan2066CE.NFO,07/01/2020,14:35:07,1.2,1.15,33200,1.2,41500,0,1004300
PNB30Jan2066CE.NFO,07/01/2020,14:35:19,1.2,1.15,24900,1.2,41500,0,1004300
PNB30Jan2066CE.NFO,07/01/2020,14:35:25,1.2,1.15,24900,1.2,49800,0,1004300
PNB30Jan2066CE.NFO,07/01/2020,14:35:31,1.2,1.15,24900,1.2,58100,0,1004300
PNB30Jan2066CE.NFO,07/01/2020,14:35:43,1.2,1.15,24900,1.2,49800,0,1004300
PNB30Jan2066CE.NFO,07/01/2020,14:36:13,1.2,1.1,91300,1.2,49800,0,1004300
PNB30Jan2066CE.NFO,07/01/2020,14:36:20,1.2,1.1,91300,1.2,58100,0,1004300
PNB30Jan2066CE.NFO,07/01/2020,14:36:36,1.2,1.15,16600,1.2,49800,0,1004300
PNB30Jan2066CE.NFO,07/01/2020,14:36:41,1.2,1.15,33200,1.2,49800,0,1004300
PNB30Jan2066CE.NFO,07/01/2020,14:36:50,1.2,1.1,91300,1.2,49800,0,1004300
PNB30Jan2066CE.NFO,07/01/2020,14:37:03,1.2,1.15,33200,1.2,49800,0,1004300
PNB30Jan2066CE.NFO,07/01/2020,14:37:18,1.2,1.1,91300,1.2,49800,0,1004300
PNB30Jan2066CE.NFO,07/01/2020,14:37:23,1.2,1.15,33200,1.2,49800,0,1004300
PNB30Jan2066CE.NFO,07/01/2020,14:37:28,1.2,1.15,74700,1.2,24900,0,1004300
PNB30Jan2066CE.NFO,07/01/2020,14:37:47,1.2,1.15,74700,1.2,41500,0,1004300
PNB30Jan2066CE.NFO,07/01/2020,14:38:19,1.2,1.15,49800,1.2,41500,0,1004300
PNB30Jan2066CE.NFO,07/01/2020,14:38:25,1.2,1.15,58100,1.2,41500,0,1004300
PNB30Jan2066CE.NFO,07/01/2020,14:38:32,1.2,1.15,8300,1.2,41500,0,1004300
PNB30Jan2066CE.NFO,07/01/2020,14:38:43,1.2,1.15,58100,1.2,16600,0,1004300
PNB30Jan2066CE.NFO,07/01/2020,14:38:50,1.2,1.15,58100,1.2,41500,0,1004300
PNB30Jan2066CE.NFO,07/01/2020,14:39:25,1.2,1.15,58100,1.2,24900,0,1004300
PNB30Jan2066CE.NFO,07/01/2020,14:39:32,1.2,1.15,58100,1.2,33200,0,1004300
PNB30Jan2066CE.NFO,07/01/2020,14:39:54,1.2,1.15,58100,1.2,41500,0,1004300
PNB30Jan2066CE.NFO,07/01/2020,14:40:08,1.2,1.15,41500,1.2,49800,0,1004300
PNB30Jan2066CE.NFO,07/01/2020,14:40:39,1.2,1.15,24900,1.2,49800,0,1004300
PNB30Jan2066CE.NFO,07/01/2020,14:40:44,1.2,1.15,16600,1.2,49800,0,1004300
PNB30Jan2066CE.NFO,07/01/2020,14:40:52,1.2,1.15,24900,1.2,49800,0,1004300
PNB30Jan2066CE.NFO,07/01/2020,14:40:55,1.2,1.15,16600,1.2,49800,0,1004300
PNB30Jan2066CE.NFO,07/01/2020,14:41:02,1.2,1.15,16600,1.2,41500,0,1004300
PNB30Jan2066CE.NFO,07/01/2020,14:41:07,1.2,1.1,49800,1.2,41500,0,1004300
PNB30Jan2066CE.NFO,07/01/2020,14:41:11,1.2,1.15,8300,1.2,41500,0,1004300
PNB30Jan2066CE.NFO,07/01/2020,14:41:42,1.2,1.1,49800,1.2,41500,0,1004300
PNB30Jan2066CE.NFO,07/01/2020,14:41:45,1.2,1.15,8300,1.2,41500,0,1004300
PNB30Jan2066CE.NFO,07/01/2020,14:41:53,1.2,1.1,49800,1.2,33200,0,1004300
PNB30Jan2066CE.NFO,07/01/2020,14:42:05,1.2,1.15,16600,1.2,33200,0,1004300
PNB30Jan2066CE.NFO,07/01/2020,14:42:09,1.2,1.1,49800,1.2,33200,0,1004300
PNB30Jan2066CE.NFO,07/01/2020,14:42:31,1.2,1.1,49800,1.2,41500,0,1004300
PNB30Jan2066CE.NFO,07/01/2020,14:42:53,1.2,1.1,49800,1.2,49800,0,1004300
PNB30Jan2066CE.NFO,07/01/2020,14:43:18,1.2,1.1,49800,1.2,41500,0,1004300
PNB30Jan2066CE.NFO,07/01/2020,14:43:44,1.2,1.1,49800,1.2,58100,0,1004300
PNB30Jan2066CE.NFO,07/01/2020,14:43:50,1.2,1.1,49800,1.2,49800,0,1004300
PNB30Jan2066CE.NFO,07/01/2020,14:43:59,1.2,1.1,49800,1.2,41500,0,1004300
PNB30Jan2066CE.NFO,07/01/2020,14:44:04,1.2,1.1,49800,1.2,49800,0,1004300
PNB30Jan2066CE.NFO,07/01/2020,14:44:26,1.2,1.1,58100,1.2,49800,0,1004300
PNB30Jan2066CE.NFO,07/01/2020,14:44:50,1.2,1.1,58100,1.2,58100,0,1004300
PNB30Jan2066CE.NFO,07/01/2020,14:44:55,1.2,1.1,58100,1.2,49800,0,1004300
PNB30Jan2066CE.NFO,07/01/2020,14:45:05,1.2,1.1,58100,1.2,58100,0,1004300
PNB30Jan2066CE.NFO,07/01/2020,14:45:13,1.2,1.1,58100,1.15,8300,0,1004300
PNB30Jan2066CE.NFO,07/01/2020,14:45:27,1.2,1.1,58100,1.15,16600,0,1004300
PNB30Jan2066CE.NFO,07/01/2020,14:46:01,1.2,1.1,58100,1.15,41500,0,1004300
PNB30Jan2066CE.NFO,07/01/2020,14:46:14,1.2,1.1,91300,1.2,58100,0,1004300
PNB30Jan2066CE.NFO,07/01/2020,14:46:21,1.2,1.1,91300,1.15,16600,0,1004300
PNB30Jan2066CE.NFO,07/01/2020,14:46:27,1.2,1.1,66400,1.2,58100,0,1004300
PNB30Jan2066CE.NFO,07/01/2020,14:46:32,1.2,1.1,66400,1.2,49800,0,1004300
PNB30Jan2066CE.NFO,07/01/2020,14:46:37,1.2,1.1,58100,1.2,49800,0,1004300
PNB30Jan2066CE.NFO,07/01/2020,14:46:41,1.2,1.1,58100,1.2,58100,0,1004300
PNB30Jan2066CE.NFO,07/01/2020,14:46:49,1.2,1.1,58100,1.2,49800,0,1004300
PNB30Jan2066CE.NFO,07/01/2020,14:47:03,1.2,1.1,58100,1.2,58100,0,1004300
PNB30Jan2066CE.NFO,07/01/2020,14:47:08,1.2,1.1,58100,1.2,49800,0,1004300
PNB30Jan2066CE.NFO,07/01/2020,14:47:13,1.2,1.1,58100,1.2,58100,0,1004300
PNB30Jan2066CE.NFO,07/01/2020,14:47:24,1.2,1.1,58100,1.2,49800,0,1004300
PNB30Jan2066CE.NFO,07/01/2020,14:47:28,1.2,1.15,24900,1.2,49800,0,1004300
PNB30Jan2066CE.NFO,07/01/2020,14:47:38,1.2,1.15,33200,1.2,49800,0,1004300
PNB30Jan2066CE.NFO,07/01/2020,14:47:50,1.2,1.15,24900,1.2,49800,0,1004300
PNB30Jan2066CE.NFO,07/01/2020,14:48:03,1.2,1.1,66400,1.2,49800,0,1004300
PNB30Jan2066CE.NFO,07/01/2020,14:48:11,1.2,1.15,33200,1.2,49800,0,1004300
PNB30Jan2066CE.NFO,07/01/2020,14:48:33,1.2,1.15,24900,1.2,49800,0,1004300
PNB30Jan2066CE.NFO,07/01/2020,14:48:36,1.2,1.1,66400,1.2,49800,0,1004300
PNB30Jan2066CE.NFO,07/01/2020,14:49:10,1.2,1.1,66400,1.15,16600,8300,1004300
PNB30Jan2066CE.NFO,07/01/2020,14:49:14,1.2,1.1,66400,1.2,49800,0,1004300
PNB30Jan2066CE.NFO,07/01/2020,14:49:22,1.2,1.15,41500,1.2,33200,0,1004300
PNB30Jan2066CE.NFO,07/01/2020,14:49:42,1.2,1.15,41500,1.2,41500,0,1004300
PNB30Jan2066CE.NFO,07/01/2020,14:49:58,1.2,1.15,58100,1.2,33200,0,1004300
PNB30Jan2066CE.NFO,07/01/2020,14:50:03,1.2,1.15,58100,1.2,24900,8300,1004300
PNB30Jan2066CE.NFO,07/01/2020,14:50:24,1.2,1.15,58100,1.2,24900,0,1004300
PNB30Jan2066CE.NFO,07/01/2020,14:50:38,1.2,1.15,49800,1.2,24900,0,1004300
PNB30Jan2066CE.NFO,07/01/2020,14:50:42,1.2,1.15,58100,1.2,24900,0,1004300
PNB30Jan2066CE.NFO,07/01/2020,14:50:51,1.2,1.15,49800,1.2,24900,0,1004300
PNB30Jan2066CE.NFO,07/01/2020,14:52:20,1.2,1.15,24900,1.2,33200,0,1004300
PNB30Jan2066CE.NFO,07/01/2020,14:52:30,1.2,1.15,33200,1.2,33200,0,1004300
PNB30Jan2066CE.NFO,07/01/2020,14:52:34,1.2,1.15,41500,1.2,33200,0,1004300
PNB30Jan2066CE.NFO,07/01/2020,14:52:42,1.2,1.15,49800,1.2,33200,0,1004300
PNB30Jan2066CE.NFO,07/01/2020,14:53:24,1.2,1.15,49800,1.2,8300,0,1004300
PNB30Jan2066CE.NFO,07/01/2020,14:53:44,1.2,1.15,58100,1.2,8300,0,1004300
PNB30Jan2066CE.NFO,07/01/2020,14:53:56,1.2,1.15,58100,1.25,49800,0,1004300
PNB30Jan2066CE.NFO,07/01/2020,14:54:34,1.2,1.15,33200,1.2,33200,0,1004300
PNB30Jan2066CE.NFO,07/01/2020,14:54:41,1.2,1.15,24900,1.2,24900,0,1004300
PNB30Jan2066CE.NFO,07/01/2020,14:54:46,1.2,1.15,33200,1.2,33200,0,1004300
PNB30Jan2066CE.NFO,07/01/2020,14:54:51,1.2,1.15,49800,1.2,24900,0,1004300
PNB30Jan2066CE.NFO,07/01/2020,14:54:55,1.2,1.15,49800,1.2,33200,0,1004300
PNB30Jan2066CE.NFO,07/01/2020,14:55:03,1.2,1.15,33200,1.2,33200,0,1004300
PNB30Jan2066CE.NFO,07/01/2020,14:55:15,1.2,1.15,49800,1.2,33200,0,1004300
PNB30Jan2066CE.NFO,07/01/2020,14:58:55,1.2,1.15,41500,1.2,33200,0,1004300
PNB30Jan2066CE.NFO,07/01/2020,14:58:58,1.2,1.15,33200,1.2,33200,0,1004300
PNB30Jan2066CE.NFO,07/01/2020,14:59:39,1.2,1.15,24900,1.2,33200,0,1004300
PNB30Jan2066CE.NFO,07/01/2020,14:59:42,1.2,1.15,16600,1.2,33200,0,1004300
PNB30Jan2066CE.NFO,07/01/2020,14:59:53,1.2,1.15,8300,1.2,33200,0,1004300
PNB30Jan2066CE.NFO,07/01/2020,14:59:57,1.2,1.15,16600,1.2,33200,0,1004300
PNB30Jan2066CE.NFO,07/01/2020,15:00:05,1.2,1.15,16600,1.2,8300,0,1004300
PNB30Jan2066CE.NFO,07/01/2020,15:00:16,1.2,1.15,16600,1.2,33200,0,1004300
PNB30Jan2066CE.NFO,07/01/2020,15:00:24,1.2,1.15,24900,1.2,33200,0,1004300
PNB30Jan2066CE.NFO,07/01/2020,15:00:37,1.2,1.15,24900,1.2,24900,0,1004300
PNB30Jan2066CE.NFO,07/01/2020,15:00:53,1.2,1.15,33200,1.2,24900,0,1004300
PNB30Jan2066CE.NFO,07/01/2020,15:01:03,1.2,1.15,41500,1.2,24900,0,1004300
PNB30Jan2066CE.NFO,07/01/2020,15:02:01,1.2,1.15,24900,1.2,24900,0,1004300
PNB30Jan2066CE.NFO,07/01/2020,15:02:24,1.2,1.1,66400,1.2,24900,0,1004300
PNB30Jan2066CE.NFO,07/01/2020,15:02:30,1.2,1.1,66400,1.2,33200,0,1004300
PNB30Jan2066CE.NFO,07/01/2020,15:02:34,1.2,1.1,66400,1.2,24900,0,1004300
PNB30Jan2066CE.NFO,07/01/2020,15:02:39,1.2,1.1,66400,1.15,8300,0,1004300
PNB30Jan2066CE.NFO,07/01/2020,15:02:53,1.2,1.1,66400,1.2,24900,0,1004300
PNB30Jan2066CE.NFO,07/01/2020,15:03:34,1.2,1.1,66400,1.2,33200,0,1004300
PNB30Jan2066CE.NFO,07/01/2020,15:03:39,1.2,1.1,66400,1.2,24900,0,1004300
PNB30Jan2066CE.NFO,07/01/2020,15:03:47,1.2,1.1,66400,1.15,8300,0,1004300
PNB30Jan2066CE.NFO,07/01/2020,15:03:52,1.2,1.1,66400,1.2,49800,0,1004300
PNB30Jan2066CE.NFO,07/01/2020,15:04:11,1.2,1.1,74700,1.15,16600,0,1004300
PNB30Jan2066CE.NFO,07/01/2020,15:04:18,1.2,1.1,74700,1.15,8300,0,1004300
PNB30Jan2066CE.NFO,07/01/2020,15:04:40,1.2,1.1,66400,1.15,8300,0,1004300
PNB30Jan2066CE.NFO,07/01/2020,15:04:46,1.2,1.1,74700,1.15,8300,0,1004300
PNB30Jan2066CE.NFO,07/01/2020,15:04:55,1.2,1.1,74700,1.2,49800,0,1004300
PNB30Jan2066CE.NFO,07/01/2020,15:04:59,1.2,1.1,74700,1.2,41500,0,1004300
PNB30Jan2066CE.NFO,07/01/2020,15:05:30,1.2,1.1,74700,1.2,33200,0,1004300
PNB30Jan2066CE.NFO,07/01/2020,15:05:41,1.2,1.1,74700,1.2,24900,0,1004300
PNB30Jan2066CE.NFO,07/01/2020,15:05:55,1.2,1.1,74700,1.2,16600,0,1004300
PNB30Jan2066CE.NFO,07/01/2020,15:06:01,1.2,1.1,74700,1.2,8300,0,1004300
PNB30Jan2066CE.NFO,07/01/2020,15:06:05,1.2,1.15,8300,1.2,16600,0,1004300
PNB30Jan2066CE.NFO,07/01/2020,15:06:13,1.2,1.15,8300,1.2,8300,0,1004300
PNB30Jan2066CE.NFO,07/01/2020,15:06:18,1.2,1.15,16600,1.2,8300,0,1004300
PNB30Jan2066CE.NFO,07/01/2020,15:06:28,1.2,1.15,24900,1.2,8300,0,1004300
PNB30Jan2066CE.NFO,07/01/2020,15:06:32,1.2,1.15,41500,1.2,16600,0,1004300
PNB30Jan2066CE.NFO,07/01/2020,15:06:40,1.2,1.15,41500,1.2,8300,0,1004300
PNB30Jan2066CE.NFO,07/01/2020,15:06:45,1.2,1.15,41500,1.2,16600,0,1004300
PNB30Jan2066CE.NFO,07/01/2020,15:07:24,1.2,1.15,41500,1.2,24900,0,1004300
PNB30Jan2066CE.NFO,07/01/2020,15:07:39,1.2,1.15,41500,1.2,16600,0,1004300
PNB30Jan2066CE.NFO,07/01/2020,15:07:53,1.2,1.15,41500,1.2,24900,0,1004300
PNB30Jan2066CE.NFO,07/01/2020,15:08:02,1.2,1.15,33200,1.2,8300,8300,996000
PNB30Jan2066CE.NFO,07/01/2020,15:08:27,1.2,1.15,33200,1.2,24900,0,996000
PNB30Jan2066CE.NFO,07/01/2020,15:08:32,1.2,1.15,33200,1.2,16600,0,996000
PNB30Jan2066CE.NFO,07/01/2020,15:08:40,1.2,1.15,33200,1.2,24900,0,996000
PNB30Jan2066CE.NFO,07/01/2020,15:09:11,1.2,1.15,33200,1.2,16600,0,996000
PNB30Jan2066CE.NFO,07/01/2020,15:09:20,1.2,1.15,41500,1.2,16600,0,996000
PNB30Jan2066CE.NFO,07/01/2020,15:09:29,1.2,1.15,58100,1.2,16600,0,996000
PNB30Jan2066CE.NFO,07/01/2020,15:09:34,1.2,1.15,49800,1.2,8300,0,996000
PNB30Jan2066CE.NFO,07/01/2020,15:10:10,1.2,1.15,49800,1.2,16600,0,996000
PNB30Jan2066CE.NFO,07/01/2020,15:10:46,1.2,1.15,66400,1.2,16600,0,996000
PNB30Jan2066CE.NFO,07/01/2020,15:10:51,1.2,1.15,49800,1.2,16600,0,996000
PNB30Jan2066CE.NFO,07/01/2020,15:11:15,1.2,1.15,49800,1.2,24900,0,996000
PNB30Jan2066CE.NFO,07/01/2020,15:11:28,1.2,1.15,41500,1.2,16600,0,996000
PNB30Jan2066CE.NFO,07/01/2020,15:11:35,1.2,1.15,49800,1.2,16600,0,996000
PNB30Jan2066CE.NFO,07/01/2020,15:11:42,1.2,1.15,41500,1.2,41500,0,996000
PNB30Jan2066CE.NFO,07/01/2020,15:11:49,1.2,1.15,41500,1.2,24900,0,996000
PNB30Jan2066CE.NFO,07/01/2020,15:12:29,1.2,1.15,49800,1.2,24900,0,996000
PNB30Jan2066CE.NFO,07/01/2020,15:12:57,1.2,1.15,49800,1.2,8300,0,996000
PNB30Jan2066CE.NFO,07/01/2020,15:13:00,1.2,1.15,49800,1.25,41500,0,996000
PNB30Jan2066CE.NFO,07/01/2020,15:15:08,1.2,1.2,58100,1.25,8300,0,996000
PNB30Jan2066CE.NFO,07/01/2020,15:15:14,1.2,1.2,58100,1.25,16600,0,996000
PNB30Jan2066CE.NFO,07/01/2020,15:15:41,1.2,1.2,49800,1.25,16600,0,996000
PNB30Jan2066CE.NFO,07/01/2020,15:15:48,1.2,1.2,58100,1.25,16600,0,996000
PNB30Jan2066CE.NFO,07/01/2020,15:15:55,1.2,1.2,66400,1.25,16600,0,996000
PNB30Jan2066CE.NFO,07/01/2020,15:16:09,1.2,1.2,41500,1.25,33200,0,996000
PNB30Jan2066CE.NFO,07/01/2020,15:16:22,1.2,1.2,33200,1.25,33200,0,996000
PNB30Jan2066CE.NFO,07/01/2020,15:16:36,1.2,1.2,58100,1.25,33200,0,996000
PNB30Jan2066CE.NFO,07/01/2020,15:16:49,1.2,1.2,49800,1.25,33200,0,996000
PNB30Jan2066CE.NFO,07/01/2020,15:16:55,1.2,1.2,58100,1.25,33200,0,996000
PNB30Jan2066CE.NFO,07/01/2020,15:17:01,1.2,1.2,49800,1.25,33200,0,996000
PNB30Jan2066CE.NFO,07/01/2020,15:17:07,1.2,1.2,41500,1.25,33200,0,996000
PNB30Jan2066CE.NFO,07/01/2020,15:17:53,1.2,1.2,66400,1.25,16600,0,996000
PNB30Jan2066CE.NFO,07/01/2020,15:18:32,1.2,1.2,58100,1.25,16600,0,996000
PNB30Jan2066CE.NFO,07/01/2020,15:18:57,1.2,1.2,49800,1.25,16600,0,996000
PNB30Jan2066CE.NFO,07/01/2020,15:19:09,1.2,1.2,58100,1.25,16600,0,996000
PNB30Jan2066CE.NFO,07/01/2020,15:19:20,1.2,1.2,33200,1.25,16600,0,996000
PNB30Jan2066CE.NFO,07/01/2020,15:19:26,1.2,1.2,58100,1.25,16600,0,996000
PNB30Jan2066CE.NFO,07/01/2020,15:19:31,1.2,1.2,66400,1.25,16600,0,996000
PNB30Jan2066CE.NFO,07/01/2020,15:20:09,1.2,1.2,66400,1.25,33200,0,996000
PNB30Jan2066CE.NFO,07/01/2020,15:20:17,1.2,1.2,16600,1.25,49800,0,996000
PNB30Jan2066CE.NFO,07/01/2020,15:20:25,1.2,1.2,24900,1.25,49800,0,996000
PNB30Jan2066CE.NFO,07/01/2020,15:21:20,1.25,1.2,24900,1.25,41500,8300,987700
PNB30Jan2066CE.NFO,07/01/2020,15:21:28,1.25,1.15,49800,1.25,41500,0,987700
PNB30Jan2066CE.NFO,07/01/2020,15:22:02,1.25,1.15,41500,1.2,16600,0,987700
PNB30Jan2066CE.NFO,07/01/2020,15:22:06,1.25,1.15,41500,1.25,41500,0,987700
PNB30Jan2066CE.NFO,07/01/2020,15:22:28,1.25,1.15,58100,1.25,41500,0,987700
PNB30Jan2066CE.NFO,07/01/2020,15:22:59,1.25,1.15,58100,1.2,8300,0,987700
PNB30Jan2066CE.NFO,07/01/2020,15:23:06,1.25,1.15,49800,1.2,8300,0,987700
PNB30Jan2066CE.NFO,07/01/2020,15:23:13,1.25,1.15,58100,1.2,8300,0,987700
PNB30Jan2066CE.NFO,07/01/2020,15:23:21,1.25,1.15,41500,1.2,16600,0,987700
PNB30Jan2066CE.NFO,07/01/2020,15:23:29,1.25,1.15,24900,1.2,24900,0,987700
PNB30Jan2066CE.NFO,07/01/2020,15:23:49,1.25,1.15,49800,1.25,33200,0,987700
PNB30Jan2066CE.NFO,07/01/2020,15:24:18,1.25,1.15,41500,1.25,33200,0,987700
PNB30Jan2066CE.NFO,07/01/2020,15:24:29,1.25,1.15,49800,1.25,33200,0,987700
PNB30Jan2066CE.NFO,07/01/2020,15:24:43,1.25,1.15,41500,1.2,16600,0,987700
PNB30Jan2066CE.NFO,07/01/2020,15:24:52,1.25,1.15,41500,1.2,24900,0,987700
PNB30Jan2066CE.NFO,07/01/2020,15:24:57,1.25,1.15,41500,1.25,33200,0,987700
PNB30Jan2066CE.NFO,07/01/2020,15:25:02,1.25,1.15,49800,1.25,33200,0,987700
PNB30Jan2066CE.NFO,07/01/2020,15:25:13,1.25,1.15,49800,1.25,41500,0,987700
PNB30Jan2066CE.NFO,07/01/2020,15:25:27,1.25,1.15,33200,1.2,24900,0,987700
PNB30Jan2066CE.NFO,07/01/2020,15:25:32,1.25,1.15,49800,1.2,24900,0,987700
PNB30Jan2066CE.NFO,07/01/2020,15:25:37,1.25,1.15,41500,1.2,24900,0,987700
PNB30Jan2066CE.NFO,07/01/2020,15:25:42,1.25,1.15,49800,1.2,24900,0,987700
PNB30Jan2066CE.NFO,07/01/2020,15:26:00,1.25,1.15,41500,1.2,24900,0,987700
PNB30Jan2066CE.NFO,07/01/2020,15:26:06,1.25,1.15,49800,1.2,24900,0,987700
PNB30Jan2066CE.NFO,07/01/2020,15:26:24,1.25,1.15,33200,1.2,24900,0,987700
PNB30Jan2066CE.NFO,07/01/2020,15:26:29,1.25,1.15,24900,1.2,24900,0,987700
PNB30Jan2066CE.NFO,07/01/2020,15:26:34,1.25,1.1,66400,1.2,24900,0,987700
PNB30Jan2066CE.NFO,07/01/2020,15:26:38,1.25,1.1,41500,1.2,24900,0,987700
PNB30Jan2066CE.NFO,07/01/2020,15:26:43,1.25,1.15,16600,1.2,24900,0,987700
PNB30Jan2066CE.NFO,07/01/2020,15:26:48,1.25,1.1,41500,1.2,16600,0,987700
PNB30Jan2066CE.NFO,07/01/2020,15:26:52,1.25,1.15,16600,1.2,16600,0,987700
PNB30Jan2066CE.NFO,07/01/2020,15:27:23,1.25,1.15,8300,1.2,8300,0,987700
PNB30Jan2066CE.NFO,07/01/2020,15:27:40,1.25,1.1,24900,1.2,8300,0,987700
PNB30Jan2066CE.NFO,07/01/2020,15:27:58,1.25,1.1,16600,1.2,8300,0,987700
PNB30Jan2066CE.NFO,07/01/2020,15:28:24,1.25,1.1,16600,1.2,16600,0,987700
PNB30Jan2066CE.NFO,07/01/2020,15:28:30,1.25,1.1,24900,1.2,16600,0,987700
PNB30Jan2066CE.NFO,07/01/2020,15:28:36,1.25,1.1,24900,1.2,8300,0,987700
PNB30Jan2066CE.NFO,07/01/2020,15:28:48,1.25,1.1,33200,1.25,8300,0,987700
PNB30Jan2066CE.NFO,07/01/2020,15:29:28,1.25,1.15,24900,1.25,8300,0,987700
PNB30Jan2066CE.NFO,07/01/2020,15:29:48,1.25,1.2,16600,1.25,16600,0,987700
PNB30Jan2066CE.NFO,07/01/2020,15:29:54,1.25,1.15,8300,1.25,16600,0,987700
