Ticker,Date,Time,LTP,BuyPrice,BuyQty,SellPrice,SellQty,LTQ,OpenInterest
PNB30Jan2065CE.NFO,07/01/2020,09:15:06,1.5,1.55,8300,1.75,8300,8300,3718400
PNB30Jan2065CE.NFO,07/01/2020,09:15:06,1.5,1.55,8300,1.75,8300,0,3718400
PNB30Jan2065CE.NFO,07/01/2020,09:15:06,1.5,1.55,8300,1.75,8300,0,3718400
PNB30Jan2065CE.NFO,07/01/2020,09:15:06,1.5,1.55,8300,1.75,8300,0,3718400
PNB30Jan2065CE.NFO,07/01/2020,09:15:16,1.7,1.6,16600,1.8,16600,8300,3718400
PNB30Jan2065CE.NFO,07/01/2020,09:15:16,1.7,1.6,16600,1.8,16600,0,3718400
PNB30Jan2065CE.NFO,07/01/2020,09:15:27,1.65,1.6,16600,1.75,8300,16600,3718400
PNB30Jan2065CE.NFO,07/01/2020,09:15:39,1.8,1.75,24900,1.85,8300,58100,3718400
PNB30Jan2065CE.NFO,07/01/2020,09:15:39,1.85,1.75,24900,1.85,8300,0,3718400
PNB30Jan2065CE.NFO,07/01/2020,09:15:51,1.85,1.85,8300,1.9,16600,16600,3718400
PNB30Jan2065CE.NFO,07/01/2020,09:16:04,1.85,1.8,99600,1.85,8300,24900,3718400
PNB30Jan2065CE.NFO,07/01/2020,09:16:15,1.85,1.8,124500,1.9,33200,24900,3718400
PNB30Jan2065CE.NFO,07/01/2020,09:16:27,1.85,1.8,124500,1.85,24900,33200,3718400
PNB30Jan2065CE.NFO,07/01/2020,09:16:37,1.8,1.8,91300,1.85,58100,24900,3718400
PNB30Jan2065CE.NFO,07/01/2020,09:16:46,1.85,1.8,8300,1.85,66400,91300,3718400
PNB30Jan2065CE.NFO,07/01/2020,09:16:56,1.8,1.8,8300,1.85,49800,24900,3718400
PNB30Jan2065CE.NFO,07/01/2020,09:17:06,1.8,1.8,8300,1.85,49800,0,3718400
PNB30Jan2065CE.NFO,07/01/2020,09:17:15,1.8,1.8,16600,1.85,66400,0,3718400
PNB30Jan2065CE.NFO,07/01/2020,09:17:25,1.85,1.8,99600,1.85,49800,16600,3784800
PNB30Jan2065CE.NFO,07/01/2020,09:17:35,1.85,1.8,33200,1.85,41500,16600,3784800
PNB30Jan2065CE.NFO,07/01/2020,09:17:46,1.85,1.8,41500,1.85,49800,8300,3784800
PNB30Jan2065CE.NFO,07/01/2020,09:18:06,1.85,1.8,41500,1.85,49800,0,3784800
PNB30Jan2065CE.NFO,07/01/2020,09:18:15,1.85,1.8,41500,1.85,58100,0,3784800
PNB30Jan2065CE.NFO,07/01/2020,09:18:24,1.8,1.75,24900,1.8,24900,49800,3784800
PNB30Jan2065CE.NFO,07/01/2020,09:18:33,1.8,1.7,83000,1.8,24900,0,3784800
PNB30Jan2065CE.NFO,07/01/2020,09:18:42,1.8,1.75,33200,1.8,24900,16600,3784800
PNB30Jan2065CE.NFO,07/01/2020,09:18:51,1.8,1.8,8300,1.85,99600,16600,3784800
PNB30Jan2065CE.NFO,07/01/2020,09:19:00,1.75,1.8,16600,1.85,107900,16600,3784800
PNB30Jan2065CE.NFO,07/01/2020,09:19:09,1.8,1.75,33200,1.8,24900,24900,3784800
PNB30Jan2065CE.NFO,07/01/2020,09:19:17,1.8,1.75,41500,1.8,33200,0,3784800
PNB30Jan2065CE.NFO,07/01/2020,09:19:26,1.8,1.8,16600,1.85,58100,33200,3784800
PNB30Jan2065CE.NFO,07/01/2020,09:19:34,1.8,1.8,16600,1.85,74700,0,3784800
PNB30Jan2065CE.NFO,07/01/2020,09:19:43,1.8,1.8,33200,1.85,74700,8300,3784800
PNB30Jan2065CE.NFO,07/01/2020,09:19:50,1.8,1.8,33200,1.85,74700,0,3784800
PNB30Jan2065CE.NFO,07/01/2020,09:19:58,1.8,1.8,24900,1.85,83000,16600,3784800
PNB30Jan2065CE.NFO,07/01/2020,09:20:06,1.8,1.75,74700,1.85,83000,16600,3784800
PNB30Jan2065CE.NFO,07/01/2020,09:20:14,1.8,1.8,8300,1.85,91300,0,3784800
PNB30Jan2065CE.NFO,07/01/2020,09:20:21,1.8,1.8,16600,1.85,83000,24900,3768200
PNB30Jan2065CE.NFO,07/01/2020,09:20:29,1.8,1.75,99600,1.85,83000,0,3768200
PNB30Jan2065CE.NFO,07/01/2020,09:20:37,1.85,1.75,83000,1.85,99600,8300,3768200
PNB30Jan2065CE.NFO,07/01/2020,09:20:44,1.85,1.8,24900,1.85,91300,0,3768200
PNB30Jan2065CE.NFO,07/01/2020,09:20:52,1.8,1.8,16600,1.85,74700,8300,3768200
PNB30Jan2065CE.NFO,07/01/2020,09:20:59,1.8,1.8,16600,1.85,83000,16600,3768200
PNB30Jan2065CE.NFO,07/01/2020,09:21:08,1.8,1.75,99600,1.85,74700,16600,3768200
PNB30Jan2065CE.NFO,07/01/2020,09:21:16,1.8,1.8,16600,1.85,66400,16600,3768200
PNB30Jan2065CE.NFO,07/01/2020,09:21:23,1.8,1.8,33200,1.85,74700,0,3768200
PNB30Jan2065CE.NFO,07/01/2020,09:21:39,1.8,1.8,8300,1.85,91300,16600,3768200
PNB30Jan2065CE.NFO,07/01/2020,09:21:47,1.8,1.8,8300,1.85,91300,0,3768200
PNB30Jan2065CE.NFO,07/01/2020,09:21:55,1.8,1.75,116200,1.85,83000,8300,3768200
PNB30Jan2065CE.NFO,07/01/2020,09:22:03,1.8,1.75,99600,1.85,99600,8300,3768200
PNB30Jan2065CE.NFO,07/01/2020,09:22:11,1.8,1.8,41500,1.85,74700,0,3768200
PNB30Jan2065CE.NFO,07/01/2020,09:22:19,1.8,1.8,16600,1.85,83000,0,3768200
PNB30Jan2065CE.NFO,07/01/2020,09:22:27,1.8,1.8,16600,1.85,83000,8300,3768200
PNB30Jan2065CE.NFO,07/01/2020,09:22:34,1.85,1.8,16600,1.85,66400,8300,3768200
PNB30Jan2065CE.NFO,07/01/2020,09:22:41,1.85,1.8,33200,1.85,66400,0,3768200
PNB30Jan2065CE.NFO,07/01/2020,09:22:48,1.8,1.75,99600,1.85,83000,16600,3768200
PNB30Jan2065CE.NFO,07/01/2020,09:22:55,1.8,1.75,116200,1.85,74700,0,3768200
PNB30Jan2065CE.NFO,07/01/2020,09:23:03,1.8,1.8,24900,1.85,83000,0,3768200
PNB30Jan2065CE.NFO,07/01/2020,09:23:11,1.8,1.8,16600,1.85,91300,8300,3768200
PNB30Jan2065CE.NFO,07/01/2020,09:23:18,1.8,1.75,107900,1.85,124500,16600,3751600
PNB30Jan2065CE.NFO,07/01/2020,09:23:24,1.8,1.8,8300,1.85,116200,0,3751600
PNB30Jan2065CE.NFO,07/01/2020,09:23:31,1.8,1.8,16600,1.85,99600,0,3751600
PNB30Jan2065CE.NFO,07/01/2020,09:23:37,1.8,1.8,16600,1.85,107900,0,3751600
PNB30Jan2065CE.NFO,07/01/2020,09:23:43,1.8,1.8,16600,1.85,116200,0,3751600
PNB30Jan2065CE.NFO,07/01/2020,09:23:56,1.8,1.8,8300,1.85,116200,8300,3751600
PNB30Jan2065CE.NFO,07/01/2020,09:24:03,1.8,1.8,8300,1.85,107900,0,3751600
PNB30Jan2065CE.NFO,07/01/2020,09:24:17,1.8,1.75,91300,1.8,33200,8300,3751600
PNB30Jan2065CE.NFO,07/01/2020,09:24:31,1.8,1.75,74700,1.8,49800,0,3751600
PNB30Jan2065CE.NFO,07/01/2020,09:24:44,1.8,1.75,41500,1.8,74700,0,3751600
PNB30Jan2065CE.NFO,07/01/2020,09:24:50,1.75,1.7,66400,1.75,8300,24900,3751600
PNB30Jan2065CE.NFO,07/01/2020,09:24:56,1.75,1.7,83000,1.8,91300,8300,3751600
PNB30Jan2065CE.NFO,07/01/2020,09:25:03,1.75,1.7,41500,1.75,33200,0,3751600
PNB30Jan2065CE.NFO,07/01/2020,09:25:10,1.75,1.7,41500,1.75,41500,0,3751600
PNB30Jan2065CE.NFO,07/01/2020,09:25:18,1.75,1.7,41500,1.75,33200,0,3751600
PNB30Jan2065CE.NFO,07/01/2020,09:25:31,1.7,1.7,24900,1.75,41500,8300,3751600
PNB30Jan2065CE.NFO,07/01/2020,09:25:39,1.7,1.65,66400,1.75,83000,24900,3751600
PNB30Jan2065CE.NFO,07/01/2020,09:25:46,1.7,1.65,83000,1.7,49800,0,3751600
PNB30Jan2065CE.NFO,07/01/2020,09:26:01,1.7,1.65,66400,1.7,66400,16600,3751600
PNB30Jan2065CE.NFO,07/01/2020,09:26:24,1.7,1.65,83000,1.7,41500,0,3751600
PNB30Jan2065CE.NFO,07/01/2020,09:26:30,1.7,1.7,8300,1.75,66400,24900,3809700
PNB30Jan2065CE.NFO,07/01/2020,09:26:37,1.7,1.7,16600,1.75,49800,0,3809700
PNB30Jan2065CE.NFO,07/01/2020,09:26:43,1.7,1.7,8300,1.75,41500,24900,3809700
PNB30Jan2065CE.NFO,07/01/2020,09:26:50,1.7,1.7,8300,1.75,58100,0,3809700
PNB30Jan2065CE.NFO,07/01/2020,09:27:01,1.7,1.7,8300,1.75,49800,0,3809700
PNB30Jan2065CE.NFO,07/01/2020,09:27:11,1.7,1.7,16600,1.75,49800,0,3809700
PNB30Jan2065CE.NFO,07/01/2020,09:27:17,1.7,1.7,16600,1.75,49800,8300,3809700
PNB30Jan2065CE.NFO,07/01/2020,09:27:24,1.75,1.7,16600,1.75,41500,8300,3809700
PNB30Jan2065CE.NFO,07/01/2020,09:27:36,1.75,1.7,41500,1.75,41500,0,3809700
PNB30Jan2065CE.NFO,07/01/2020,09:27:42,1.75,1.7,49800,1.75,41500,0,3809700
PNB30Jan2065CE.NFO,07/01/2020,09:27:57,1.75,1.7,33200,1.75,41500,0,3809700
PNB30Jan2065CE.NFO,07/01/2020,09:28:11,1.7,1.65,149400,1.75,41500,8300,3809700
PNB30Jan2065CE.NFO,07/01/2020,09:28:25,1.7,1.65,132800,1.7,8300,8300,3809700
PNB30Jan2065CE.NFO,07/01/2020,09:28:31,1.7,1.65,141100,1.7,16600,0,3809700
PNB30Jan2065CE.NFO,07/01/2020,09:28:37,1.7,1.7,8300,1.75,49800,16600,3809700
PNB30Jan2065CE.NFO,07/01/2020,09:28:48,1.7,1.7,16600,1.75,74700,0,3809700
PNB30Jan2065CE.NFO,07/01/2020,09:28:54,1.7,1.7,8300,1.75,58100,8300,3809700
PNB30Jan2065CE.NFO,07/01/2020,09:29:00,1.7,1.7,8300,1.75,49800,8300,3809700
PNB30Jan2065CE.NFO,07/01/2020,09:29:06,1.7,1.7,8300,1.75,33200,8300,3809700
PNB30Jan2065CE.NFO,07/01/2020,09:29:12,1.7,1.7,16600,1.75,41500,8300,3809700
PNB30Jan2065CE.NFO,07/01/2020,09:29:31,1.7,1.7,24900,1.75,49800,0,3809700
PNB30Jan2065CE.NFO,07/01/2020,09:29:37,1.7,1.7,16600,1.75,66400,0,3809700
PNB30Jan2065CE.NFO,07/01/2020,09:29:43,1.7,1.7,8300,1.75,66400,8300,3826300
PNB30Jan2065CE.NFO,07/01/2020,09:29:55,1.7,1.7,8300,1.75,66400,8300,3826300
PNB30Jan2065CE.NFO,07/01/2020,09:29:59,1.7,1.7,8300,1.75,58100,0,3826300
PNB30Jan2065CE.NFO,07/01/2020,09:30:05,1.7,1.7,16600,1.75,66400,0,3826300
PNB30Jan2065CE.NFO,07/01/2020,09:30:44,1.7,1.7,16600,1.75,58100,0,3826300
PNB30Jan2065CE.NFO,07/01/2020,09:31:10,1.7,1.7,8300,1.75,49800,8300,3826300
PNB30Jan2065CE.NFO,07/01/2020,09:31:17,1.7,1.7,16600,1.75,41500,0,3826300
PNB30Jan2065CE.NFO,07/01/2020,09:31:51,1.7,1.7,16600,1.75,41500,8300,3826300
PNB30Jan2065CE.NFO,07/01/2020,09:31:56,1.7,1.7,8300,1.75,49800,0,3826300
PNB30Jan2065CE.NFO,07/01/2020,09:32:02,1.7,1.65,141100,1.75,58100,0,3826300
PNB30Jan2065CE.NFO,07/01/2020,09:32:09,1.7,1.65,141100,1.75,49800,0,3826300
PNB30Jan2065CE.NFO,07/01/2020,09:32:30,1.7,1.65,157700,1.75,41500,0,3826300
PNB30Jan2065CE.NFO,07/01/2020,09:32:36,1.7,1.65,174300,1.75,41500,0,3826300
PNB30Jan2065CE.NFO,07/01/2020,09:32:42,1.7,1.7,16600,1.75,41500,0,3826300
PNB30Jan2065CE.NFO,07/01/2020,09:32:48,1.7,1.7,66400,1.75,49800,0,3826300
PNB30Jan2065CE.NFO,07/01/2020,09:32:54,1.7,1.7,74700,1.75,49800,0,3826300
PNB30Jan2065CE.NFO,07/01/2020,09:33:06,1.7,1.7,8300,1.75,66400,0,3826300
PNB30Jan2065CE.NFO,07/01/2020,09:33:12,1.7,1.7,33200,1.75,58100,0,3826300
PNB30Jan2065CE.NFO,07/01/2020,09:33:25,1.7,1.7,58100,1.75,41500,0,3826300
PNB30Jan2065CE.NFO,07/01/2020,09:33:31,1.7,1.7,74700,1.75,41500,0,3826300
PNB30Jan2065CE.NFO,07/01/2020,09:34:09,1.7,1.7,58100,1.75,49800,0,3826300
PNB30Jan2065CE.NFO,07/01/2020,09:34:15,1.7,1.7,58100,1.75,41500,0,3826300
PNB30Jan2065CE.NFO,07/01/2020,09:34:20,1.7,1.7,66400,1.75,41500,0,3826300
PNB30Jan2065CE.NFO,07/01/2020,09:34:27,1.7,1.7,74700,1.75,49800,0,3826300
PNB30Jan2065CE.NFO,07/01/2020,09:34:33,1.7,1.7,66400,1.75,49800,0,3826300
PNB30Jan2065CE.NFO,07/01/2020,09:35:13,1.7,1.7,66400,1.75,41500,0,3826300
PNB30Jan2065CE.NFO,07/01/2020,09:35:35,1.7,1.65,41500,1.7,41500,58100,3851200
PNB30Jan2065CE.NFO,07/01/2020,09:35:42,1.6,1.55,132800,1.6,16600,91300,3851200
PNB30Jan2065CE.NFO,07/01/2020,09:35:50,1.55,1.55,8300,1.6,41500,33200,3851200
PNB30Jan2065CE.NFO,07/01/2020,09:35:58,1.6,1.6,49800,1.65,66400,41500,3851200
PNB30Jan2065CE.NFO,07/01/2020,09:36:05,1.6,1.6,41500,1.65,66400,8300,3851200
PNB30Jan2065CE.NFO,07/01/2020,09:36:17,1.65,1.65,8300,1.7,58100,74700,3851200
PNB30Jan2065CE.NFO,07/01/2020,09:36:23,1.65,1.65,33200,1.7,58100,0,3851200
PNB30Jan2065CE.NFO,07/01/2020,09:36:29,1.65,1.6,174300,1.7,74700,0,3851200
PNB30Jan2065CE.NFO,07/01/2020,09:36:34,1.65,1.65,16600,1.7,58100,8300,3851200
PNB30Jan2065CE.NFO,07/01/2020,09:36:40,1.65,1.65,16600,1.7,49800,0,3851200
PNB30Jan2065CE.NFO,07/01/2020,09:36:45,1.65,1.65,16600,1.7,58100,0,3851200
PNB30Jan2065CE.NFO,07/01/2020,09:36:51,1.65,1.65,58100,1.7,49800,0,3851200
PNB30Jan2065CE.NFO,07/01/2020,09:36:56,1.65,1.65,58100,1.7,41500,0,3851200
PNB30Jan2065CE.NFO,07/01/2020,09:37:02,1.65,1.65,66400,1.7,41500,0,3851200
PNB30Jan2065CE.NFO,07/01/2020,09:37:07,1.65,1.65,24900,1.7,41500,0,3851200
PNB30Jan2065CE.NFO,07/01/2020,09:37:13,1.65,1.65,24900,1.7,49800,0,3851200
PNB30Jan2065CE.NFO,07/01/2020,09:37:23,1.65,1.65,49800,1.7,41500,0,3851200
PNB30Jan2065CE.NFO,07/01/2020,09:37:33,1.65,1.65,58100,1.7,49800,0,3851200
PNB30Jan2065CE.NFO,07/01/2020,09:37:43,1.65,1.65,66400,1.7,49800,0,3851200
PNB30Jan2065CE.NFO,07/01/2020,09:37:57,1.65,1.65,49800,1.7,49800,0,3851200
PNB30Jan2065CE.NFO,07/01/2020,09:38:02,1.65,1.65,66400,1.7,49800,0,3851200
PNB30Jan2065CE.NFO,07/01/2020,09:38:13,1.65,1.65,83000,1.7,58100,0,3851200
PNB30Jan2065CE.NFO,07/01/2020,09:38:28,1.65,1.65,74700,1.7,58100,0,3851200
PNB30Jan2065CE.NFO,07/01/2020,09:38:41,1.7,1.65,99600,1.7,8300,33200,4008900
PNB30Jan2065CE.NFO,07/01/2020,09:38:46,1.7,1.65,74700,1.7,8300,24900,4008900
PNB30Jan2065CE.NFO,07/01/2020,09:38:52,1.65,1.65,74700,1.7,16600,8300,4008900
PNB30Jan2065CE.NFO,07/01/2020,09:38:57,1.65,1.65,83000,1.7,49800,0,4008900
PNB30Jan2065CE.NFO,07/01/2020,09:39:02,1.65,1.65,83000,1.7,74700,0,4008900
PNB30Jan2065CE.NFO,07/01/2020,09:39:17,1.65,1.65,116200,1.7,58100,0,4008900
PNB30Jan2065CE.NFO,07/01/2020,09:39:23,1.65,1.65,99600,1.7,58100,0,4008900
PNB30Jan2065CE.NFO,07/01/2020,09:39:33,1.65,1.65,91300,1.7,58100,24900,4008900
PNB30Jan2065CE.NFO,07/01/2020,09:39:38,1.65,1.65,83000,1.7,66400,0,4008900
PNB30Jan2065CE.NFO,07/01/2020,09:39:43,1.65,1.65,66400,1.7,74700,0,4008900
PNB30Jan2065CE.NFO,07/01/2020,09:40:05,1.65,1.65,83000,1.7,83000,0,4008900
PNB30Jan2065CE.NFO,07/01/2020,09:40:17,1.65,1.65,74700,1.7,83000,0,4008900
PNB30Jan2065CE.NFO,07/01/2020,09:40:23,1.7,1.65,74700,1.7,66400,8300,4008900
PNB30Jan2065CE.NFO,07/01/2020,09:40:29,1.7,1.65,66400,1.7,66400,0,4008900
PNB30Jan2065CE.NFO,07/01/2020,09:40:46,1.7,1.65,66400,1.7,74700,0,4008900
PNB30Jan2065CE.NFO,07/01/2020,09:40:51,1.7,1.7,8300,1.75,41500,74700,4008900
PNB30Jan2065CE.NFO,07/01/2020,09:40:56,1.7,1.7,49800,1.75,33200,0,4008900
PNB30Jan2065CE.NFO,07/01/2020,09:41:02,1.7,1.7,33200,1.75,58100,0,4008900
PNB30Jan2065CE.NFO,07/01/2020,09:41:08,1.7,1.7,49800,1.75,49800,0,4008900
PNB30Jan2065CE.NFO,07/01/2020,09:41:13,1.7,1.7,41500,1.75,24900,0,4008900
PNB30Jan2065CE.NFO,07/01/2020,09:41:18,1.7,1.7,49800,1.75,33200,0,4008900
PNB30Jan2065CE.NFO,07/01/2020,09:41:23,1.75,1.7,41500,1.75,24900,8300,3942500
PNB30Jan2065CE.NFO,07/01/2020,09:41:29,1.75,1.7,41500,1.75,24900,0,3942500
PNB30Jan2065CE.NFO,07/01/2020,09:41:34,1.75,1.7,41500,1.75,33200,0,3942500
PNB30Jan2065CE.NFO,07/01/2020,09:41:43,1.75,1.7,49800,1.75,49800,0,3942500
PNB30Jan2065CE.NFO,07/01/2020,09:41:48,1.75,1.7,83000,1.8,99600,33200,3942500
PNB30Jan2065CE.NFO,07/01/2020,09:41:55,1.75,1.7,91300,1.75,8300,0,3942500
PNB30Jan2065CE.NFO,07/01/2020,09:42:02,1.75,1.7,107900,1.8,116200,8300,3942500
PNB30Jan2065CE.NFO,07/01/2020,09:42:10,1.75,1.7,66400,1.75,8300,0,3942500
PNB30Jan2065CE.NFO,07/01/2020,09:42:17,1.75,1.7,49800,1.75,16600,0,3942500
PNB30Jan2065CE.NFO,07/01/2020,09:42:30,1.75,1.7,132800,1.8,116200,0,3942500
PNB30Jan2065CE.NFO,07/01/2020,09:42:44,1.75,1.7,91300,1.8,116200,0,3942500
PNB30Jan2065CE.NFO,07/01/2020,09:42:51,1.75,1.7,83000,1.75,24900,0,3942500
PNB30Jan2065CE.NFO,07/01/2020,09:43:03,1.75,1.7,41500,1.75,83000,0,3942500
PNB30Jan2065CE.NFO,07/01/2020,09:43:09,1.7,1.65,91300,1.75,91300,16600,3942500
PNB30Jan2065CE.NFO,07/01/2020,09:43:18,1.7,1.65,91300,1.75,91300,8300,3942500
PNB30Jan2065CE.NFO,07/01/2020,09:43:24,1.7,1.7,24900,1.75,58100,0,3942500
PNB30Jan2065CE.NFO,07/01/2020,09:43:34,1.7,1.65,83000,1.75,83000,0,3942500
PNB30Jan2065CE.NFO,07/01/2020,09:43:39,1.7,1.7,8300,1.75,66400,0,3942500
PNB30Jan2065CE.NFO,07/01/2020,09:43:44,1.7,1.65,91300,1.75,66400,0,3942500
PNB30Jan2065CE.NFO,07/01/2020,09:43:50,1.7,1.7,8300,1.75,74700,0,3942500
PNB30Jan2065CE.NFO,07/01/2020,09:43:55,1.7,1.65,83000,1.75,66400,8300,3942500
PNB30Jan2065CE.NFO,07/01/2020,09:44:00,1.7,1.65,83000,1.75,66400,0,3942500
PNB30Jan2065CE.NFO,07/01/2020,09:44:06,1.7,1.7,16600,1.75,83000,8300,3942500
PNB30Jan2065CE.NFO,07/01/2020,09:44:12,1.7,1.7,24900,1.75,74700,0,3942500
PNB30Jan2065CE.NFO,07/01/2020,09:44:24,1.7,1.7,16600,1.75,74700,0,3942500
PNB30Jan2065CE.NFO,07/01/2020,09:44:43,1.7,1.7,16600,1.75,83000,0,3942500
PNB30Jan2065CE.NFO,07/01/2020,09:44:48,1.7,1.7,16600,1.75,74700,0,3942500
PNB30Jan2065CE.NFO,07/01/2020,09:44:53,1.7,1.7,16600,1.75,83000,0,3942500
PNB30Jan2065CE.NFO,07/01/2020,09:44:58,1.7,1.7,16600,1.75,74700,0,3942500
PNB30Jan2065CE.NFO,07/01/2020,09:45:11,1.7,1.7,33200,1.75,74700,0,3942500
PNB30Jan2065CE.NFO,07/01/2020,09:45:18,1.7,1.7,24900,1.75,49800,0,3942500
PNB30Jan2065CE.NFO,07/01/2020,09:45:31,1.75,1.7,107900,1.8,107900,41500,3925900
PNB30Jan2065CE.NFO,07/01/2020,09:45:36,1.75,1.75,24900,1.8,107900,0,3925900
PNB30Jan2065CE.NFO,07/01/2020,09:45:42,1.75,1.7,91300,1.8,107900,0,3925900
PNB30Jan2065CE.NFO,07/01/2020,09:45:47,1.75,1.7,107900,1.8,99600,0,3925900
PNB30Jan2065CE.NFO,07/01/2020,09:45:53,1.75,1.75,24900,1.8,190900,0,3925900
PNB30Jan2065CE.NFO,07/01/2020,09:45:58,1.75,1.7,91300,1.8,207500,0,3925900
PNB30Jan2065CE.NFO,07/01/2020,09:46:04,1.75,1.7,83000,1.8,132800,0,3925900
PNB30Jan2065CE.NFO,07/01/2020,09:46:14,1.75,1.7,83000,1.8,132800,8300,3925900
PNB30Jan2065CE.NFO,07/01/2020,09:46:19,1.75,1.7,83000,1.8,132800,0,3925900
PNB30Jan2065CE.NFO,07/01/2020,09:46:25,1.75,1.75,49800,1.8,116200,0,3925900
PNB30Jan2065CE.NFO,07/01/2020,09:46:30,1.75,1.75,49800,1.8,124500,0,3925900
PNB30Jan2065CE.NFO,07/01/2020,09:46:37,1.75,1.75,58100,1.8,107900,0,3925900
PNB30Jan2065CE.NFO,07/01/2020,09:46:43,1.75,1.75,58100,1.8,116200,0,3925900
PNB30Jan2065CE.NFO,07/01/2020,09:46:53,1.75,1.75,58100,1.8,124500,0,3925900
PNB30Jan2065CE.NFO,07/01/2020,09:46:59,1.75,1.75,124500,1.8,74700,0,3925900
PNB30Jan2065CE.NFO,07/01/2020,09:47:13,1.75,1.75,116200,1.8,74700,0,3925900
PNB30Jan2065CE.NFO,07/01/2020,09:47:18,1.75,1.75,107900,1.8,74700,8300,3925900
PNB30Jan2065CE.NFO,07/01/2020,09:47:23,1.75,1.75,107900,1.8,74700,0,3925900
PNB30Jan2065CE.NFO,07/01/2020,09:47:28,1.75,1.75,116200,1.8,74700,0,3925900
PNB30Jan2065CE.NFO,07/01/2020,09:47:41,1.75,1.75,107900,1.8,74700,8300,3925900
PNB30Jan2065CE.NFO,07/01/2020,09:47:45,1.75,1.75,107900,1.8,74700,0,3925900
PNB30Jan2065CE.NFO,07/01/2020,09:47:54,1.75,1.75,107900,1.8,83000,0,3925900
PNB30Jan2065CE.NFO,07/01/2020,09:48:09,1.75,1.75,116200,1.8,83000,0,3925900
PNB30Jan2065CE.NFO,07/01/2020,09:48:13,1.75,1.75,107900,1.8,83000,0,3925900
PNB30Jan2065CE.NFO,07/01/2020,09:48:23,1.75,1.75,116200,1.8,83000,0,3925900
PNB30Jan2065CE.NFO,07/01/2020,09:48:29,1.75,1.75,107900,1.8,83000,0,3925900
PNB30Jan2065CE.NFO,07/01/2020,09:48:35,1.75,1.75,99600,1.8,83000,0,3925900
PNB30Jan2065CE.NFO,07/01/2020,09:48:41,1.75,1.7,116200,1.8,157700,41500,3925900
PNB30Jan2065CE.NFO,07/01/2020,09:48:47,1.75,1.75,24900,1.8,157700,0,3925900
PNB30Jan2065CE.NFO,07/01/2020,09:48:53,1.75,1.75,24900,1.8,149400,0,3925900
PNB30Jan2065CE.NFO,07/01/2020,09:48:59,1.75,1.75,8300,1.8,157700,8300,3925900
PNB30Jan2065CE.NFO,07/01/2020,09:49:06,1.75,1.7,107900,1.8,157700,8300,3925900
PNB30Jan2065CE.NFO,07/01/2020,09:49:12,1.75,1.7,99600,1.75,33200,0,3925900
PNB30Jan2065CE.NFO,07/01/2020,09:49:28,1.75,1.7,41500,1.75,74700,0,3925900
PNB30Jan2065CE.NFO,07/01/2020,09:49:34,1.75,1.7,41500,1.75,83000,0,3925900
PNB30Jan2065CE.NFO,07/01/2020,09:49:39,1.75,1.7,49800,1.75,83000,0,3925900
PNB30Jan2065CE.NFO,07/01/2020,09:49:45,1.75,1.7,66400,1.75,83000,0,3925900
PNB30Jan2065CE.NFO,07/01/2020,09:50:09,1.75,1.7,74700,1.75,83000,0,3925900
PNB30Jan2065CE.NFO,07/01/2020,09:50:15,1.75,1.7,99600,1.75,49800,8300,3925900
PNB30Jan2065CE.NFO,07/01/2020,09:50:20,1.75,1.7,91300,1.75,83000,0,3925900
PNB30Jan2065CE.NFO,07/01/2020,09:50:25,1.75,1.7,116200,1.75,41500,0,3925900
PNB30Jan2065CE.NFO,07/01/2020,09:50:33,1.75,1.7,99600,1.75,41500,0,3925900
PNB30Jan2065CE.NFO,07/01/2020,09:50:37,1.75,1.7,107900,1.75,41500,0,3925900
PNB30Jan2065CE.NFO,07/01/2020,09:50:47,1.7,1.7,8300,1.75,141100,41500,3934200
PNB30Jan2065CE.NFO,07/01/2020,09:50:52,1.7,1.65,116200,1.75,132800,0,3934200
PNB30Jan2065CE.NFO,07/01/2020,09:50:57,1.7,1.7,8300,1.75,141100,0,3934200
PNB30Jan2065CE.NFO,07/01/2020,09:51:02,1.7,1.7,8300,1.75,132800,0,3934200
PNB30Jan2065CE.NFO,07/01/2020,09:51:07,1.7,1.65,107900,1.75,166000,8300,3934200
PNB30Jan2065CE.NFO,07/01/2020,09:51:13,1.7,1.65,116200,1.75,157700,0,3934200
PNB30Jan2065CE.NFO,07/01/2020,09:51:21,1.7,1.65,116200,1.75,149400,0,3934200
PNB30Jan2065CE.NFO,07/01/2020,09:51:30,1.7,1.65,116200,1.7,16600,0,3934200
PNB30Jan2065CE.NFO,07/01/2020,09:51:48,1.7,1.65,116200,1.75,207500,16600,3934200
PNB30Jan2065CE.NFO,07/01/2020,09:51:53,1.7,1.7,33200,1.75,182600,0,3934200
PNB30Jan2065CE.NFO,07/01/2020,09:51:58,1.7,1.65,99600,1.75,240700,33200,3934200
PNB30Jan2065CE.NFO,07/01/2020,09:52:02,1.7,1.65,99600,1.7,33200,0,3934200
PNB30Jan2065CE.NFO,07/01/2020,09:52:07,1.7,1.65,16600,1.7,66400,0,3934200
PNB30Jan2065CE.NFO,07/01/2020,09:52:13,1.65,1.65,8300,1.7,83000,24900,3934200
PNB30Jan2065CE.NFO,07/01/2020,09:52:18,1.65,1.65,16600,1.7,74700,0,3934200
PNB30Jan2065CE.NFO,07/01/2020,09:52:22,1.65,1.6,199200,1.7,83000,0,3934200
PNB30Jan2065CE.NFO,07/01/2020,09:52:28,1.65,1.6,199200,1.7,149400,0,3934200
PNB30Jan2065CE.NFO,07/01/2020,09:52:34,1.65,1.6,157700,1.65,8300,0,3934200
PNB30Jan2065CE.NFO,07/01/2020,09:52:38,1.65,1.6,166000,1.65,8300,0,3934200
PNB30Jan2065CE.NFO,07/01/2020,09:52:42,1.65,1.6,149400,1.7,249000,0,3934200
PNB30Jan2065CE.NFO,07/01/2020,09:52:56,1.65,1.6,174300,1.7,232400,0,3934200
PNB30Jan2065CE.NFO,07/01/2020,09:53:01,1.65,1.6,174300,1.7,240700,0,3934200
PNB30Jan2065CE.NFO,07/01/2020,09:53:07,1.65,1.6,91300,1.65,91300,0,3934200
PNB30Jan2065CE.NFO,07/01/2020,09:53:14,1.6,1.6,58100,1.65,91300,33200,3934200
PNB30Jan2065CE.NFO,07/01/2020,09:53:19,1.6,1.6,58100,1.65,91300,0,3934200
PNB30Jan2065CE.NFO,07/01/2020,09:53:24,1.6,1.6,66400,1.65,91300,0,3934200
PNB30Jan2065CE.NFO,07/01/2020,09:53:29,1.6,1.6,66400,1.65,99600,0,3934200
PNB30Jan2065CE.NFO,07/01/2020,09:53:39,1.6,1.6,99600,1.65,58100,0,3934200
PNB30Jan2065CE.NFO,07/01/2020,09:53:44,1.6,1.6,74700,1.65,99600,0,3934200
PNB30Jan2065CE.NFO,07/01/2020,09:53:59,1.6,1.6,124500,1.65,66400,0,3934200
PNB30Jan2065CE.NFO,07/01/2020,09:54:04,1.6,1.6,149400,1.65,49800,0,3934200
PNB30Jan2065CE.NFO,07/01/2020,09:54:09,1.6,1.6,141100,1.65,49800,0,3934200
PNB30Jan2065CE.NFO,07/01/2020,09:54:15,1.6,1.6,107900,1.65,99600,0,3934200
PNB30Jan2065CE.NFO,07/01/2020,09:54:20,1.6,1.6,116200,1.65,99600,0,3934200
PNB30Jan2065CE.NFO,07/01/2020,09:54:25,1.6,1.6,116200,1.65,66400,0,3934200
PNB30Jan2065CE.NFO,07/01/2020,09:54:31,1.6,1.6,116200,1.65,99600,0,3934200
PNB30Jan2065CE.NFO,07/01/2020,09:54:45,1.6,1.6,124500,1.65,99600,0,3934200
PNB30Jan2065CE.NFO,07/01/2020,09:55:06,1.6,1.6,149400,1.65,58100,0,3934200
PNB30Jan2065CE.NFO,07/01/2020,09:55:12,1.6,1.6,66400,1.65,58100,83000,3975700
PNB30Jan2065CE.NFO,07/01/2020,09:55:18,1.6,1.6,66400,1.65,66400,0,3975700
PNB30Jan2065CE.NFO,07/01/2020,09:55:23,1.6,1.55,174300,1.65,116200,41500,3975700
PNB30Jan2065CE.NFO,07/01/2020,09:55:29,1.6,1.55,174300,1.65,124500,0,3975700
PNB30Jan2065CE.NFO,07/01/2020,09:55:34,1.6,1.55,174300,1.65,132800,0,3975700
PNB30Jan2065CE.NFO,07/01/2020,09:55:39,1.6,1.55,157700,1.6,16600,0,3975700
PNB30Jan2065CE.NFO,07/01/2020,09:55:44,1.6,1.55,174300,1.65,99600,16600,3975700
PNB30Jan2065CE.NFO,07/01/2020,09:55:48,1.6,1.6,8300,1.65,107900,0,3975700
PNB30Jan2065CE.NFO,07/01/2020,09:55:56,1.6,1.55,132800,1.6,8300,0,3975700
PNB30Jan2065CE.NFO,07/01/2020,09:56:01,1.6,1.55,141100,1.65,124500,0,3975700
PNB30Jan2065CE.NFO,07/01/2020,09:56:06,1.6,1.55,49800,1.6,49800,0,3975700
PNB30Jan2065CE.NFO,07/01/2020,09:56:13,1.6,1.55,99600,1.6,16600,8300,3975700
PNB30Jan2065CE.NFO,07/01/2020,09:56:20,1.6,1.55,99600,1.6,16600,0,3975700
PNB30Jan2065CE.NFO,07/01/2020,09:56:26,1.6,1.55,58100,1.6,16600,0,3975700
PNB30Jan2065CE.NFO,07/01/2020,09:56:32,1.6,1.55,49800,1.6,16600,0,3975700
PNB30Jan2065CE.NFO,07/01/2020,09:56:43,1.6,1.55,49800,1.65,141100,8300,3925900
PNB30Jan2065CE.NFO,07/01/2020,09:56:47,1.55,1.55,33200,1.6,24900,24900,3925900
PNB30Jan2065CE.NFO,07/01/2020,09:56:51,1.55,1.55,41500,1.6,24900,0,3925900
PNB30Jan2065CE.NFO,07/01/2020,09:56:56,1.55,1.55,41500,1.6,33200,0,3925900
PNB30Jan2065CE.NFO,07/01/2020,09:57:00,1.55,1.55,33200,1.6,33200,0,3925900
PNB30Jan2065CE.NFO,07/01/2020,09:57:05,1.55,1.55,33200,1.6,49800,0,3925900
PNB30Jan2065CE.NFO,07/01/2020,09:57:09,1.55,1.55,74700,1.6,41500,0,3925900
PNB30Jan2065CE.NFO,07/01/2020,09:57:14,1.55,1.55,33200,1.6,49800,0,3925900
PNB30Jan2065CE.NFO,07/01/2020,09:57:20,1.6,1.55,41500,1.6,33200,8300,3925900
PNB30Jan2065CE.NFO,07/01/2020,09:57:31,1.55,1.55,107900,1.6,33200,8300,3925900
PNB30Jan2065CE.NFO,07/01/2020,09:57:45,1.55,1.55,124500,1.6,16600,0,3925900
PNB30Jan2065CE.NFO,07/01/2020,09:57:49,1.6,1.55,132800,1.6,16600,8300,3925900
PNB30Jan2065CE.NFO,07/01/2020,09:57:53,1.6,1.55,124500,1.6,16600,8300,3925900
PNB30Jan2065CE.NFO,07/01/2020,09:57:58,1.6,1.55,124500,1.6,16600,0,3925900
PNB30Jan2065CE.NFO,07/01/2020,09:58:08,1.6,1.55,132800,1.6,16600,0,3925900
PNB30Jan2065CE.NFO,07/01/2020,09:58:24,1.6,1.55,132800,1.6,8300,8300,3925900
PNB30Jan2065CE.NFO,07/01/2020,09:58:29,1.6,1.55,132800,1.6,8300,0,3925900
PNB30Jan2065CE.NFO,07/01/2020,09:58:33,1.6,1.55,141100,1.6,8300,0,3925900
PNB30Jan2065CE.NFO,07/01/2020,09:58:42,1.55,1.55,116200,1.6,16600,8300,3925900
PNB30Jan2065CE.NFO,07/01/2020,09:58:47,1.55,1.55,116200,1.6,16600,0,3925900
PNB30Jan2065CE.NFO,07/01/2020,09:58:53,1.55,1.55,124500,1.6,16600,0,3925900
PNB30Jan2065CE.NFO,07/01/2020,09:58:59,1.55,1.55,116200,1.6,16600,0,3925900
PNB30Jan2065CE.NFO,07/01/2020,09:59:05,1.55,1.55,116200,1.6,16600,8300,3925900
PNB30Jan2065CE.NFO,07/01/2020,09:59:11,1.55,1.55,107900,1.6,16600,0,3925900
PNB30Jan2065CE.NFO,07/01/2020,09:59:17,1.55,1.55,107900,1.6,24900,8300,3925900
PNB30Jan2065CE.NFO,07/01/2020,09:59:22,1.55,1.55,24900,1.6,66400,16600,3959100
PNB30Jan2065CE.NFO,07/01/2020,09:59:28,1.55,1.55,33200,1.6,33200,0,3959100
PNB30Jan2065CE.NFO,07/01/2020,09:59:33,1.55,1.55,41500,1.6,33200,0,3959100
PNB30Jan2065CE.NFO,07/01/2020,09:59:38,1.55,1.55,99600,1.6,24900,0,3959100
PNB30Jan2065CE.NFO,07/01/2020,09:59:43,1.55,1.55,91300,1.6,33200,8300,3959100
PNB30Jan2065CE.NFO,07/01/2020,09:59:48,1.55,1.55,66400,1.6,33200,0,3959100
PNB30Jan2065CE.NFO,07/01/2020,09:59:52,1.55,1.55,58100,1.6,33200,8300,3959100
PNB30Jan2065CE.NFO,07/01/2020,09:59:56,1.55,1.55,33200,1.6,33200,16600,3959100
PNB30Jan2065CE.NFO,07/01/2020,10:00:00,1.55,1.55,33200,1.6,33200,0,3959100
PNB30Jan2065CE.NFO,07/01/2020,10:00:08,1.55,1.55,16600,1.6,91300,8300,3959100
PNB30Jan2065CE.NFO,07/01/2020,10:00:12,1.55,1.55,8300,1.6,83000,0,3959100
PNB30Jan2065CE.NFO,07/01/2020,10:00:20,1.55,1.55,8300,1.6,99600,8300,3959100
PNB30Jan2065CE.NFO,07/01/2020,10:00:26,1.55,1.5,249000,1.6,124500,8300,3959100
PNB30Jan2065CE.NFO,07/01/2020,10:00:40,1.55,1.5,257300,1.6,132800,0,3959100
PNB30Jan2065CE.NFO,07/01/2020,10:00:46,1.55,1.5,215800,1.55,41500,0,3959100
PNB30Jan2065CE.NFO,07/01/2020,10:00:53,1.5,1.5,149400,1.55,107900,8300,3959100
PNB30Jan2065CE.NFO,07/01/2020,10:00:59,1.5,1.5,149400,1.55,107900,0,3959100
PNB30Jan2065CE.NFO,07/01/2020,10:01:05,1.55,1.5,190900,1.6,149400,33200,3959100
PNB30Jan2065CE.NFO,07/01/2020,10:01:11,1.55,1.5,157700,1.55,41500,0,3959100
PNB30Jan2065CE.NFO,07/01/2020,10:01:18,1.55,1.5,182600,1.6,132800,24900,3959100
PNB30Jan2065CE.NFO,07/01/2020,10:01:25,1.55,1.5,166000,1.6,141100,8300,3959100
PNB30Jan2065CE.NFO,07/01/2020,10:01:31,1.55,1.5,174300,1.55,74700,0,3959100
PNB30Jan2065CE.NFO,07/01/2020,10:01:42,1.55,1.5,174300,1.55,58100,0,3959100
PNB30Jan2065CE.NFO,07/01/2020,10:01:47,1.55,1.5,190900,1.6,99600,24900,3959100
PNB30Jan2065CE.NFO,07/01/2020,10:01:54,1.55,1.5,215800,1.55,33200,0,3959100
PNB30Jan2065CE.NFO,07/01/2020,10:02:00,1.55,1.5,174300,1.55,33200,0,3959100
PNB30Jan2065CE.NFO,07/01/2020,10:02:05,1.55,1.5,207500,1.6,58100,24900,3959100
PNB30Jan2065CE.NFO,07/01/2020,10:02:10,1.6,1.55,41500,1.6,33200,8300,3959100
PNB30Jan2065CE.NFO,07/01/2020,10:02:16,1.6,1.55,49800,1.6,24900,8300,3959100
PNB30Jan2065CE.NFO,07/01/2020,10:02:20,1.6,1.55,74700,1.6,16600,16600,3959100
PNB30Jan2065CE.NFO,07/01/2020,10:02:26,1.6,1.55,74700,1.6,16600,0,3959100
PNB30Jan2065CE.NFO,07/01/2020,10:02:31,1.6,1.55,91300,1.6,16600,0,3959100
PNB30Jan2065CE.NFO,07/01/2020,10:02:41,1.6,1.55,83000,1.65,66400,0,3959100
PNB30Jan2065CE.NFO,07/01/2020,10:02:46,1.6,1.55,91300,1.65,66400,0,3959100
PNB30Jan2065CE.NFO,07/01/2020,10:02:51,1.6,1.55,99600,1.65,66400,0,3959100
PNB30Jan2065CE.NFO,07/01/2020,10:02:56,1.6,1.55,107900,1.6,8300,0,3959100
PNB30Jan2065CE.NFO,07/01/2020,10:03:02,1.6,1.55,107900,1.6,16600,0,3959100
PNB30Jan2065CE.NFO,07/01/2020,10:03:07,1.6,1.55,116200,1.6,16600,0,3959100
PNB30Jan2065CE.NFO,07/01/2020,10:03:19,1.55,1.55,99600,1.6,41500,8300,4025500
PNB30Jan2065CE.NFO,07/01/2020,10:03:25,1.55,1.55,99600,1.6,41500,0,4025500
PNB30Jan2065CE.NFO,07/01/2020,10:03:30,1.55,1.55,99600,1.6,49800,0,4025500
PNB30Jan2065CE.NFO,07/01/2020,10:03:51,1.55,1.55,107900,1.6,49800,0,4025500
PNB30Jan2065CE.NFO,07/01/2020,10:03:57,1.55,1.55,116200,1.6,49800,0,4025500
PNB30Jan2065CE.NFO,07/01/2020,10:04:08,1.55,1.55,116200,1.6,58100,0,4025500
PNB30Jan2065CE.NFO,07/01/2020,10:04:13,1.55,1.55,107900,1.6,58100,0,4025500
PNB30Jan2065CE.NFO,07/01/2020,10:04:23,1.55,1.55,107900,1.6,49800,0,4025500
PNB30Jan2065CE.NFO,07/01/2020,10:04:34,1.55,1.55,116200,1.6,49800,0,4025500
PNB30Jan2065CE.NFO,07/01/2020,10:04:39,1.55,1.55,107900,1.6,49800,0,4025500
PNB30Jan2065CE.NFO,07/01/2020,10:04:49,1.55,1.55,99600,1.6,49800,0,4025500
PNB30Jan2065CE.NFO,07/01/2020,10:05:30,1.55,1.55,33200,1.6,99600,0,4025500
PNB30Jan2065CE.NFO,07/01/2020,10:05:37,1.55,1.5,232400,1.55,33200,33200,4025500
PNB30Jan2065CE.NFO,07/01/2020,10:05:43,1.55,1.5,232400,1.55,49800,0,4025500
PNB30Jan2065CE.NFO,07/01/2020,10:05:49,1.55,1.5,199200,1.55,66400,0,4025500
PNB30Jan2065CE.NFO,07/01/2020,10:05:55,1.55,1.5,224100,1.55,49800,0,4025500
PNB30Jan2065CE.NFO,07/01/2020,10:06:06,1.55,1.5,199200,1.55,58100,8300,4025500
PNB30Jan2065CE.NFO,07/01/2020,10:06:18,1.55,1.5,232400,1.55,41500,0,4025500
PNB30Jan2065CE.NFO,07/01/2020,10:06:30,1.55,1.5,232400,1.55,58100,0,4025500
PNB30Jan2065CE.NFO,07/01/2020,10:06:45,1.55,1.5,224100,1.55,49800,0,4025500
PNB30Jan2065CE.NFO,07/01/2020,10:06:51,1.55,1.5,215800,1.55,41500,0,4025500
PNB30Jan2065CE.NFO,07/01/2020,10:07:05,1.55,1.5,224100,1.55,16600,8300,4025500
PNB30Jan2065CE.NFO,07/01/2020,10:07:10,1.5,1.5,207500,1.55,41500,16600,4025500
PNB30Jan2065CE.NFO,07/01/2020,10:07:16,1.5,1.5,207500,1.55,41500,0,4025500
PNB30Jan2065CE.NFO,07/01/2020,10:07:52,1.55,1.5,240700,1.6,83000,16600,4025500
PNB30Jan2065CE.NFO,07/01/2020,10:07:58,1.55,1.55,33200,1.6,66400,0,4025500
PNB30Jan2065CE.NFO,07/01/2020,10:08:13,1.55,1.55,41500,1.6,49800,0,4025500
PNB30Jan2065CE.NFO,07/01/2020,10:08:18,1.55,1.55,66400,1.6,41500,0,4025500
PNB30Jan2065CE.NFO,07/01/2020,10:08:24,1.55,1.55,49800,1.6,41500,0,4025500
PNB30Jan2065CE.NFO,07/01/2020,10:08:37,1.55,1.55,107900,1.6,33200,0,4025500
PNB30Jan2065CE.NFO,07/01/2020,10:08:44,1.55,1.55,99600,1.6,33200,0,4025500
PNB30Jan2065CE.NFO,07/01/2020,10:08:49,1.55,1.55,91300,1.6,33200,0,4025500
PNB30Jan2065CE.NFO,07/01/2020,10:08:55,1.55,1.55,83000,1.6,33200,0,4025500
PNB30Jan2065CE.NFO,07/01/2020,10:09:00,1.55,1.55,74700,1.6,33200,0,4025500
PNB30Jan2065CE.NFO,07/01/2020,10:09:11,1.55,1.55,83000,1.6,41500,0,4025500
PNB30Jan2065CE.NFO,07/01/2020,10:09:16,1.55,1.55,16600,1.6,83000,24900,4050400
PNB30Jan2065CE.NFO,07/01/2020,10:09:22,1.55,1.5,240700,1.55,41500,16600,4050400
PNB30Jan2065CE.NFO,07/01/2020,10:09:27,1.55,1.5,240700,1.55,49800,0,4050400
PNB30Jan2065CE.NFO,07/01/2020,10:09:33,1.55,1.5,240700,1.55,58100,0,4050400
PNB30Jan2065CE.NFO,07/01/2020,10:09:38,1.55,1.5,232400,1.55,58100,0,4050400
PNB30Jan2065CE.NFO,07/01/2020,10:09:43,1.55,1.5,224100,1.55,58100,0,4050400
PNB30Jan2065CE.NFO,07/01/2020,10:09:58,1.55,1.5,224100,1.55,49800,0,4050400
PNB30Jan2065CE.NFO,07/01/2020,10:10:05,1.5,1.5,215800,1.55,58100,8300,4050400
PNB30Jan2065CE.NFO,07/01/2020,10:10:12,1.5,1.5,207500,1.55,66400,8300,4050400
PNB30Jan2065CE.NFO,07/01/2020,10:10:23,1.5,1.5,207500,1.55,83000,0,4050400
PNB30Jan2065CE.NFO,07/01/2020,10:10:37,1.5,1.5,215800,1.55,66400,0,4050400
PNB30Jan2065CE.NFO,07/01/2020,10:11:11,1.55,1.55,24900,1.6,107900,66400,4050400
PNB30Jan2065CE.NFO,07/01/2020,10:11:17,1.55,1.55,41500,1.6,107900,8300,4050400
PNB30Jan2065CE.NFO,07/01/2020,10:11:22,1.55,1.55,41500,1.6,91300,0,4050400
PNB30Jan2065CE.NFO,07/01/2020,10:11:27,1.55,1.55,107900,1.6,58100,0,4050400
PNB30Jan2065CE.NFO,07/01/2020,10:11:32,1.55,1.55,107900,1.6,49800,0,4050400
PNB30Jan2065CE.NFO,07/01/2020,10:11:38,1.55,1.55,116200,1.6,24900,0,4050400
PNB30Jan2065CE.NFO,07/01/2020,10:11:50,1.55,1.55,124500,1.6,24900,0,4050400
PNB30Jan2065CE.NFO,07/01/2020,10:12:02,1.55,1.55,124500,1.6,33200,8300,4008900
PNB30Jan2065CE.NFO,07/01/2020,10:12:09,1.55,1.55,124500,1.6,33200,0,4008900
PNB30Jan2065CE.NFO,07/01/2020,10:12:19,1.55,1.55,124500,1.6,41500,0,4008900
PNB30Jan2065CE.NFO,07/01/2020,10:12:24,1.55,1.55,132800,1.6,49800,0,4008900
PNB30Jan2065CE.NFO,07/01/2020,10:12:35,1.55,1.55,157700,1.6,41500,0,4008900
PNB30Jan2065CE.NFO,07/01/2020,10:12:41,1.6,1.55,157700,1.6,8300,33200,4008900
PNB30Jan2065CE.NFO,07/01/2020,10:12:46,1.6,1.55,149400,1.6,8300,0,4008900
PNB30Jan2065CE.NFO,07/01/2020,10:12:51,1.6,1.55,157700,1.6,8300,0,4008900
PNB30Jan2065CE.NFO,07/01/2020,10:13:02,1.6,1.55,149400,1.6,8300,0,4008900
PNB30Jan2065CE.NFO,07/01/2020,10:13:08,1.6,1.55,157700,1.6,16600,0,4008900
PNB30Jan2065CE.NFO,07/01/2020,10:13:14,1.6,1.55,141100,1.6,8300,8300,4008900
PNB30Jan2065CE.NFO,07/01/2020,10:13:21,1.6,1.55,157700,1.6,8300,0,4008900
PNB30Jan2065CE.NFO,07/01/2020,10:13:27,1.6,1.55,149400,1.6,8300,0,4008900
PNB30Jan2065CE.NFO,07/01/2020,10:13:39,1.6,1.55,157700,1.6,8300,0,4008900
PNB30Jan2065CE.NFO,07/01/2020,10:13:44,1.6,1.55,149400,1.65,116200,8300,4008900
PNB30Jan2065CE.NFO,07/01/2020,10:13:50,1.6,1.55,174300,1.65,107900,0,4008900
PNB30Jan2065CE.NFO,07/01/2020,10:13:56,1.6,1.55,174300,1.65,116200,0,4008900
PNB30Jan2065CE.NFO,07/01/2020,10:14:06,1.6,1.6,16600,1.65,99600,0,4008900
PNB30Jan2065CE.NFO,07/01/2020,10:14:12,1.6,1.6,8300,1.65,99600,0,4008900
PNB30Jan2065CE.NFO,07/01/2020,10:14:17,1.6,1.6,8300,1.65,107900,0,4008900
PNB30Jan2065CE.NFO,07/01/2020,10:14:57,1.6,1.6,16600,1.65,74700,0,4008900
PNB30Jan2065CE.NFO,07/01/2020,10:15:03,1.6,1.6,8300,1.65,107900,0,4008900
PNB30Jan2065CE.NFO,07/01/2020,10:15:09,1.6,1.6,8300,1.65,99600,0,4008900
PNB30Jan2065CE.NFO,07/01/2020,10:15:19,1.6,1.6,8300,1.65,91300,0,4008900
PNB30Jan2065CE.NFO,07/01/2020,10:15:35,1.6,1.6,16600,1.65,91300,0,4008900
PNB30Jan2065CE.NFO,07/01/2020,10:15:46,1.6,1.6,16600,1.65,99600,0,4008900
PNB30Jan2065CE.NFO,07/01/2020,10:15:52,1.6,1.55,132800,1.6,16600,8300,3950800
PNB30Jan2065CE.NFO,07/01/2020,10:15:58,1.6,1.55,132800,1.6,58100,0,3950800
PNB30Jan2065CE.NFO,07/01/2020,10:16:16,1.6,1.55,141100,1.6,58100,0,3950800
PNB30Jan2065CE.NFO,07/01/2020,10:16:40,1.6,1.55,49800,1.6,83000,0,3950800
PNB30Jan2065CE.NFO,07/01/2020,10:16:45,1.6,1.55,58100,1.6,91300,0,3950800
PNB30Jan2065CE.NFO,07/01/2020,10:16:54,1.6,1.55,91300,1.6,49800,0,3950800
PNB30Jan2065CE.NFO,07/01/2020,10:17:00,1.6,1.55,99600,1.6,49800,0,3950800
PNB30Jan2065CE.NFO,07/01/2020,10:17:22,1.6,1.55,49800,1.6,74700,0,3950800
PNB30Jan2065CE.NFO,07/01/2020,10:17:32,1.55,1.55,16600,1.6,83000,8300,3959100
PNB30Jan2065CE.NFO,07/01/2020,10:17:37,1.55,1.55,16600,1.6,83000,0,3959100
PNB30Jan2065CE.NFO,07/01/2020,10:17:42,1.55,1.55,16600,1.6,91300,0,3959100
PNB30Jan2065CE.NFO,07/01/2020,10:17:58,1.55,1.55,16600,1.6,83000,0,3959100
PNB30Jan2065CE.NFO,07/01/2020,10:18:02,1.55,1.55,24900,1.6,83000,0,3959100
PNB30Jan2065CE.NFO,07/01/2020,10:18:10,1.55,1.55,33200,1.6,83000,0,3959100
PNB30Jan2065CE.NFO,07/01/2020,10:18:33,1.55,1.55,33200,1.6,66400,0,3959100
PNB30Jan2065CE.NFO,07/01/2020,10:18:38,1.55,1.55,49800,1.6,66400,0,3959100
PNB30Jan2065CE.NFO,07/01/2020,10:18:43,1.55,1.55,24900,1.6,74700,0,3959100
PNB30Jan2065CE.NFO,07/01/2020,10:18:48,1.55,1.55,33200,1.6,49800,0,3959100
PNB30Jan2065CE.NFO,07/01/2020,10:18:54,1.55,1.55,24900,1.6,66400,0,3959100
PNB30Jan2065CE.NFO,07/01/2020,10:18:58,1.55,1.55,24900,1.6,41500,0,3959100
PNB30Jan2065CE.NFO,07/01/2020,10:19:02,1.55,1.55,66400,1.6,41500,0,3959100
PNB30Jan2065CE.NFO,07/01/2020,10:19:07,1.55,1.55,74700,1.6,41500,8300,3959100
PNB30Jan2065CE.NFO,07/01/2020,10:19:14,1.55,1.55,74700,1.6,41500,0,3959100
PNB30Jan2065CE.NFO,07/01/2020,10:19:25,1.55,1.55,74700,1.6,33200,0,3959100
PNB30Jan2065CE.NFO,07/01/2020,10:19:29,1.55,1.55,83000,1.6,33200,0,3959100
PNB30Jan2065CE.NFO,07/01/2020,10:19:33,1.55,1.55,74700,1.6,33200,0,3959100
PNB30Jan2065CE.NFO,07/01/2020,10:19:41,1.55,1.55,33200,1.6,41500,0,3959100
PNB30Jan2065CE.NFO,07/01/2020,10:19:46,1.55,1.55,16600,1.6,33200,0,3959100
PNB30Jan2065CE.NFO,07/01/2020,10:19:52,1.55,1.55,24900,1.6,33200,0,3959100
PNB30Jan2065CE.NFO,07/01/2020,10:19:58,1.55,1.55,41500,1.6,33200,0,3959100
PNB30Jan2065CE.NFO,07/01/2020,10:20:12,1.55,1.55,33200,1.6,33200,0,3959100
PNB30Jan2065CE.NFO,07/01/2020,10:20:27,1.55,1.55,24900,1.6,33200,0,3959100
PNB30Jan2065CE.NFO,07/01/2020,10:20:31,1.55,1.55,33200,1.6,33200,0,3959100
PNB30Jan2065CE.NFO,07/01/2020,10:21:00,1.55,1.55,107900,1.6,33200,0,3959100
PNB30Jan2065CE.NFO,07/01/2020,10:21:10,1.55,1.55,99600,1.6,33200,0,3959100
PNB30Jan2065CE.NFO,07/01/2020,10:22:02,1.55,1.55,107900,1.6,33200,0,3959100
PNB30Jan2065CE.NFO,07/01/2020,10:22:16,1.55,1.55,107900,1.6,49800,0,3959100
PNB30Jan2065CE.NFO,07/01/2020,10:22:43,1.55,1.55,49800,1.6,74700,0,3959100
PNB30Jan2065CE.NFO,07/01/2020,10:22:50,1.55,1.55,41500,1.6,66400,0,3959100
PNB30Jan2065CE.NFO,07/01/2020,10:23:01,1.55,1.55,99600,1.6,49800,0,3959100
PNB30Jan2065CE.NFO,07/01/2020,10:23:06,1.55,1.55,116200,1.6,49800,0,3959100
PNB30Jan2065CE.NFO,07/01/2020,10:23:21,1.55,1.55,116200,1.6,58100,0,3959100
PNB30Jan2065CE.NFO,07/01/2020,10:23:26,1.55,1.55,107900,1.6,58100,0,3959100
PNB30Jan2065CE.NFO,07/01/2020,10:24:11,1.55,1.55,58100,1.6,66400,0,3959100
PNB30Jan2065CE.NFO,07/01/2020,10:24:24,1.55,1.55,49800,1.6,66400,0,3959100
PNB30Jan2065CE.NFO,07/01/2020,10:24:34,1.55,1.55,58100,1.6,66400,0,3959100
PNB30Jan2065CE.NFO,07/01/2020,10:24:38,1.55,1.55,49800,1.6,66400,0,3959100
PNB30Jan2065CE.NFO,07/01/2020,10:24:47,1.55,1.55,58100,1.6,66400,0,3959100
PNB30Jan2065CE.NFO,07/01/2020,10:24:55,1.55,1.55,49800,1.6,66400,0,3959100
PNB30Jan2065CE.NFO,07/01/2020,10:25:32,1.55,1.5,265600,1.6,74700,24900,3959100
PNB30Jan2065CE.NFO,07/01/2020,10:25:36,1.55,1.5,265600,1.6,83000,0,3959100
PNB30Jan2065CE.NFO,07/01/2020,10:25:40,1.55,1.5,265600,1.6,74700,0,3959100
PNB30Jan2065CE.NFO,07/01/2020,10:25:45,1.55,1.5,265600,1.6,99600,0,3959100
PNB30Jan2065CE.NFO,07/01/2020,10:25:50,1.55,1.5,265600,1.55,8300,0,3959100
PNB30Jan2065CE.NFO,07/01/2020,10:25:55,1.55,1.5,265600,1.55,24900,0,3959100
PNB30Jan2065CE.NFO,07/01/2020,10:26:09,1.55,1.5,290500,1.55,24900,0,3959100
PNB30Jan2065CE.NFO,07/01/2020,10:26:50,1.55,1.5,298800,1.55,24900,0,3959100
PNB30Jan2065CE.NFO,07/01/2020,10:27:03,1.55,1.55,8300,1.6,91300,33200,3975700
PNB30Jan2065CE.NFO,07/01/2020,10:27:08,1.55,1.55,8300,1.6,99600,0,3975700
PNB30Jan2065CE.NFO,07/01/2020,10:27:11,1.55,1.5,307100,1.6,91300,0,3975700
PNB30Jan2065CE.NFO,07/01/2020,10:27:16,1.55,1.55,16600,1.6,91300,0,3975700
PNB30Jan2065CE.NFO,07/01/2020,10:27:24,1.55,1.55,16600,1.6,99600,0,3975700
PNB30Jan2065CE.NFO,07/01/2020,10:27:28,1.55,1.55,16600,1.6,107900,0,3975700
PNB30Jan2065CE.NFO,07/01/2020,10:27:35,1.55,1.55,41500,1.6,99600,0,3975700
PNB30Jan2065CE.NFO,07/01/2020,10:27:40,1.55,1.55,49800,1.6,99600,0,3975700
PNB30Jan2065CE.NFO,07/01/2020,10:27:44,1.55,1.55,49800,1.6,91300,0,3975700
PNB30Jan2065CE.NFO,07/01/2020,10:28:01,1.55,1.55,41500,1.6,99600,8300,3975700
PNB30Jan2065CE.NFO,07/01/2020,10:28:05,1.55,1.55,41500,1.6,91300,0,3975700
PNB30Jan2065CE.NFO,07/01/2020,10:28:44,1.55,1.55,41500,1.6,99600,0,3975700
PNB30Jan2065CE.NFO,07/01/2020,10:29:15,1.55,1.55,49800,1.6,99600,0,3975700
PNB30Jan2065CE.NFO,07/01/2020,10:30:03,1.55,1.55,33200,1.6,124500,0,3975700
PNB30Jan2065CE.NFO,07/01/2020,10:30:10,1.55,1.55,8300,1.6,107900,0,3975700
PNB30Jan2065CE.NFO,07/01/2020,10:30:13,1.55,1.5,257300,1.55,8300,16600,3992300
PNB30Jan2065CE.NFO,07/01/2020,10:30:16,1.55,1.5,257300,1.6,99600,0,3992300
PNB30Jan2065CE.NFO,07/01/2020,10:30:23,1.55,1.5,257300,1.6,107900,0,3992300
PNB30Jan2065CE.NFO,07/01/2020,10:30:27,1.55,1.5,265600,1.6,107900,0,3992300
PNB30Jan2065CE.NFO,07/01/2020,10:30:34,1.55,1.5,290500,1.6,91300,0,3992300
PNB30Jan2065CE.NFO,07/01/2020,10:30:43,1.55,1.5,249000,1.55,8300,0,3992300
PNB30Jan2065CE.NFO,07/01/2020,10:30:46,1.55,1.5,249000,1.6,107900,8300,3992300
PNB30Jan2065CE.NFO,07/01/2020,10:30:52,1.55,1.5,290500,1.6,91300,0,3992300
PNB30Jan2065CE.NFO,07/01/2020,10:31:02,1.55,1.55,16600,1.6,91300,8300,3992300
PNB30Jan2065CE.NFO,07/01/2020,10:31:05,1.55,1.55,8300,1.6,99600,0,3992300
PNB30Jan2065CE.NFO,07/01/2020,10:31:08,1.55,1.5,282200,1.6,99600,0,3992300
PNB30Jan2065CE.NFO,07/01/2020,10:31:11,1.55,1.55,16600,1.6,99600,0,3992300
PNB30Jan2065CE.NFO,07/01/2020,10:31:14,1.55,1.5,282200,1.55,8300,8300,3992300
PNB30Jan2065CE.NFO,07/01/2020,10:31:26,1.55,1.5,282200,1.55,8300,0,3992300
PNB30Jan2065CE.NFO,07/01/2020,10:31:53,1.55,1.5,290500,1.55,16600,0,3992300
PNB30Jan2065CE.NFO,07/01/2020,10:31:57,1.55,1.5,273900,1.55,16600,0,3992300
PNB30Jan2065CE.NFO,07/01/2020,10:32:02,1.55,1.5,249000,1.55,16600,0,3992300
PNB30Jan2065CE.NFO,07/01/2020,10:32:12,1.55,1.5,240700,1.55,16600,0,3992300
PNB30Jan2065CE.NFO,07/01/2020,10:32:17,1.55,1.5,240700,1.55,24900,0,3992300
PNB30Jan2065CE.NFO,07/01/2020,10:32:26,1.5,1.5,141100,1.55,74700,8300,3992300
PNB30Jan2065CE.NFO,07/01/2020,10:32:43,1.5,1.5,182600,1.55,74700,0,3992300
PNB30Jan2065CE.NFO,07/01/2020,10:32:49,1.5,1.5,182600,1.55,66400,0,3992300
PNB30Jan2065CE.NFO,07/01/2020,10:32:54,1.5,1.5,182600,1.55,74700,0,3992300
PNB30Jan2065CE.NFO,07/01/2020,10:32:58,1.5,1.5,199200,1.55,66400,0,3992300
PNB30Jan2065CE.NFO,07/01/2020,10:33:01,1.5,1.5,182600,1.55,74700,0,3992300
PNB30Jan2065CE.NFO,07/01/2020,10:33:10,1.5,1.5,174300,1.55,74700,0,3992300
PNB30Jan2065CE.NFO,07/01/2020,10:33:13,1.5,1.5,149400,1.55,83000,0,3992300
PNB30Jan2065CE.NFO,07/01/2020,10:33:20,1.5,1.5,149400,1.55,74700,0,3992300
PNB30Jan2065CE.NFO,07/01/2020,10:33:27,1.5,1.5,166000,1.55,74700,0,3992300
PNB30Jan2065CE.NFO,07/01/2020,10:33:38,1.5,1.5,174300,1.55,74700,0,3992300
PNB30Jan2065CE.NFO,07/01/2020,10:33:59,1.5,1.5,174300,1.55,83000,0,3992300
PNB30Jan2065CE.NFO,07/01/2020,10:34:27,1.5,1.5,199200,1.55,83000,0,3992300
PNB30Jan2065CE.NFO,07/01/2020,10:34:38,1.5,1.5,207500,1.55,66400,0,3992300
PNB30Jan2065CE.NFO,07/01/2020,10:34:58,1.5,1.5,207500,1.55,49800,0,3992300
PNB30Jan2065CE.NFO,07/01/2020,10:35:05,1.5,1.5,199200,1.55,49800,0,3992300
PNB30Jan2065CE.NFO,07/01/2020,10:35:08,1.5,1.5,207500,1.55,49800,0,3992300
PNB30Jan2065CE.NFO,07/01/2020,10:35:28,1.5,1.5,199200,1.55,49800,0,3992300
PNB30Jan2065CE.NFO,07/01/2020,10:35:32,1.5,1.5,207500,1.55,49800,0,3992300
PNB30Jan2065CE.NFO,07/01/2020,10:35:36,1.5,1.5,199200,1.55,49800,0,3992300
PNB30Jan2065CE.NFO,07/01/2020,10:36:06,1.5,1.5,199200,1.55,58100,0,3992300
PNB30Jan2065CE.NFO,07/01/2020,10:36:41,1.5,1.5,207500,1.55,58100,0,3992300
PNB30Jan2065CE.NFO,07/01/2020,10:36:48,1.5,1.5,207500,1.55,49800,0,3992300
PNB30Jan2065CE.NFO,07/01/2020,10:37:07,1.5,1.5,199200,1.55,49800,0,3992300
PNB30Jan2065CE.NFO,07/01/2020,10:37:13,1.5,1.5,199200,1.55,41500,0,3992300
PNB30Jan2065CE.NFO,07/01/2020,10:37:27,1.5,1.5,207500,1.55,41500,0,3992300
PNB30Jan2065CE.NFO,07/01/2020,10:37:34,1.5,1.5,199200,1.55,41500,0,3992300
PNB30Jan2065CE.NFO,07/01/2020,10:37:57,1.5,1.5,207500,1.55,41500,0,3992300
PNB30Jan2065CE.NFO,07/01/2020,10:38:01,1.5,1.5,199200,1.55,41500,0,3992300
PNB30Jan2065CE.NFO,07/01/2020,10:39:05,1.5,1.5,207500,1.55,41500,0,3992300
PNB30Jan2065CE.NFO,07/01/2020,10:39:09,1.5,1.5,182600,1.55,74700,0,3992300
PNB30Jan2065CE.NFO,07/01/2020,10:39:13,1.5,1.5,182600,1.55,83000,0,3992300
PNB30Jan2065CE.NFO,07/01/2020,10:39:39,1.5,1.5,141100,1.55,91300,0,3992300
PNB30Jan2065CE.NFO,07/01/2020,10:39:43,1.5,1.5,141100,1.55,83000,0,3992300
PNB30Jan2065CE.NFO,07/01/2020,10:39:47,1.5,1.5,141100,1.55,91300,0,3992300
PNB30Jan2065CE.NFO,07/01/2020,10:39:56,1.5,1.5,182600,1.55,83000,0,3992300
PNB30Jan2065CE.NFO,07/01/2020,10:40:09,1.5,1.5,157700,1.55,58100,41500,4017200
PNB30Jan2065CE.NFO,07/01/2020,10:40:15,1.5,1.5,141100,1.55,83000,0,4017200
PNB30Jan2065CE.NFO,07/01/2020,10:40:19,1.5,1.5,132800,1.55,83000,0,4017200
PNB30Jan2065CE.NFO,07/01/2020,10:40:38,1.5,1.5,141100,1.55,83000,0,4017200
PNB30Jan2065CE.NFO,07/01/2020,10:40:46,1.5,1.5,166000,1.55,41500,0,4017200
PNB30Jan2065CE.NFO,07/01/2020,10:41:25,1.5,1.5,207500,1.55,41500,0,4017200
PNB30Jan2065CE.NFO,07/01/2020,10:41:55,1.5,1.5,166000,1.55,41500,0,4017200
PNB30Jan2065CE.NFO,07/01/2020,10:42:13,1.5,1.5,207500,1.55,41500,0,4017200
PNB30Jan2065CE.NFO,07/01/2020,10:42:24,1.5,1.5,207500,1.55,49800,0,4017200
PNB30Jan2065CE.NFO,07/01/2020,10:42:38,1.5,1.5,199200,1.55,49800,0,4017200
PNB30Jan2065CE.NFO,07/01/2020,10:42:41,1.5,1.5,207500,1.55,49800,0,4017200
PNB30Jan2065CE.NFO,07/01/2020,10:43:11,1.5,1.5,199200,1.55,49800,0,4017200
PNB30Jan2065CE.NFO,07/01/2020,10:43:16,1.5,1.5,207500,1.55,49800,0,4017200
PNB30Jan2065CE.NFO,07/01/2020,10:43:18,1.5,1.5,215800,1.55,49800,0,4017200
PNB30Jan2065CE.NFO,07/01/2020,10:44:40,1.5,1.5,207500,1.55,49800,0,4017200
PNB30Jan2065CE.NFO,07/01/2020,10:44:46,1.5,1.5,207500,1.55,58100,0,4017200
PNB30Jan2065CE.NFO,07/01/2020,10:44:52,1.5,1.5,215800,1.55,58100,0,4017200
PNB30Jan2065CE.NFO,07/01/2020,10:45:05,1.5,1.5,149400,1.55,91300,0,4017200
PNB30Jan2065CE.NFO,07/01/2020,10:45:20,1.5,1.5,199200,1.55,91300,0,4017200
PNB30Jan2065CE.NFO,07/01/2020,10:45:28,1.5,1.5,157700,1.55,91300,0,4017200
PNB30Jan2065CE.NFO,07/01/2020,10:45:32,1.5,1.5,149400,1.55,91300,0,4017200
PNB30Jan2065CE.NFO,07/01/2020,10:45:38,1.5,1.5,132800,1.55,91300,16600,4000600
PNB30Jan2065CE.NFO,07/01/2020,10:45:49,1.5,1.5,182600,1.55,83000,0,4000600
PNB30Jan2065CE.NFO,07/01/2020,10:45:53,1.5,1.5,149400,1.55,91300,0,4000600
PNB30Jan2065CE.NFO,07/01/2020,10:45:57,1.5,1.5,141100,1.55,91300,0,4000600
PNB30Jan2065CE.NFO,07/01/2020,10:46:15,1.5,1.5,99600,1.55,91300,0,4000600
PNB30Jan2065CE.NFO,07/01/2020,10:46:32,1.5,1.5,91300,1.55,91300,0,4000600
PNB30Jan2065CE.NFO,07/01/2020,10:46:36,1.5,1.5,107900,1.55,83000,0,4000600
PNB30Jan2065CE.NFO,07/01/2020,10:46:39,1.5,1.5,107900,1.55,91300,0,4000600
PNB30Jan2065CE.NFO,07/01/2020,10:46:45,1.5,1.5,107900,1.55,83000,0,4000600
PNB30Jan2065CE.NFO,07/01/2020,10:46:48,1.5,1.5,107900,1.55,91300,0,4000600
PNB30Jan2065CE.NFO,07/01/2020,10:46:53,1.5,1.5,99600,1.55,91300,0,4000600
PNB30Jan2065CE.NFO,07/01/2020,10:46:56,1.5,1.5,116200,1.55,91300,0,4000600
PNB30Jan2065CE.NFO,07/01/2020,10:47:03,1.5,1.5,116200,1.55,83000,0,4000600
PNB30Jan2065CE.NFO,07/01/2020,10:47:09,1.5,1.5,124500,1.55,99600,0,4000600
PNB30Jan2065CE.NFO,07/01/2020,10:47:11,1.5,1.5,116200,1.55,99600,8300,4000600
PNB30Jan2065CE.NFO,07/01/2020,10:47:15,1.5,1.5,174300,1.55,58100,0,4000600
PNB30Jan2065CE.NFO,07/01/2020,10:47:21,1.5,1.5,174300,1.55,41500,0,4000600
PNB30Jan2065CE.NFO,07/01/2020,10:47:33,1.5,1.5,174300,1.55,33200,0,4000600
PNB30Jan2065CE.NFO,07/01/2020,10:47:44,1.5,1.5,166000,1.55,33200,0,4000600
PNB30Jan2065CE.NFO,07/01/2020,10:48:02,1.5,1.5,166000,1.55,41500,0,4000600
PNB30Jan2065CE.NFO,07/01/2020,10:48:07,1.5,1.5,174300,1.55,41500,0,4000600
PNB30Jan2065CE.NFO,07/01/2020,10:48:37,1.5,1.5,132800,1.55,66400,0,4000600
PNB30Jan2065CE.NFO,07/01/2020,10:48:46,1.5,1.5,124500,1.55,66400,0,4000600
PNB30Jan2065CE.NFO,07/01/2020,10:48:50,1.5,1.5,149400,1.55,66400,0,4000600
PNB30Jan2065CE.NFO,07/01/2020,10:48:54,1.5,1.5,141100,1.55,66400,0,4000600
PNB30Jan2065CE.NFO,07/01/2020,10:48:58,1.5,1.5,132800,1.55,66400,0,4000600
PNB30Jan2065CE.NFO,07/01/2020,10:49:02,1.5,1.5,141100,1.55,66400,0,4000600
PNB30Jan2065CE.NFO,07/01/2020,10:49:08,1.5,1.5,132800,1.55,66400,0,4000600
PNB30Jan2065CE.NFO,07/01/2020,10:49:12,1.5,1.5,132800,1.55,74700,0,4000600
PNB30Jan2065CE.NFO,07/01/2020,10:49:16,1.5,1.5,132800,1.55,66400,0,4000600
PNB30Jan2065CE.NFO,07/01/2020,10:49:19,1.5,1.5,132800,1.55,74700,0,4000600
PNB30Jan2065CE.NFO,07/01/2020,10:49:21,1.5,1.5,141100,1.55,74700,0,4000600
PNB30Jan2065CE.NFO,07/01/2020,10:49:28,1.5,1.5,116200,1.55,74700,24900,3984000
PNB30Jan2065CE.NFO,07/01/2020,10:49:37,1.5,1.5,116200,1.55,74700,0,3984000
PNB30Jan2065CE.NFO,07/01/2020,10:49:40,1.5,1.5,124500,1.55,74700,0,3984000
PNB30Jan2065CE.NFO,07/01/2020,10:49:43,1.5,1.5,124500,1.55,83000,0,3984000
PNB30Jan2065CE.NFO,07/01/2020,10:49:47,1.5,1.5,116200,1.55,83000,0,3984000
PNB30Jan2065CE.NFO,07/01/2020,10:49:50,1.5,1.5,58100,1.55,91300,0,3984000
PNB30Jan2065CE.NFO,07/01/2020,10:49:54,1.5,1.5,91300,1.55,91300,8300,3984000
PNB30Jan2065CE.NFO,07/01/2020,10:49:59,1.5,1.5,91300,1.55,91300,0,3984000
PNB30Jan2065CE.NFO,07/01/2020,10:50:05,1.5,1.45,190900,1.5,24900,49800,3984000
PNB30Jan2065CE.NFO,07/01/2020,10:50:10,1.5,1.45,190900,1.5,16600,0,3984000
PNB30Jan2065CE.NFO,07/01/2020,10:50:16,1.5,1.45,199200,1.5,16600,0,3984000
PNB30Jan2065CE.NFO,07/01/2020,10:50:22,1.5,1.45,190900,1.5,16600,0,3984000
PNB30Jan2065CE.NFO,07/01/2020,10:50:32,1.5,1.45,91300,1.5,91300,0,3984000
PNB30Jan2065CE.NFO,07/01/2020,10:50:37,1.5,1.45,83000,1.5,116200,0,3984000
PNB30Jan2065CE.NFO,07/01/2020,10:50:43,1.5,1.45,83000,1.5,124500,0,3984000
PNB30Jan2065CE.NFO,07/01/2020,10:50:47,1.5,1.45,66400,1.5,107900,0,3984000
PNB30Jan2065CE.NFO,07/01/2020,10:50:56,1.5,1.45,66400,1.5,99600,0,3984000
PNB30Jan2065CE.NFO,07/01/2020,10:51:00,1.5,1.45,74700,1.5,99600,0,3984000
PNB30Jan2065CE.NFO,07/01/2020,10:51:04,1.5,1.45,124500,1.5,83000,0,3984000
PNB30Jan2065CE.NFO,07/01/2020,10:51:20,1.5,1.45,124500,1.5,74700,0,3984000
PNB30Jan2065CE.NFO,07/01/2020,10:51:28,1.5,1.45,107900,1.5,58100,0,3984000
PNB30Jan2065CE.NFO,07/01/2020,10:51:35,1.5,1.45,83000,1.5,66400,0,3984000
PNB30Jan2065CE.NFO,07/01/2020,10:51:39,1.5,1.45,107900,1.5,58100,0,3984000
PNB30Jan2065CE.NFO,07/01/2020,10:51:52,1.5,1.45,141100,1.5,49800,0,3984000
PNB30Jan2065CE.NFO,07/01/2020,10:51:56,1.5,1.45,83000,1.5,58100,0,3984000
PNB30Jan2065CE.NFO,07/01/2020,10:52:01,1.5,1.45,83000,1.5,49800,0,3984000
PNB30Jan2065CE.NFO,07/01/2020,10:52:04,1.5,1.45,91300,1.5,49800,0,3984000
PNB30Jan2065CE.NFO,07/01/2020,10:52:13,1.5,1.45,107900,1.5,49800,0,3984000
PNB30Jan2065CE.NFO,07/01/2020,10:52:23,1.5,1.45,116200,1.5,49800,0,3984000
PNB30Jan2065CE.NFO,07/01/2020,10:52:40,1.5,1.45,116200,1.5,66400,0,3984000
PNB30Jan2065CE.NFO,07/01/2020,10:52:52,1.5,1.45,66400,1.5,74700,0,3984000
PNB30Jan2065CE.NFO,07/01/2020,10:52:57,1.5,1.45,66400,1.5,83000,0,3984000
PNB30Jan2065CE.NFO,07/01/2020,10:53:03,1.5,1.45,124500,1.5,66400,0,3984000
PNB30Jan2065CE.NFO,07/01/2020,10:53:09,1.5,1.45,66400,1.5,66400,0,3984000
PNB30Jan2065CE.NFO,07/01/2020,10:53:16,1.45,1.45,41500,1.5,66400,8300,4033800
PNB30Jan2065CE.NFO,07/01/2020,10:53:16,1.45,1.45,41500,1.5,66400,0,4033800
PNB30Jan2065CE.NFO,07/01/2020,10:53:28,1.45,1.4,298800,1.5,116200,66400,4033800
PNB30Jan2065CE.NFO,07/01/2020,10:53:34,1.45,1.4,282200,1.5,107900,0,4033800
PNB30Jan2065CE.NFO,07/01/2020,10:53:39,1.45,1.45,24900,1.5,91300,0,4033800
PNB30Jan2065CE.NFO,07/01/2020,10:53:50,1.45,1.45,24900,1.5,83000,0,4033800
PNB30Jan2065CE.NFO,07/01/2020,10:53:58,1.45,1.4,290500,1.5,99600,0,4033800
PNB30Jan2065CE.NFO,07/01/2020,10:54:04,1.45,1.4,290500,1.5,107900,0,4033800
PNB30Jan2065CE.NFO,07/01/2020,10:54:10,1.45,1.45,24900,1.5,83000,0,4033800
PNB30Jan2065CE.NFO,07/01/2020,10:54:15,1.45,1.45,41500,1.5,99600,0,4033800
PNB30Jan2065CE.NFO,07/01/2020,10:54:22,1.45,1.45,49800,1.5,99600,0,4033800
PNB30Jan2065CE.NFO,07/01/2020,10:54:27,1.45,1.45,41500,1.5,99600,0,4033800
PNB30Jan2065CE.NFO,07/01/2020,10:54:31,1.45,1.45,41500,1.5,107900,0,4033800
PNB30Jan2065CE.NFO,07/01/2020,10:54:36,1.45,1.45,74700,1.5,107900,0,4033800
PNB30Jan2065CE.NFO,07/01/2020,10:54:55,1.45,1.45,41500,1.5,116200,0,4033800
PNB30Jan2065CE.NFO,07/01/2020,10:54:59,1.45,1.45,41500,1.5,107900,0,4033800
PNB30Jan2065CE.NFO,07/01/2020,10:55:08,1.45,1.45,49800,1.5,107900,0,4033800
PNB30Jan2065CE.NFO,07/01/2020,10:55:12,1.45,1.45,8300,1.5,116200,0,4033800
PNB30Jan2065CE.NFO,07/01/2020,10:55:17,1.45,1.4,290500,1.5,132800,8300,4050400
PNB30Jan2065CE.NFO,07/01/2020,10:55:37,1.45,1.4,298800,1.5,141100,0,4050400
PNB30Jan2065CE.NFO,07/01/2020,10:55:50,1.45,1.45,33200,1.5,141100,0,4050400
PNB30Jan2065CE.NFO,07/01/2020,10:56:05,1.45,1.45,33200,1.5,132800,0,4050400
PNB30Jan2065CE.NFO,07/01/2020,10:56:10,1.45,1.45,49800,1.5,132800,0,4050400
PNB30Jan2065CE.NFO,07/01/2020,10:56:16,1.45,1.45,58100,1.5,132800,0,4050400
PNB30Jan2065CE.NFO,07/01/2020,10:56:29,1.45,1.45,41500,1.5,132800,0,4050400
PNB30Jan2065CE.NFO,07/01/2020,10:56:34,1.45,1.45,33200,1.5,132800,0,4050400
PNB30Jan2065CE.NFO,07/01/2020,10:56:53,1.45,1.45,8300,1.5,132800,8300,4058700
PNB30Jan2065CE.NFO,07/01/2020,10:56:58,1.45,1.45,24900,1.5,149400,8300,4058700
PNB30Jan2065CE.NFO,07/01/2020,10:57:02,1.45,1.45,24900,1.5,149400,0,4058700
PNB30Jan2065CE.NFO,07/01/2020,10:57:11,1.45,1.4,315400,1.45,24900,16600,4058700
PNB30Jan2065CE.NFO,07/01/2020,10:57:18,1.45,1.4,307100,1.45,16600,33200,4058700
PNB30Jan2065CE.NFO,07/01/2020,10:57:25,1.45,1.4,307100,1.45,16600,0,4058700
PNB30Jan2065CE.NFO,07/01/2020,10:57:32,1.45,1.4,298800,1.45,16600,0,4058700
PNB30Jan2065CE.NFO,07/01/2020,10:57:38,1.45,1.4,298800,1.45,8300,8300,4058700
PNB30Jan2065CE.NFO,07/01/2020,10:57:43,1.45,1.45,24900,1.5,149400,8300,4058700
PNB30Jan2065CE.NFO,07/01/2020,10:57:58,1.45,1.45,24900,1.5,149400,0,4058700
PNB30Jan2065CE.NFO,07/01/2020,10:58:03,1.45,1.4,307100,1.5,174300,8300,4058700
PNB30Jan2065CE.NFO,07/01/2020,10:58:09,1.45,1.4,307100,1.5,190900,0,4058700
PNB30Jan2065CE.NFO,07/01/2020,10:58:19,1.45,1.45,16600,1.5,190900,0,4058700
PNB30Jan2065CE.NFO,07/01/2020,10:58:24,1.45,1.45,33200,1.5,190900,0,4058700
PNB30Jan2065CE.NFO,07/01/2020,10:58:30,1.45,1.45,16600,1.5,190900,0,4058700
PNB30Jan2065CE.NFO,07/01/2020,10:58:36,1.45,1.45,33200,1.5,190900,0,4058700
PNB30Jan2065CE.NFO,07/01/2020,10:58:52,1.45,1.4,323700,1.5,199200,8300,4058700
PNB30Jan2065CE.NFO,07/01/2020,10:58:58,1.45,1.4,323700,1.5,199200,0,4058700
PNB30Jan2065CE.NFO,07/01/2020,10:59:03,1.45,1.4,323700,1.45,8300,0,4058700
PNB30Jan2065CE.NFO,07/01/2020,10:59:09,1.4,1.4,307100,1.45,41500,8300,4058700
PNB30Jan2065CE.NFO,07/01/2020,10:59:09,1.4,1.4,307100,1.45,41500,0,4058700
PNB30Jan2065CE.NFO,07/01/2020,10:59:14,1.4,1.4,307100,1.45,58100,0,4058700
PNB30Jan2065CE.NFO,07/01/2020,10:59:29,1.4,1.4,298800,1.45,58100,0,4058700
PNB30Jan2065CE.NFO,07/01/2020,10:59:35,1.4,1.4,307100,1.45,24900,0,4058700
PNB30Jan2065CE.NFO,07/01/2020,10:59:41,1.45,1.4,307100,1.45,8300,8300,4091900
PNB30Jan2065CE.NFO,07/01/2020,10:59:46,1.45,1.4,307100,1.5,182600,0,4091900
PNB30Jan2065CE.NFO,07/01/2020,10:59:52,1.45,1.4,307100,1.5,190900,0,4091900
PNB30Jan2065CE.NFO,07/01/2020,11:00:02,1.45,1.4,290500,1.5,215800,0,4091900
PNB30Jan2065CE.NFO,07/01/2020,11:00:08,1.45,1.4,290500,1.45,24900,0,4091900
PNB30Jan2065CE.NFO,07/01/2020,11:00:15,1.45,1.4,290500,1.45,41500,0,4091900
PNB30Jan2065CE.NFO,07/01/2020,11:00:22,1.45,1.4,298800,1.45,41500,0,4091900
PNB30Jan2065CE.NFO,07/01/2020,11:00:49,1.45,1.45,132800,1.5,132800,58100,4091900
PNB30Jan2065CE.NFO,07/01/2020,11:00:55,1.45,1.45,132800,1.5,124500,0,4091900
PNB30Jan2065CE.NFO,07/01/2020,11:01:04,1.45,1.45,41500,1.5,166000,8300,4091900
PNB30Jan2065CE.NFO,07/01/2020,11:01:11,1.45,1.45,33200,1.5,141100,16600,4091900
PNB30Jan2065CE.NFO,07/01/2020,11:01:19,1.45,1.4,273900,1.45,8300,41500,4091900
PNB30Jan2065CE.NFO,07/01/2020,11:01:26,1.45,1.4,273900,1.45,16600,0,4091900
PNB30Jan2065CE.NFO,07/01/2020,11:01:33,1.45,1.4,298800,1.5,166000,8300,4091900
PNB30Jan2065CE.NFO,07/01/2020,11:01:41,1.45,1.4,298800,1.5,166000,0,4091900
PNB30Jan2065CE.NFO,07/01/2020,11:01:49,1.45,1.45,8300,1.5,141100,0,4091900
PNB30Jan2065CE.NFO,07/01/2020,11:01:57,1.45,1.45,74700,1.5,107900,8300,4091900
PNB30Jan2065CE.NFO,07/01/2020,11:02:04,1.45,1.45,107900,1.5,107900,0,4091900
PNB30Jan2065CE.NFO,07/01/2020,11:02:11,1.45,1.45,83000,1.5,107900,0,4091900
PNB30Jan2065CE.NFO,07/01/2020,11:02:18,1.45,1.45,91300,1.5,124500,0,4091900
PNB30Jan2065CE.NFO,07/01/2020,11:02:24,1.45,1.45,91300,1.5,116200,0,4091900
PNB30Jan2065CE.NFO,07/01/2020,11:02:31,1.45,1.45,91300,1.5,132800,0,4091900
PNB30Jan2065CE.NFO,07/01/2020,11:02:38,1.45,1.45,83000,1.5,116200,0,4091900
PNB30Jan2065CE.NFO,07/01/2020,11:02:57,1.45,1.45,41500,1.5,149400,0,4091900
PNB30Jan2065CE.NFO,07/01/2020,11:03:04,1.45,1.45,41500,1.5,141100,0,4091900
PNB30Jan2065CE.NFO,07/01/2020,11:03:17,1.45,1.45,33200,1.5,141100,0,4091900
PNB30Jan2065CE.NFO,07/01/2020,11:03:23,1.45,1.45,49800,1.5,116200,0,4091900
PNB30Jan2065CE.NFO,07/01/2020,11:03:29,1.45,1.45,58100,1.5,116200,0,4091900
PNB30Jan2065CE.NFO,07/01/2020,11:03:35,1.45,1.45,49800,1.5,149400,0,4091900
PNB30Jan2065CE.NFO,07/01/2020,11:03:49,1.45,1.45,66400,1.5,116200,0,4091900
PNB30Jan2065CE.NFO,07/01/2020,11:03:56,1.45,1.45,58100,1.5,141100,0,4091900
PNB30Jan2065CE.NFO,07/01/2020,11:04:10,1.45,1.45,58100,1.5,149400,0,4091900
PNB30Jan2065CE.NFO,07/01/2020,11:04:16,1.45,1.45,58100,1.5,141100,0,4091900
PNB30Jan2065CE.NFO,07/01/2020,11:04:35,1.45,1.45,58100,1.5,149400,0,4091900
PNB30Jan2065CE.NFO,07/01/2020,11:04:42,1.45,1.45,24900,1.5,157700,16600,4067000
PNB30Jan2065CE.NFO,07/01/2020,11:04:49,1.45,1.4,290500,1.45,8300,66400,4067000
PNB30Jan2065CE.NFO,07/01/2020,11:04:56,1.45,1.4,290500,1.5,149400,8300,4067000
PNB30Jan2065CE.NFO,07/01/2020,11:05:03,1.45,1.45,66400,1.5,149400,0,4067000
PNB30Jan2065CE.NFO,07/01/2020,11:05:10,1.45,1.45,66400,1.5,157700,0,4067000
PNB30Jan2065CE.NFO,07/01/2020,11:05:16,1.45,1.45,58100,1.5,190900,0,4067000
PNB30Jan2065CE.NFO,07/01/2020,11:05:24,1.45,1.4,298800,1.5,182600,0,4067000
PNB30Jan2065CE.NFO,07/01/2020,11:05:29,1.5,1.45,41500,1.5,116200,41500,4067000
PNB30Jan2065CE.NFO,07/01/2020,11:05:36,1.5,1.45,41500,1.5,116200,0,4067000
PNB30Jan2065CE.NFO,07/01/2020,11:05:43,1.5,1.45,49800,1.5,116200,0,4067000
PNB30Jan2065CE.NFO,07/01/2020,11:05:49,1.5,1.45,41500,1.5,116200,0,4067000
PNB30Jan2065CE.NFO,07/01/2020,11:05:56,1.5,1.45,107900,1.5,83000,0,4067000
PNB30Jan2065CE.NFO,07/01/2020,11:06:03,1.5,1.45,107900,1.5,49800,0,4067000
PNB30Jan2065CE.NFO,07/01/2020,11:06:10,1.5,1.5,24900,1.55,124500,41500,4033800
PNB30Jan2065CE.NFO,07/01/2020,11:06:16,1.5,1.5,33200,1.55,116200,0,4033800
PNB30Jan2065CE.NFO,07/01/2020,11:06:23,1.5,1.45,116200,1.55,124500,33200,4033800
PNB30Jan2065CE.NFO,07/01/2020,11:06:29,1.5,1.45,107900,1.55,124500,0,4033800
PNB30Jan2065CE.NFO,07/01/2020,11:06:35,1.5,1.45,91300,1.5,24900,0,4033800
PNB30Jan2065CE.NFO,07/01/2020,11:06:40,1.5,1.45,91300,1.5,58100,0,4033800
PNB30Jan2065CE.NFO,07/01/2020,11:06:45,1.5,1.45,83000,1.5,74700,0,4033800
PNB30Jan2065CE.NFO,07/01/2020,11:06:50,1.5,1.45,66400,1.5,74700,0,4033800
PNB30Jan2065CE.NFO,07/01/2020,11:07:02,1.5,1.45,74700,1.5,74700,0,4033800
PNB30Jan2065CE.NFO,07/01/2020,11:07:49,1.5,1.45,107900,1.5,58100,0,4033800
PNB30Jan2065CE.NFO,07/01/2020,11:07:58,1.5,1.45,91300,1.5,83000,0,4033800
PNB30Jan2065CE.NFO,07/01/2020,11:08:03,1.5,1.45,124500,1.5,83000,0,4033800
PNB30Jan2065CE.NFO,07/01/2020,11:08:13,1.5,1.45,124500,1.5,74700,0,4033800
PNB30Jan2065CE.NFO,07/01/2020,11:08:33,1.5,1.45,124500,1.5,49800,0,4033800
PNB30Jan2065CE.NFO,07/01/2020,11:09:10,1.5,1.45,132800,1.5,24900,16600,4017200
PNB30Jan2065CE.NFO,07/01/2020,11:09:15,1.5,1.5,49800,1.55,99600,33200,4017200
PNB30Jan2065CE.NFO,07/01/2020,11:09:20,1.5,1.5,49800,1.55,107900,0,4017200
PNB30Jan2065CE.NFO,07/01/2020,11:09:26,1.5,1.5,41500,1.55,107900,0,4017200
PNB30Jan2065CE.NFO,07/01/2020,11:09:42,1.5,1.45,91300,1.5,66400,41500,4017200
PNB30Jan2065CE.NFO,07/01/2020,11:09:47,1.45,1.45,58100,1.5,91300,8300,4017200
PNB30Jan2065CE.NFO,07/01/2020,11:10:03,1.45,1.45,49800,1.5,132800,0,4017200
PNB30Jan2065CE.NFO,07/01/2020,11:10:08,1.45,1.45,49800,1.5,124500,0,4017200
PNB30Jan2065CE.NFO,07/01/2020,11:10:13,1.45,1.45,33200,1.5,116200,0,4017200
PNB30Jan2065CE.NFO,07/01/2020,11:10:22,1.45,1.45,33200,1.5,107900,0,4017200
PNB30Jan2065CE.NFO,07/01/2020,11:10:27,1.45,1.45,33200,1.5,116200,0,4017200
PNB30Jan2065CE.NFO,07/01/2020,11:10:30,1.45,1.45,33200,1.5,66400,0,4017200
PNB30Jan2065CE.NFO,07/01/2020,11:10:34,1.45,1.45,33200,1.5,58100,0,4017200
PNB30Jan2065CE.NFO,07/01/2020,11:10:38,1.45,1.45,33200,1.5,66400,0,4017200
PNB30Jan2065CE.NFO,07/01/2020,11:10:41,1.45,1.45,41500,1.5,66400,0,4017200
PNB30Jan2065CE.NFO,07/01/2020,11:10:59,1.45,1.45,33200,1.5,66400,0,4017200
PNB30Jan2065CE.NFO,07/01/2020,11:11:02,1.45,1.45,33200,1.5,91300,0,4017200
PNB30Jan2065CE.NFO,07/01/2020,11:11:19,1.45,1.4,282200,1.5,124500,8300,4017200
PNB30Jan2065CE.NFO,07/01/2020,11:11:26,1.45,1.4,257300,1.45,8300,8300,4017200
PNB30Jan2065CE.NFO,07/01/2020,11:11:34,1.45,1.4,257300,1.45,24900,0,4017200
PNB30Jan2065CE.NFO,07/01/2020,11:11:42,1.45,1.4,282200,1.5,124500,0,4017200
PNB30Jan2065CE.NFO,07/01/2020,11:11:55,1.45,1.4,290500,1.45,8300,0,4017200
PNB30Jan2065CE.NFO,07/01/2020,11:12:02,1.45,1.4,265600,1.45,16600,0,4017200
PNB30Jan2065CE.NFO,07/01/2020,11:12:11,1.45,1.4,257300,1.45,49800,0,4017200
PNB30Jan2065CE.NFO,07/01/2020,11:12:18,1.45,1.4,257300,1.45,91300,0,4017200
PNB30Jan2065CE.NFO,07/01/2020,11:12:24,1.45,1.4,265600,1.45,91300,0,4017200
PNB30Jan2065CE.NFO,07/01/2020,11:12:29,1.45,1.4,265600,1.45,49800,0,4017200
PNB30Jan2065CE.NFO,07/01/2020,11:12:35,1.45,1.4,265600,1.45,41500,0,4017200
PNB30Jan2065CE.NFO,07/01/2020,11:12:41,1.45,1.4,273900,1.45,41500,0,4017200
PNB30Jan2065CE.NFO,07/01/2020,11:12:47,1.45,1.4,290500,1.45,16600,24900,4083600
PNB30Jan2065CE.NFO,07/01/2020,11:12:52,1.45,1.4,257300,1.45,49800,0,4083600
PNB30Jan2065CE.NFO,07/01/2020,11:12:57,1.45,1.4,257300,1.45,66400,0,4083600
PNB30Jan2065CE.NFO,07/01/2020,11:13:12,1.45,1.4,257300,1.45,74700,0,4083600
PNB30Jan2065CE.NFO,07/01/2020,11:13:18,1.45,1.4,215800,1.45,132800,0,4083600
PNB30Jan2065CE.NFO,07/01/2020,11:13:24,1.45,1.4,215800,1.45,141100,0,4083600
PNB30Jan2065CE.NFO,07/01/2020,11:13:29,1.45,1.4,215800,1.45,132800,0,4083600
PNB30Jan2065CE.NFO,07/01/2020,11:13:47,1.45,1.4,257300,1.45,99600,0,4083600
PNB30Jan2065CE.NFO,07/01/2020,11:13:52,1.45,1.4,240700,1.45,99600,0,4083600
PNB30Jan2065CE.NFO,07/01/2020,11:13:58,1.45,1.4,249000,1.45,83000,8300,4083600
PNB30Jan2065CE.NFO,07/01/2020,11:14:03,1.45,1.4,240700,1.45,83000,0,4083600
PNB30Jan2065CE.NFO,07/01/2020,11:14:24,1.45,1.4,249000,1.45,83000,0,4083600
PNB30Jan2065CE.NFO,07/01/2020,11:14:33,1.45,1.4,240700,1.45,83000,0,4083600
PNB30Jan2065CE.NFO,07/01/2020,11:14:51,1.45,1.4,240700,1.45,91300,0,4083600
PNB30Jan2065CE.NFO,07/01/2020,11:14:56,1.45,1.4,240700,1.45,99600,0,4083600
PNB30Jan2065CE.NFO,07/01/2020,11:15:03,1.45,1.4,224100,1.45,141100,0,4083600
PNB30Jan2065CE.NFO,07/01/2020,11:15:16,1.45,1.4,232400,1.45,107900,0,4083600
PNB30Jan2065CE.NFO,07/01/2020,11:15:21,1.45,1.4,215800,1.45,141100,0,4083600
PNB30Jan2065CE.NFO,07/01/2020,11:15:26,1.45,1.4,215800,1.45,132800,0,4083600
PNB30Jan2065CE.NFO,07/01/2020,11:15:50,1.45,1.4,232400,1.45,107900,0,4083600
PNB30Jan2065CE.NFO,07/01/2020,11:15:54,1.45,1.4,207500,1.45,141100,0,4083600
PNB30Jan2065CE.NFO,07/01/2020,11:16:05,1.45,1.4,207500,1.45,149400,0,4083600
PNB30Jan2065CE.NFO,07/01/2020,11:16:10,1.4,1.4,199200,1.45,157700,8300,4083600
PNB30Jan2065CE.NFO,07/01/2020,11:16:17,1.4,1.4,207500,1.45,141100,0,4083600
PNB30Jan2065CE.NFO,07/01/2020,11:16:23,1.4,1.4,207500,1.45,157700,0,4083600
PNB30Jan2065CE.NFO,07/01/2020,11:16:49,1.4,1.4,207500,1.45,149400,0,4083600
PNB30Jan2065CE.NFO,07/01/2020,11:16:55,1.4,1.4,215800,1.45,149400,0,4083600
PNB30Jan2065CE.NFO,07/01/2020,11:17:05,1.4,1.4,215800,1.45,157700,0,4083600
PNB30Jan2065CE.NFO,07/01/2020,11:17:15,1.4,1.4,249000,1.45,132800,0,4083600
PNB30Jan2065CE.NFO,07/01/2020,11:17:21,1.4,1.4,249000,1.45,124500,0,4083600
PNB30Jan2065CE.NFO,07/01/2020,11:17:27,1.4,1.4,249000,1.45,157700,0,4083600
PNB30Jan2065CE.NFO,07/01/2020,11:17:37,1.4,1.4,240700,1.45,132800,0,4083600
PNB30Jan2065CE.NFO,07/01/2020,11:17:44,1.4,1.4,323700,1.45,132800,0,4083600
PNB30Jan2065CE.NFO,07/01/2020,11:18:38,1.4,1.4,356900,1.45,83000,0,4083600
PNB30Jan2065CE.NFO,07/01/2020,11:18:45,1.45,1.45,24900,1.5,166000,58100,4091900
PNB30Jan2065CE.NFO,07/01/2020,11:18:52,1.45,1.45,24900,1.5,166000,0,4091900
PNB30Jan2065CE.NFO,07/01/2020,11:18:58,1.45,1.45,24900,1.5,124500,0,4091900
PNB30Jan2065CE.NFO,07/01/2020,11:19:04,1.45,1.45,66400,1.5,132800,0,4091900
PNB30Jan2065CE.NFO,07/01/2020,11:19:24,1.45,1.4,356900,1.45,58100,33200,4091900
PNB30Jan2065CE.NFO,07/01/2020,11:19:32,1.45,1.4,356900,1.45,58100,0,4091900
PNB30Jan2065CE.NFO,07/01/2020,11:19:43,1.45,1.4,356900,1.45,41500,8300,4091900
PNB30Jan2065CE.NFO,07/01/2020,11:19:49,1.45,1.4,356900,1.45,16600,16600,4091900
PNB30Jan2065CE.NFO,07/01/2020,11:19:54,1.45,1.4,356900,1.45,8300,0,4091900
PNB30Jan2065CE.NFO,07/01/2020,11:20:02,1.45,1.45,33200,1.5,199200,8300,4091900
PNB30Jan2065CE.NFO,07/01/2020,11:20:07,1.45,1.45,8300,1.5,207500,8300,4091900
PNB30Jan2065CE.NFO,07/01/2020,11:20:13,1.45,1.45,49800,1.5,141100,0,4091900
PNB30Jan2065CE.NFO,07/01/2020,11:20:19,1.45,1.45,49800,1.5,116200,0,4091900
PNB30Jan2065CE.NFO,07/01/2020,11:20:24,1.45,1.45,49800,1.5,124500,0,4091900
PNB30Jan2065CE.NFO,07/01/2020,11:20:29,1.45,1.45,33200,1.5,116200,0,4091900
PNB30Jan2065CE.NFO,07/01/2020,11:20:35,1.45,1.45,49800,1.5,116200,0,4091900
PNB30Jan2065CE.NFO,07/01/2020,11:20:46,1.45,1.45,83000,1.5,74700,0,4091900
PNB30Jan2065CE.NFO,07/01/2020,11:20:52,1.45,1.45,91300,1.5,74700,0,4091900
PNB30Jan2065CE.NFO,07/01/2020,11:21:03,1.45,1.45,74700,1.5,74700,0,4091900
PNB30Jan2065CE.NFO,07/01/2020,11:21:37,1.45,1.45,24900,1.5,91300,0,4091900
PNB30Jan2065CE.NFO,07/01/2020,11:21:42,1.45,1.45,24900,1.5,83000,0,4091900
PNB30Jan2065CE.NFO,07/01/2020,11:21:47,1.45,1.45,41500,1.5,83000,0,4091900
PNB30Jan2065CE.NFO,07/01/2020,11:22:25,1.45,1.45,49800,1.5,83000,0,4091900
PNB30Jan2065CE.NFO,07/01/2020,11:22:29,1.45,1.45,49800,1.5,91300,0,4091900
PNB30Jan2065CE.NFO,07/01/2020,11:22:38,1.45,1.45,41500,1.5,91300,0,4091900
PNB30Jan2065CE.NFO,07/01/2020,11:23:04,1.45,1.45,74700,1.5,74700,24900,4100200
PNB30Jan2065CE.NFO,07/01/2020,11:23:09,1.45,1.45,66400,1.5,74700,0,4100200
PNB30Jan2065CE.NFO,07/01/2020,11:23:19,1.45,1.45,74700,1.5,74700,0,4100200
PNB30Jan2065CE.NFO,07/01/2020,11:24:23,1.45,1.45,83000,1.5,74700,0,4100200
PNB30Jan2065CE.NFO,07/01/2020,11:24:28,1.45,1.45,74700,1.5,74700,0,4100200
PNB30Jan2065CE.NFO,07/01/2020,11:24:37,1.45,1.45,83000,1.5,74700,0,4100200
PNB30Jan2065CE.NFO,07/01/2020,11:25:00,1.45,1.45,91300,1.5,74700,0,4100200
PNB30Jan2065CE.NFO,07/01/2020,11:25:14,1.45,1.45,83000,1.5,74700,0,4100200
PNB30Jan2065CE.NFO,07/01/2020,11:25:29,1.45,1.45,24900,1.5,107900,0,4100200
PNB30Jan2065CE.NFO,07/01/2020,11:25:37,1.45,1.45,33200,1.5,107900,0,4100200
PNB30Jan2065CE.NFO,07/01/2020,11:25:42,1.45,1.45,33200,1.5,91300,0,4100200
PNB30Jan2065CE.NFO,07/01/2020,11:25:56,1.45,1.45,8300,1.5,107900,8300,4091900
PNB30Jan2065CE.NFO,07/01/2020,11:26:19,1.45,1.45,8300,1.5,107900,0,4091900
PNB30Jan2065CE.NFO,07/01/2020,11:26:31,1.45,1.4,282200,1.5,83000,8300,4091900
PNB30Jan2065CE.NFO,07/01/2020,11:26:36,1.45,1.45,8300,1.5,107900,0,4091900
PNB30Jan2065CE.NFO,07/01/2020,11:26:40,1.45,1.4,282200,1.45,8300,0,4091900
PNB30Jan2065CE.NFO,07/01/2020,11:26:45,1.45,1.4,282200,1.45,33200,0,4091900
PNB30Jan2065CE.NFO,07/01/2020,11:26:50,1.45,1.4,282200,1.45,49800,0,4091900
PNB30Jan2065CE.NFO,07/01/2020,11:27:14,1.45,1.4,282200,1.45,58100,0,4091900
PNB30Jan2065CE.NFO,07/01/2020,11:27:48,1.45,1.4,282200,1.45,49800,0,4091900
PNB30Jan2065CE.NFO,07/01/2020,11:27:50,1.45,1.4,282200,1.45,24900,0,4091900
PNB30Jan2065CE.NFO,07/01/2020,11:27:54,1.45,1.4,282200,1.5,116200,8300,4091900
PNB30Jan2065CE.NFO,07/01/2020,11:27:58,1.45,1.4,282200,1.5,116200,0,4091900
PNB30Jan2065CE.NFO,07/01/2020,11:28:11,1.45,1.4,273900,1.5,107900,0,4091900
PNB30Jan2065CE.NFO,07/01/2020,11:28:32,1.45,1.4,273900,1.5,116200,0,4091900
PNB30Jan2065CE.NFO,07/01/2020,11:28:47,1.45,1.4,273900,1.5,124500,0,4091900
PNB30Jan2065CE.NFO,07/01/2020,11:28:53,1.45,1.4,273900,1.5,132800,0,4091900
PNB30Jan2065CE.NFO,07/01/2020,11:28:57,1.45,1.4,273900,1.45,33200,0,4091900
PNB30Jan2065CE.NFO,07/01/2020,11:29:01,1.45,1.4,273900,1.45,41500,0,4091900
PNB30Jan2065CE.NFO,07/01/2020,11:29:24,1.45,1.4,273900,1.45,33200,0,4091900
PNB30Jan2065CE.NFO,07/01/2020,11:29:45,1.45,1.4,273900,1.45,24900,0,4091900
PNB30Jan2065CE.NFO,07/01/2020,11:29:49,1.45,1.4,273900,1.45,16600,0,4091900
PNB30Jan2065CE.NFO,07/01/2020,11:30:17,1.45,1.4,273900,1.45,24900,0,4091900
PNB30Jan2065CE.NFO,07/01/2020,11:30:21,1.45,1.4,273900,1.45,16600,0,4091900
PNB30Jan2065CE.NFO,07/01/2020,11:30:26,1.45,1.4,273900,1.45,24900,0,4091900
PNB30Jan2065CE.NFO,07/01/2020,11:30:37,1.45,1.4,273900,1.45,16600,0,4091900
PNB30Jan2065CE.NFO,07/01/2020,11:30:46,1.45,1.4,273900,1.45,24900,0,4091900
PNB30Jan2065CE.NFO,07/01/2020,11:30:52,1.45,1.4,265600,1.45,24900,0,4091900
PNB30Jan2065CE.NFO,07/01/2020,11:30:55,1.45,1.4,265600,1.45,16600,0,4091900
PNB30Jan2065CE.NFO,07/01/2020,11:31:03,1.45,1.45,16600,1.5,124500,24900,4083600
PNB30Jan2065CE.NFO,07/01/2020,11:31:10,1.45,1.45,16600,1.5,124500,0,4083600
PNB30Jan2065CE.NFO,07/01/2020,11:31:30,1.45,1.45,16600,1.5,107900,0,4083600
PNB30Jan2065CE.NFO,07/01/2020,11:31:34,1.45,1.45,33200,1.5,99600,0,4083600
PNB30Jan2065CE.NFO,07/01/2020,11:31:52,1.45,1.45,91300,1.5,91300,0,4083600
PNB30Jan2065CE.NFO,07/01/2020,11:31:58,1.45,1.45,91300,1.5,83000,0,4083600
PNB30Jan2065CE.NFO,07/01/2020,11:32:04,1.5,1.45,91300,1.5,49800,8300,4083600
PNB30Jan2065CE.NFO,07/01/2020,11:32:10,1.5,1.45,91300,1.5,49800,0,4083600
PNB30Jan2065CE.NFO,07/01/2020,11:32:30,1.5,1.45,91300,1.5,91300,0,4083600
PNB30Jan2065CE.NFO,07/01/2020,11:32:35,1.5,1.45,99600,1.5,74700,0,4083600
PNB30Jan2065CE.NFO,07/01/2020,11:32:40,1.5,1.45,99600,1.5,66400,0,4083600
PNB30Jan2065CE.NFO,07/01/2020,11:33:47,1.5,1.45,124500,1.5,66400,0,4083600
PNB30Jan2065CE.NFO,07/01/2020,11:33:55,1.5,1.5,8300,1.55,107900,58100,4083600
PNB30Jan2065CE.NFO,07/01/2020,11:34:02,1.5,1.5,8300,1.55,107900,0,4083600
PNB30Jan2065CE.NFO,07/01/2020,11:34:16,1.5,1.5,49800,1.55,74700,0,4083600
PNB30Jan2065CE.NFO,07/01/2020,11:34:22,1.5,1.5,41500,1.55,74700,0,4083600
PNB30Jan2065CE.NFO,07/01/2020,11:34:28,1.5,1.5,49800,1.55,74700,0,4083600
PNB30Jan2065CE.NFO,07/01/2020,11:34:35,1.5,1.5,41500,1.55,74700,0,4083600
PNB30Jan2065CE.NFO,07/01/2020,11:34:47,1.5,1.5,33200,1.55,99600,0,4083600
PNB30Jan2065CE.NFO,07/01/2020,11:34:54,1.5,1.5,16600,1.55,74700,0,4083600
PNB30Jan2065CE.NFO,07/01/2020,11:34:59,1.5,1.5,41500,1.55,74700,0,4083600
PNB30Jan2065CE.NFO,07/01/2020,11:35:12,1.5,1.5,58100,1.55,66400,0,4083600
PNB30Jan2065CE.NFO,07/01/2020,11:35:18,1.5,1.5,16600,1.55,83000,0,4083600
PNB30Jan2065CE.NFO,07/01/2020,11:35:25,1.5,1.5,49800,1.55,66400,0,4083600
PNB30Jan2065CE.NFO,07/01/2020,11:35:48,1.5,1.5,74700,1.55,58100,0,4083600
PNB30Jan2065CE.NFO,07/01/2020,11:35:59,1.5,1.5,66400,1.55,58100,0,4083600
PNB30Jan2065CE.NFO,07/01/2020,11:36:04,1.5,1.5,74700,1.55,58100,0,4083600
PNB30Jan2065CE.NFO,07/01/2020,11:36:23,1.5,1.5,58100,1.55,58100,0,4083600
PNB30Jan2065CE.NFO,07/01/2020,11:36:29,1.5,1.5,66400,1.55,58100,0,4083600
PNB30Jan2065CE.NFO,07/01/2020,11:36:34,1.5,1.5,24900,1.55,91300,0,4083600
PNB30Jan2065CE.NFO,07/01/2020,11:36:50,1.5,1.45,107900,1.55,116200,24900,4050400
PNB30Jan2065CE.NFO,07/01/2020,11:36:57,1.5,1.45,107900,1.55,107900,0,4050400
PNB30Jan2065CE.NFO,07/01/2020,11:37:04,1.5,1.45,116200,1.55,99600,8300,4050400
PNB30Jan2065CE.NFO,07/01/2020,11:37:09,1.5,1.45,107900,1.55,91300,0,4050400
PNB30Jan2065CE.NFO,07/01/2020,11:37:14,1.5,1.45,107900,1.55,99600,0,4050400
PNB30Jan2065CE.NFO,07/01/2020,11:37:19,1.5,1.45,107900,1.55,107900,0,4050400
PNB30Jan2065CE.NFO,07/01/2020,11:37:23,1.5,1.45,107900,1.55,83000,0,4050400
PNB30Jan2065CE.NFO,07/01/2020,11:37:32,1.5,1.45,116200,1.55,83000,0,4050400
PNB30Jan2065CE.NFO,07/01/2020,11:37:37,1.5,1.45,116200,1.55,91300,0,4050400
PNB30Jan2065CE.NFO,07/01/2020,11:37:42,1.5,1.45,116200,1.55,83000,0,4050400
PNB30Jan2065CE.NFO,07/01/2020,11:37:47,1.5,1.45,124500,1.55,83000,0,4050400
PNB30Jan2065CE.NFO,07/01/2020,11:38:19,1.5,1.5,8300,1.55,83000,0,4050400
PNB30Jan2065CE.NFO,07/01/2020,11:38:31,1.5,1.45,124500,1.55,83000,0,4050400
PNB30Jan2065CE.NFO,07/01/2020,11:38:49,1.5,1.45,116200,1.55,107900,0,4050400
PNB30Jan2065CE.NFO,07/01/2020,11:38:53,1.5,1.45,124500,1.55,107900,0,4050400
PNB30Jan2065CE.NFO,07/01/2020,11:38:57,1.5,1.45,124500,1.55,99600,0,4050400
PNB30Jan2065CE.NFO,07/01/2020,11:39:04,1.5,1.45,116200,1.55,83000,0,4050400
PNB30Jan2065CE.NFO,07/01/2020,11:39:14,1.5,1.45,116200,1.55,107900,0,4050400
PNB30Jan2065CE.NFO,07/01/2020,11:39:18,1.5,1.45,116200,1.5,8300,0,4050400
PNB30Jan2065CE.NFO,07/01/2020,11:39:43,1.5,1.45,74700,1.5,58100,0,4050400
PNB30Jan2065CE.NFO,07/01/2020,11:39:48,1.5,1.45,66400,1.5,41500,0,4050400
PNB30Jan2065CE.NFO,07/01/2020,11:39:56,1.5,1.45,49800,1.5,41500,0,4050400
PNB30Jan2065CE.NFO,07/01/2020,11:40:03,1.5,1.45,49800,1.5,66400,0,4050400
PNB30Jan2065CE.NFO,07/01/2020,11:40:09,1.5,1.45,49800,1.5,83000,0,4050400
PNB30Jan2065CE.NFO,07/01/2020,11:40:14,1.5,1.45,49800,1.5,74700,0,4050400
PNB30Jan2065CE.NFO,07/01/2020,11:40:32,1.5,1.45,49800,1.5,83000,0,4050400
PNB30Jan2065CE.NFO,07/01/2020,11:40:35,1.5,1.45,49800,1.5,74700,0,4050400
PNB30Jan2065CE.NFO,07/01/2020,11:41:20,1.5,1.45,91300,1.5,74700,0,4050400
PNB30Jan2065CE.NFO,07/01/2020,11:41:30,1.5,1.45,91300,1.5,66400,0,4050400
PNB30Jan2065CE.NFO,07/01/2020,11:41:43,1.5,1.45,99600,1.5,66400,0,4050400
PNB30Jan2065CE.NFO,07/01/2020,11:41:46,1.5,1.45,99600,1.5,58100,0,4050400
PNB30Jan2065CE.NFO,07/01/2020,11:41:59,1.5,1.45,99600,1.5,49800,0,4050400
PNB30Jan2065CE.NFO,07/01/2020,11:42:07,1.5,1.45,58100,1.5,49800,0,4050400
PNB30Jan2065CE.NFO,07/01/2020,11:42:11,1.5,1.45,58100,1.5,74700,0,4050400
PNB30Jan2065CE.NFO,07/01/2020,11:42:15,1.5,1.45,58100,1.5,74700,41500,4067000
PNB30Jan2065CE.NFO,07/01/2020,11:42:19,1.5,1.45,58100,1.5,74700,0,4067000
PNB30Jan2065CE.NFO,07/01/2020,11:42:22,1.5,1.45,58100,1.5,58100,0,4067000
PNB30Jan2065CE.NFO,07/01/2020,11:42:26,1.5,1.45,58100,1.5,66400,0,4067000
PNB30Jan2065CE.NFO,07/01/2020,11:42:36,1.5,1.45,66400,1.5,74700,0,4067000
PNB30Jan2065CE.NFO,07/01/2020,11:42:55,1.5,1.45,49800,1.5,83000,0,4067000
PNB30Jan2065CE.NFO,07/01/2020,11:43:16,1.5,1.45,58100,1.5,83000,0,4067000
PNB30Jan2065CE.NFO,07/01/2020,11:43:20,1.5,1.45,49800,1.5,83000,0,4067000
PNB30Jan2065CE.NFO,07/01/2020,11:43:24,1.5,1.45,66400,1.5,83000,0,4067000
PNB30Jan2065CE.NFO,07/01/2020,11:43:28,1.5,1.45,66400,1.5,91300,0,4067000
PNB30Jan2065CE.NFO,07/01/2020,11:43:40,1.5,1.45,74700,1.5,91300,0,4067000
PNB30Jan2065CE.NFO,07/01/2020,11:43:55,1.5,1.45,74700,1.5,99600,0,4067000
PNB30Jan2065CE.NFO,07/01/2020,11:44:15,1.5,1.45,66400,1.5,99600,0,4067000
PNB30Jan2065CE.NFO,07/01/2020,11:44:38,1.5,1.45,74700,1.5,99600,0,4067000
PNB30Jan2065CE.NFO,07/01/2020,11:44:45,1.5,1.45,66400,1.5,99600,0,4067000
PNB30Jan2065CE.NFO,07/01/2020,11:44:52,1.5,1.45,74700,1.5,99600,0,4067000
PNB30Jan2065CE.NFO,07/01/2020,11:45:00,1.5,1.45,74700,1.5,91300,0,4067000
PNB30Jan2065CE.NFO,07/01/2020,11:45:13,1.5,1.45,66400,1.5,107900,0,4067000
PNB30Jan2065CE.NFO,07/01/2020,11:45:17,1.5,1.45,66400,1.5,91300,0,4067000
PNB30Jan2065CE.NFO,07/01/2020,11:45:21,1.5,1.45,66400,1.5,99600,0,4067000
PNB30Jan2065CE.NFO,07/01/2020,11:45:33,1.45,1.4,290500,1.45,8300,66400,4091900
PNB30Jan2065CE.NFO,07/01/2020,11:45:38,1.45,1.4,290500,1.45,8300,0,4091900
PNB30Jan2065CE.NFO,07/01/2020,11:45:47,1.45,1.4,298800,1.45,8300,8300,4091900
PNB30Jan2065CE.NFO,07/01/2020,11:45:51,1.45,1.4,290500,1.5,99600,8300,4091900
PNB30Jan2065CE.NFO,07/01/2020,11:45:55,1.45,1.45,8300,1.5,83000,0,4091900
PNB30Jan2065CE.NFO,07/01/2020,11:45:58,1.45,1.45,8300,1.5,91300,0,4091900
PNB30Jan2065CE.NFO,07/01/2020,11:46:04,1.45,1.45,8300,1.5,99600,0,4091900
PNB30Jan2065CE.NFO,07/01/2020,11:46:12,1.45,1.45,24900,1.5,99600,0,4091900
PNB30Jan2065CE.NFO,07/01/2020,11:46:16,1.45,1.45,24900,1.5,91300,0,4091900
PNB30Jan2065CE.NFO,07/01/2020,11:46:23,1.45,1.45,24900,1.5,83000,0,4091900
PNB30Jan2065CE.NFO,07/01/2020,11:46:42,1.45,1.45,24900,1.5,91300,0,4091900
PNB30Jan2065CE.NFO,07/01/2020,11:46:46,1.45,1.45,49800,1.5,91300,0,4091900
PNB30Jan2065CE.NFO,07/01/2020,11:47:32,1.45,1.45,24900,1.5,107900,0,4091900
PNB30Jan2065CE.NFO,07/01/2020,11:47:45,1.45,1.45,16600,1.5,124500,0,4091900
PNB30Jan2065CE.NFO,07/01/2020,11:47:49,1.45,1.45,16600,1.5,107900,0,4091900
PNB30Jan2065CE.NFO,07/01/2020,11:47:59,1.45,1.45,16600,1.5,116200,0,4091900
PNB30Jan2065CE.NFO,07/01/2020,11:48:03,1.45,1.45,16600,1.5,107900,0,4091900
PNB30Jan2065CE.NFO,07/01/2020,11:48:17,1.45,1.45,16600,1.5,99600,0,4091900
PNB30Jan2065CE.NFO,07/01/2020,11:48:38,1.45,1.45,16600,1.5,116200,0,4091900
PNB30Jan2065CE.NFO,07/01/2020,11:48:43,1.45,1.45,16600,1.5,107900,0,4091900
PNB30Jan2065CE.NFO,07/01/2020,11:48:55,1.45,1.4,290500,1.5,116200,8300,4125100
PNB30Jan2065CE.NFO,07/01/2020,11:48:58,1.45,1.4,298800,1.45,16600,8300,4125100
PNB30Jan2065CE.NFO,07/01/2020,11:49:01,1.45,1.4,298800,1.45,16600,0,4125100
PNB30Jan2065CE.NFO,07/01/2020,11:49:10,1.45,1.4,290500,1.45,16600,0,4125100
PNB30Jan2065CE.NFO,07/01/2020,11:49:16,1.45,1.4,290500,1.45,33200,0,4125100
PNB30Jan2065CE.NFO,07/01/2020,11:49:30,1.45,1.4,290500,1.45,8300,0,4125100
PNB30Jan2065CE.NFO,07/01/2020,11:49:33,1.45,1.4,298800,1.45,8300,0,4125100
PNB30Jan2065CE.NFO,07/01/2020,11:49:37,1.45,1.4,290500,1.5,132800,0,4125100
PNB30Jan2065CE.NFO,07/01/2020,11:49:41,1.45,1.4,290500,1.45,16600,0,4125100
PNB30Jan2065CE.NFO,07/01/2020,11:49:56,1.45,1.4,298800,1.45,16600,0,4125100
PNB30Jan2065CE.NFO,07/01/2020,11:50:13,1.45,1.4,290500,1.45,16600,0,4125100
PNB30Jan2065CE.NFO,07/01/2020,11:50:19,1.45,1.4,290500,1.45,74700,0,4125100
PNB30Jan2065CE.NFO,07/01/2020,11:50:25,1.45,1.4,290500,1.45,83000,0,4125100
PNB30Jan2065CE.NFO,07/01/2020,11:50:30,1.45,1.4,290500,1.45,41500,0,4125100
PNB30Jan2065CE.NFO,07/01/2020,11:50:35,1.45,1.4,298800,1.45,16600,0,4125100
PNB30Jan2065CE.NFO,07/01/2020,11:50:52,1.45,1.4,290500,1.45,16600,0,4125100
PNB30Jan2065CE.NFO,07/01/2020,11:50:56,1.45,1.4,290500,1.45,49800,0,4125100
PNB30Jan2065CE.NFO,07/01/2020,11:51:09,1.45,1.4,290500,1.45,16600,0,4125100
PNB30Jan2065CE.NFO,07/01/2020,11:51:24,1.45,1.4,298800,1.45,16600,0,4125100
PNB30Jan2065CE.NFO,07/01/2020,11:51:34,1.45,1.45,41500,1.5,107900,8300,4133400
PNB30Jan2065CE.NFO,07/01/2020,11:51:48,1.45,1.45,16600,1.5,107900,0,4133400
PNB30Jan2065CE.NFO,07/01/2020,11:51:52,1.45,1.4,290500,1.5,116200,16600,4133400
PNB30Jan2065CE.NFO,07/01/2020,11:51:57,1.45,1.4,290500,1.5,116200,0,4133400
PNB30Jan2065CE.NFO,07/01/2020,11:52:01,1.45,1.4,290500,1.5,107900,0,4133400
PNB30Jan2065CE.NFO,07/01/2020,11:52:06,1.45,1.45,16600,1.5,107900,0,4133400
PNB30Jan2065CE.NFO,07/01/2020,11:52:09,1.45,1.45,16600,1.5,83000,0,4133400
PNB30Jan2065CE.NFO,07/01/2020,11:52:13,1.45,1.45,16600,1.5,91300,0,4133400
PNB30Jan2065CE.NFO,07/01/2020,11:52:39,1.45,1.45,8300,1.5,91300,0,4133400
PNB30Jan2065CE.NFO,07/01/2020,11:52:42,1.45,1.45,16600,1.5,91300,0,4133400
PNB30Jan2065CE.NFO,07/01/2020,11:52:57,1.45,1.45,49800,1.5,91300,0,4133400
PNB30Jan2065CE.NFO,07/01/2020,11:53:23,1.45,1.45,66400,1.5,91300,0,4133400
PNB30Jan2065CE.NFO,07/01/2020,11:54:23,1.45,1.45,49800,1.5,91300,0,4133400
PNB30Jan2065CE.NFO,07/01/2020,11:54:33,1.45,1.45,24900,1.5,107900,0,4133400
PNB30Jan2065CE.NFO,07/01/2020,11:54:39,1.45,1.45,16600,1.5,107900,0,4133400
PNB30Jan2065CE.NFO,07/01/2020,11:54:49,1.45,1.45,8300,1.5,107900,0,4133400
PNB30Jan2065CE.NFO,07/01/2020,11:54:59,1.45,1.45,8300,1.5,99600,0,4133400
PNB30Jan2065CE.NFO,07/01/2020,11:55:10,1.45,1.45,8300,1.5,91300,0,4133400
PNB30Jan2065CE.NFO,07/01/2020,11:55:23,1.45,1.45,16600,1.5,91300,0,4133400
PNB30Jan2065CE.NFO,07/01/2020,11:55:52,1.45,1.45,8300,1.5,91300,0,4133400
PNB30Jan2065CE.NFO,07/01/2020,11:56:08,1.45,1.45,8300,1.5,99600,0,4133400
PNB30Jan2065CE.NFO,07/01/2020,11:56:11,1.45,1.4,298800,1.5,91300,8300,4133400
PNB30Jan2065CE.NFO,07/01/2020,11:56:21,1.5,1.4,290500,1.5,83000,8300,4133400
PNB30Jan2065CE.NFO,07/01/2020,11:56:26,1.5,1.4,290500,1.5,107900,0,4133400
PNB30Jan2065CE.NFO,07/01/2020,11:56:28,1.5,1.4,298800,1.5,107900,0,4133400
PNB30Jan2065CE.NFO,07/01/2020,11:56:34,1.5,1.4,307100,1.5,107900,0,4133400
PNB30Jan2065CE.NFO,07/01/2020,11:56:37,1.5,1.45,24900,1.5,107900,0,4133400
PNB30Jan2065CE.NFO,07/01/2020,11:56:57,1.5,1.45,41500,1.5,107900,0,4133400
PNB30Jan2065CE.NFO,07/01/2020,11:57:01,1.5,1.45,33200,1.5,107900,0,4133400
PNB30Jan2065CE.NFO,07/01/2020,11:57:04,1.5,1.45,33200,1.5,99600,0,4133400
PNB30Jan2065CE.NFO,07/01/2020,11:57:11,1.5,1.45,99600,1.55,91300,66400,4125100
PNB30Jan2065CE.NFO,07/01/2020,11:57:15,1.5,1.5,8300,1.55,91300,0,4125100
PNB30Jan2065CE.NFO,07/01/2020,11:57:34,1.5,1.45,116200,1.5,8300,8300,4125100
PNB30Jan2065CE.NFO,07/01/2020,11:57:39,1.5,1.45,116200,1.5,24900,0,4125100
PNB30Jan2065CE.NFO,07/01/2020,11:57:49,1.5,1.45,66400,1.5,58100,0,4125100
PNB30Jan2065CE.NFO,07/01/2020,11:57:55,1.5,1.45,74700,1.5,66400,0,4125100
PNB30Jan2065CE.NFO,07/01/2020,11:58:04,1.5,1.45,74700,1.5,58100,0,4125100
PNB30Jan2065CE.NFO,07/01/2020,11:58:09,1.5,1.45,66400,1.5,58100,0,4125100
PNB30Jan2065CE.NFO,07/01/2020,11:58:47,1.5,1.45,116200,1.5,33200,0,4125100
PNB30Jan2065CE.NFO,07/01/2020,11:59:05,1.5,1.45,116200,1.5,24900,0,4125100
PNB30Jan2065CE.NFO,07/01/2020,11:59:22,1.5,1.45,83000,1.5,41500,0,4125100
PNB30Jan2065CE.NFO,07/01/2020,11:59:26,1.5,1.45,116200,1.5,24900,0,4125100
PNB30Jan2065CE.NFO,07/01/2020,11:59:30,1.5,1.45,116200,1.5,33200,0,4125100
PNB30Jan2065CE.NFO,07/01/2020,11:59:34,1.5,1.45,116200,1.5,24900,0,4125100
PNB30Jan2065CE.NFO,07/01/2020,11:59:38,1.5,1.45,116200,1.5,16600,0,4125100
PNB30Jan2065CE.NFO,07/01/2020,11:59:42,1.5,1.45,116200,1.5,24900,0,4125100
PNB30Jan2065CE.NFO,07/01/2020,11:59:55,1.5,1.45,66400,1.5,41500,0,4125100
PNB30Jan2065CE.NFO,07/01/2020,11:59:58,1.5,1.45,58100,1.5,41500,0,4125100
PNB30Jan2065CE.NFO,07/01/2020,12:00:06,1.5,1.45,58100,1.5,49800,0,4125100
PNB30Jan2065CE.NFO,07/01/2020,12:00:09,1.5,1.45,58100,1.5,58100,0,4125100
PNB30Jan2065CE.NFO,07/01/2020,12:00:13,1.5,1.45,58100,1.5,49800,0,4125100
PNB30Jan2065CE.NFO,07/01/2020,12:00:25,1.5,1.45,58100,1.5,41500,0,4125100
PNB30Jan2065CE.NFO,07/01/2020,12:00:46,1.5,1.45,58100,1.5,49800,0,4125100
PNB30Jan2065CE.NFO,07/01/2020,12:02:17,1.5,1.45,49800,1.5,49800,0,4125100
PNB30Jan2065CE.NFO,07/01/2020,12:02:19,1.45,1.45,41500,1.5,49800,8300,4141700
PNB30Jan2065CE.NFO,07/01/2020,12:02:35,1.45,1.45,83000,1.5,41500,0,4141700
PNB30Jan2065CE.NFO,07/01/2020,12:02:42,1.5,1.5,8300,1.55,83000,24900,4141700
PNB30Jan2065CE.NFO,07/01/2020,12:02:49,1.5,1.45,107900,1.55,99600,0,4141700
PNB30Jan2065CE.NFO,07/01/2020,12:02:59,1.5,1.45,107900,1.55,83000,8300,4141700
PNB30Jan2065CE.NFO,07/01/2020,12:03:04,1.5,1.45,107900,1.55,83000,0,4141700
PNB30Jan2065CE.NFO,07/01/2020,12:03:10,1.5,1.45,107900,1.5,8300,0,4141700
PNB30Jan2065CE.NFO,07/01/2020,12:03:16,1.5,1.45,99600,1.55,83000,0,4141700
PNB30Jan2065CE.NFO,07/01/2020,12:03:21,1.5,1.45,74700,1.5,24900,0,4141700
PNB30Jan2065CE.NFO,07/01/2020,12:03:33,1.5,1.45,74700,1.5,33200,0,4141700
PNB30Jan2065CE.NFO,07/01/2020,12:03:38,1.5,1.45,66400,1.5,33200,0,4141700
PNB30Jan2065CE.NFO,07/01/2020,12:03:46,1.5,1.45,66400,1.5,41500,0,4141700
PNB30Jan2065CE.NFO,07/01/2020,12:03:49,1.5,1.45,66400,1.5,49800,0,4141700
PNB30Jan2065CE.NFO,07/01/2020,12:03:53,1.5,1.45,66400,1.5,41500,0,4141700
PNB30Jan2065CE.NFO,07/01/2020,12:04:03,1.45,1.45,58100,1.5,33200,8300,4141700
PNB30Jan2065CE.NFO,07/01/2020,12:04:32,1.45,1.45,91300,1.5,24900,8300,4141700
PNB30Jan2065CE.NFO,07/01/2020,12:04:40,1.45,1.45,91300,1.5,49800,0,4141700
PNB30Jan2065CE.NFO,07/01/2020,12:04:59,1.45,1.45,91300,1.5,41500,0,4141700
PNB30Jan2065CE.NFO,07/01/2020,12:05:02,1.45,1.45,91300,1.5,16600,0,4141700
PNB30Jan2065CE.NFO,07/01/2020,12:05:06,1.45,1.45,116200,1.5,16600,0,4141700
PNB30Jan2065CE.NFO,07/01/2020,12:05:14,1.45,1.45,107900,1.5,16600,0,4141700
PNB30Jan2065CE.NFO,07/01/2020,12:05:55,1.45,1.45,66400,1.5,49800,0,4141700
PNB30Jan2065CE.NFO,07/01/2020,12:06:09,1.45,1.45,99600,1.5,49800,0,4141700
PNB30Jan2065CE.NFO,07/01/2020,12:06:15,1.45,1.45,99600,1.5,41500,0,4141700
PNB30Jan2065CE.NFO,07/01/2020,12:06:19,1.45,1.45,107900,1.5,16600,0,4141700
PNB30Jan2065CE.NFO,07/01/2020,12:06:29,1.45,1.45,83000,1.5,24900,0,4141700
PNB30Jan2065CE.NFO,07/01/2020,12:06:36,1.45,1.45,83000,1.5,33200,0,4141700
PNB30Jan2065CE.NFO,07/01/2020,12:06:42,1.45,1.45,91300,1.5,33200,0,4141700
PNB30Jan2065CE.NFO,07/01/2020,12:06:45,1.45,1.45,91300,1.5,24900,0,4141700
PNB30Jan2065CE.NFO,07/01/2020,12:06:48,1.5,1.45,99600,1.5,24900,8300,4158300
PNB30Jan2065CE.NFO,07/01/2020,12:06:51,1.5,1.45,99600,1.5,24900,0,4158300
PNB30Jan2065CE.NFO,07/01/2020,12:06:59,1.5,1.45,91300,1.5,16600,0,4158300
PNB30Jan2065CE.NFO,07/01/2020,12:07:06,1.5,1.45,91300,1.5,24900,0,4158300
PNB30Jan2065CE.NFO,07/01/2020,12:07:10,1.5,1.45,99600,1.5,24900,0,4158300
PNB30Jan2065CE.NFO,07/01/2020,12:07:13,1.5,1.45,99600,1.5,16600,0,4158300
PNB30Jan2065CE.NFO,07/01/2020,12:07:15,1.5,1.45,99600,1.5,24900,0,4158300
PNB30Jan2065CE.NFO,07/01/2020,12:07:35,1.5,1.45,66400,1.5,49800,0,4158300
PNB30Jan2065CE.NFO,07/01/2020,12:07:44,1.5,1.45,66400,1.5,41500,0,4158300
PNB30Jan2065CE.NFO,07/01/2020,12:07:55,1.5,1.45,66400,1.5,33200,0,4158300
PNB30Jan2065CE.NFO,07/01/2020,12:08:20,1.5,1.45,66400,1.5,16600,0,4158300
PNB30Jan2065CE.NFO,07/01/2020,12:08:26,1.5,1.45,66400,1.5,41500,0,4158300
PNB30Jan2065CE.NFO,07/01/2020,12:08:32,1.5,1.45,66400,1.5,33200,0,4158300
PNB30Jan2065CE.NFO,07/01/2020,12:08:43,1.5,1.45,66400,1.5,41500,0,4158300
PNB30Jan2065CE.NFO,07/01/2020,12:08:50,1.5,1.45,66400,1.5,49800,0,4158300
PNB30Jan2065CE.NFO,07/01/2020,12:09:04,1.5,1.45,66400,1.5,33200,0,4158300
PNB30Jan2065CE.NFO,07/01/2020,12:09:24,1.5,1.45,83000,1.5,33200,0,4158300
PNB30Jan2065CE.NFO,07/01/2020,12:09:26,1.5,1.45,124500,1.5,33200,0,4158300
PNB30Jan2065CE.NFO,07/01/2020,12:09:29,1.5,1.45,124500,1.5,41500,0,4158300
PNB30Jan2065CE.NFO,07/01/2020,12:09:55,1.5,1.45,132800,1.5,74700,0,4158300
PNB30Jan2065CE.NFO,07/01/2020,12:09:58,1.5,1.45,132800,1.5,83000,0,4158300
PNB30Jan2065CE.NFO,07/01/2020,12:10:05,1.5,1.45,124500,1.5,41500,0,4158300
PNB30Jan2065CE.NFO,07/01/2020,12:10:11,1.5,1.45,124500,1.5,49800,0,4158300
PNB30Jan2065CE.NFO,07/01/2020,12:10:39,1.5,1.45,149400,1.5,41500,0,4158300
PNB30Jan2065CE.NFO,07/01/2020,12:10:42,1.5,1.45,124500,1.5,58100,0,4158300
PNB30Jan2065CE.NFO,07/01/2020,12:10:57,1.5,1.45,149400,1.5,58100,0,4158300
PNB30Jan2065CE.NFO,07/01/2020,12:10:59,1.5,1.45,149400,1.5,49800,0,4158300
PNB30Jan2065CE.NFO,07/01/2020,12:12:02,1.5,1.45,149400,1.5,24900,33200,4133400
PNB30Jan2065CE.NFO,07/01/2020,12:12:16,1.5,1.45,149400,1.5,33200,0,4133400
PNB30Jan2065CE.NFO,07/01/2020,12:12:34,1.5,1.45,149400,1.5,24900,0,4133400
PNB30Jan2065CE.NFO,07/01/2020,12:12:42,1.5,1.45,149400,1.5,41500,0,4133400
PNB30Jan2065CE.NFO,07/01/2020,12:12:58,1.5,1.45,149400,1.5,49800,0,4133400
PNB30Jan2065CE.NFO,07/01/2020,12:13:08,1.5,1.45,149400,1.5,33200,0,4133400
PNB30Jan2065CE.NFO,07/01/2020,12:13:15,1.5,1.45,174300,1.55,74700,16600,4133400
PNB30Jan2065CE.NFO,07/01/2020,12:13:22,1.5,1.5,8300,1.55,74700,0,4133400
PNB30Jan2065CE.NFO,07/01/2020,12:13:33,1.5,1.5,16600,1.55,74700,0,4133400
PNB30Jan2065CE.NFO,07/01/2020,12:13:38,1.5,1.5,24900,1.55,83000,0,4133400
PNB30Jan2065CE.NFO,07/01/2020,12:13:42,1.5,1.5,24900,1.55,74700,0,4133400
PNB30Jan2065CE.NFO,07/01/2020,12:13:50,1.5,1.45,174300,1.55,74700,16600,4133400
PNB30Jan2065CE.NFO,07/01/2020,12:13:54,1.5,1.45,174300,1.55,66400,0,4133400
PNB30Jan2065CE.NFO,07/01/2020,12:13:58,1.5,1.45,207500,1.55,107900,0,4133400
PNB30Jan2065CE.NFO,07/01/2020,12:14:04,1.5,1.45,190900,1.55,107900,0,4133400
PNB30Jan2065CE.NFO,07/01/2020,12:14:23,1.5,1.45,190900,1.55,99600,0,4133400
PNB30Jan2065CE.NFO,07/01/2020,12:14:27,1.5,1.45,199200,1.55,99600,0,4133400
PNB30Jan2065CE.NFO,07/01/2020,12:14:42,1.5,1.45,190900,1.55,83000,0,4133400
PNB30Jan2065CE.NFO,07/01/2020,12:14:49,1.5,1.45,190900,1.55,91300,0,4133400
PNB30Jan2065CE.NFO,07/01/2020,12:14:55,1.5,1.45,190900,1.55,83000,0,4133400
PNB30Jan2065CE.NFO,07/01/2020,12:14:58,1.5,1.45,199200,1.55,99600,0,4133400
PNB30Jan2065CE.NFO,07/01/2020,12:15:23,1.5,1.45,199200,1.5,33200,0,4133400
PNB30Jan2065CE.NFO,07/01/2020,12:15:27,1.5,1.45,199200,1.5,24900,0,4133400
PNB30Jan2065CE.NFO,07/01/2020,12:15:35,1.5,1.45,199200,1.55,74700,0,4133400
PNB30Jan2065CE.NFO,07/01/2020,12:15:38,1.5,1.45,199200,1.55,99600,0,4133400
PNB30Jan2065CE.NFO,07/01/2020,12:15:42,1.5,1.45,199200,1.5,24900,0,4133400
PNB30Jan2065CE.NFO,07/01/2020,12:15:54,1.5,1.45,199200,1.5,33200,0,4133400
PNB30Jan2065CE.NFO,07/01/2020,12:16:03,1.5,1.45,199200,1.5,24900,8300,4158300
PNB30Jan2065CE.NFO,07/01/2020,12:16:18,1.5,1.45,199200,1.5,24900,0,4158300
PNB30Jan2065CE.NFO,07/01/2020,12:16:27,1.5,1.45,199200,1.5,16600,0,4158300
PNB30Jan2065CE.NFO,07/01/2020,12:16:31,1.5,1.45,199200,1.5,24900,0,4158300
PNB30Jan2065CE.NFO,07/01/2020,12:16:34,1.5,1.45,199200,1.5,16600,0,4158300
PNB30Jan2065CE.NFO,07/01/2020,12:16:41,1.5,1.45,199200,1.5,24900,0,4158300
PNB30Jan2065CE.NFO,07/01/2020,12:16:49,1.5,1.45,199200,1.5,16600,0,4158300
PNB30Jan2065CE.NFO,07/01/2020,12:16:52,1.5,1.45,199200,1.5,24900,0,4158300
PNB30Jan2065CE.NFO,07/01/2020,12:16:55,1.5,1.45,199200,1.5,16600,0,4158300
PNB30Jan2065CE.NFO,07/01/2020,12:17:00,1.5,1.45,199200,1.5,24900,0,4158300
PNB30Jan2065CE.NFO,07/01/2020,12:17:19,1.5,1.45,199200,1.5,16600,0,4158300
PNB30Jan2065CE.NFO,07/01/2020,12:17:23,1.5,1.45,199200,1.5,24900,0,4158300
PNB30Jan2065CE.NFO,07/01/2020,12:17:30,1.5,1.45,199200,1.5,16600,0,4158300
PNB30Jan2065CE.NFO,07/01/2020,12:17:35,1.5,1.45,199200,1.5,24900,0,4158300
PNB30Jan2065CE.NFO,07/01/2020,12:17:43,1.5,1.45,199200,1.5,16600,0,4158300
PNB30Jan2065CE.NFO,07/01/2020,12:17:45,1.5,1.45,199200,1.5,24900,0,4158300
PNB30Jan2065CE.NFO,07/01/2020,12:17:57,1.5,1.45,199200,1.5,16600,0,4158300
PNB30Jan2065CE.NFO,07/01/2020,12:18:17,1.5,1.45,199200,1.5,24900,0,4158300
PNB30Jan2065CE.NFO,07/01/2020,12:18:27,1.5,1.45,199200,1.5,16600,0,4158300
PNB30Jan2065CE.NFO,07/01/2020,12:18:30,1.5,1.45,199200,1.5,24900,0,4158300
PNB30Jan2065CE.NFO,07/01/2020,12:18:34,1.5,1.45,199200,1.5,16600,0,4158300
PNB30Jan2065CE.NFO,07/01/2020,12:18:36,1.5,1.45,199200,1.5,24900,0,4158300
PNB30Jan2065CE.NFO,07/01/2020,12:19:10,1.5,1.45,199200,1.5,16600,0,4158300
PNB30Jan2065CE.NFO,07/01/2020,12:19:19,1.5,1.5,16600,1.55,91300,16600,4158300
PNB30Jan2065CE.NFO,07/01/2020,12:19:25,1.5,1.5,24900,1.55,91300,0,4158300
PNB30Jan2065CE.NFO,07/01/2020,12:19:35,1.5,1.5,24900,1.55,99600,0,4158300
PNB30Jan2065CE.NFO,07/01/2020,12:19:40,1.5,1.5,24900,1.55,91300,0,4158300
PNB30Jan2065CE.NFO,07/01/2020,12:19:46,1.5,1.5,24900,1.55,83000,0,4158300
PNB30Jan2065CE.NFO,07/01/2020,12:19:59,1.5,1.5,24900,1.55,99600,0,4158300
PNB30Jan2065CE.NFO,07/01/2020,12:20:06,1.5,1.5,24900,1.55,74700,0,4158300
PNB30Jan2065CE.NFO,07/01/2020,12:20:10,1.5,1.5,24900,1.55,83000,0,4158300
PNB30Jan2065CE.NFO,07/01/2020,12:20:13,1.5,1.5,24900,1.55,66400,0,4158300
PNB30Jan2065CE.NFO,07/01/2020,12:20:17,1.5,1.5,24900,1.55,74700,0,4158300
PNB30Jan2065CE.NFO,07/01/2020,12:20:26,1.5,1.45,182600,1.55,74700,24900,4158300
PNB30Jan2065CE.NFO,07/01/2020,12:20:29,1.5,1.45,182600,1.55,66400,0,4158300
PNB30Jan2065CE.NFO,07/01/2020,12:20:32,1.5,1.5,16600,1.55,74700,0,4158300
PNB30Jan2065CE.NFO,07/01/2020,12:20:35,1.5,1.45,182600,1.55,74700,0,4158300
PNB30Jan2065CE.NFO,07/01/2020,12:20:46,1.5,1.45,190900,1.55,83000,0,4158300
PNB30Jan2065CE.NFO,07/01/2020,12:20:48,1.5,1.45,190900,1.55,91300,0,4158300
PNB30Jan2065CE.NFO,07/01/2020,12:20:58,1.5,1.45,182600,1.55,91300,0,4158300
PNB30Jan2065CE.NFO,07/01/2020,12:21:27,1.5,1.45,182600,1.55,107900,0,4158300
PNB30Jan2065CE.NFO,07/01/2020,12:21:53,1.5,1.45,182600,1.55,116200,0,4158300
PNB30Jan2065CE.NFO,07/01/2020,12:22:07,1.5,1.45,182600,1.55,91300,0,4158300
PNB30Jan2065CE.NFO,07/01/2020,12:22:12,1.5,1.45,182600,1.55,99600,0,4158300
PNB30Jan2065CE.NFO,07/01/2020,12:22:21,1.5,1.45,182600,1.55,107900,0,4158300
PNB30Jan2065CE.NFO,07/01/2020,12:22:47,1.5,1.45,182600,1.55,141100,0,4158300
PNB30Jan2065CE.NFO,07/01/2020,12:22:52,1.5,1.45,107900,1.5,58100,0,4158300
PNB30Jan2065CE.NFO,07/01/2020,12:22:56,1.5,1.45,107900,1.5,74700,0,4158300
PNB30Jan2065CE.NFO,07/01/2020,12:23:02,1.5,1.45,107900,1.5,66400,0,4158300
PNB30Jan2065CE.NFO,07/01/2020,12:23:17,1.5,1.45,107900,1.5,58100,0,4158300
PNB30Jan2065CE.NFO,07/01/2020,12:24:13,1.5,1.45,174300,1.5,41500,0,4158300
PNB30Jan2065CE.NFO,07/01/2020,12:24:19,1.5,1.45,166000,1.5,41500,0,4158300
PNB30Jan2065CE.NFO,07/01/2020,12:24:24,1.5,1.45,141100,1.5,49800,0,4158300
PNB30Jan2065CE.NFO,07/01/2020,12:24:28,1.5,1.45,157700,1.5,49800,0,4158300
PNB30Jan2065CE.NFO,07/01/2020,12:24:34,1.5,1.45,124500,1.5,58100,0,4158300
PNB30Jan2065CE.NFO,07/01/2020,12:24:47,1.5,1.45,124500,1.5,66400,0,4158300
PNB30Jan2065CE.NFO,07/01/2020,12:24:50,1.5,1.45,116200,1.5,66400,0,4158300
PNB30Jan2065CE.NFO,07/01/2020,12:25:06,1.5,1.45,107900,1.5,99600,0,4158300
PNB30Jan2065CE.NFO,07/01/2020,12:25:10,1.5,1.45,107900,1.5,91300,0,4158300
PNB30Jan2065CE.NFO,07/01/2020,12:25:27,1.5,1.45,107900,1.5,99600,0,4158300
PNB30Jan2065CE.NFO,07/01/2020,12:25:28,1.5,1.45,107900,1.5,91300,0,4158300
PNB30Jan2065CE.NFO,07/01/2020,12:25:57,1.5,1.45,107900,1.5,83000,0,4158300
PNB30Jan2065CE.NFO,07/01/2020,12:26:10,1.5,1.45,107900,1.5,91300,0,4158300
PNB30Jan2065CE.NFO,07/01/2020,12:26:38,1.5,1.45,107900,1.5,83000,0,4158300
PNB30Jan2065CE.NFO,07/01/2020,12:26:52,1.5,1.45,107900,1.5,99600,0,4158300
PNB30Jan2065CE.NFO,07/01/2020,12:26:56,1.5,1.45,107900,1.5,124500,0,4158300
PNB30Jan2065CE.NFO,07/01/2020,12:27:00,1.5,1.45,107900,1.5,116200,0,4158300
PNB30Jan2065CE.NFO,07/01/2020,12:27:11,1.5,1.45,107900,1.5,132800,0,4158300
PNB30Jan2065CE.NFO,07/01/2020,12:27:15,1.5,1.45,107900,1.5,124500,0,4158300
PNB30Jan2065CE.NFO,07/01/2020,12:27:19,1.5,1.45,107900,1.5,116200,0,4158300
PNB30Jan2065CE.NFO,07/01/2020,12:27:56,1.5,1.45,107900,1.5,91300,0,4158300
PNB30Jan2065CE.NFO,07/01/2020,12:28:02,1.5,1.45,107900,1.5,83000,0,4158300
PNB30Jan2065CE.NFO,07/01/2020,12:28:17,1.5,1.45,107900,1.5,74700,0,4158300
PNB30Jan2065CE.NFO,07/01/2020,12:28:48,1.5,1.45,107900,1.5,83000,0,4158300
PNB30Jan2065CE.NFO,07/01/2020,12:28:52,1.5,1.45,107900,1.5,107900,0,4158300
PNB30Jan2065CE.NFO,07/01/2020,12:28:58,1.45,1.45,58100,1.5,124500,16600,4166600
PNB30Jan2065CE.NFO,07/01/2020,12:29:05,1.45,1.45,16600,1.5,132800,0,4166600
PNB30Jan2065CE.NFO,07/01/2020,12:29:10,1.45,1.45,16600,1.5,141100,0,4166600
PNB30Jan2065CE.NFO,07/01/2020,12:29:19,1.45,1.45,16600,1.5,132800,0,4166600
PNB30Jan2065CE.NFO,07/01/2020,12:29:47,1.45,1.45,16600,1.5,141100,0,4166600
PNB30Jan2065CE.NFO,07/01/2020,12:29:52,1.45,1.45,16600,1.5,132800,0,4166600
PNB30Jan2065CE.NFO,07/01/2020,12:29:57,1.45,1.45,16600,1.5,141100,0,4166600
PNB30Jan2065CE.NFO,07/01/2020,12:30:06,1.45,1.45,16600,1.5,149400,0,4166600
PNB30Jan2065CE.NFO,07/01/2020,12:30:12,1.45,1.45,16600,1.5,141100,0,4166600
PNB30Jan2065CE.NFO,07/01/2020,12:30:21,1.45,1.45,16600,1.5,132800,0,4166600
PNB30Jan2065CE.NFO,07/01/2020,12:31:36,1.45,1.4,290500,1.5,149400,24900,4183200
PNB30Jan2065CE.NFO,07/01/2020,12:31:39,1.45,1.4,290500,1.5,149400,0,4183200
PNB30Jan2065CE.NFO,07/01/2020,12:31:47,1.45,1.4,282200,1.5,149400,0,4183200
PNB30Jan2065CE.NFO,07/01/2020,12:32:11,1.45,1.4,290500,1.5,149400,0,4183200
PNB30Jan2065CE.NFO,07/01/2020,12:32:35,1.45,1.4,273900,1.45,16600,0,4183200
PNB30Jan2065CE.NFO,07/01/2020,12:32:46,1.45,1.4,273900,1.45,41500,0,4183200
PNB30Jan2065CE.NFO,07/01/2020,12:32:51,1.45,1.4,273900,1.45,49800,0,4183200
PNB30Jan2065CE.NFO,07/01/2020,12:32:55,1.45,1.4,265600,1.45,49800,0,4183200
PNB30Jan2065CE.NFO,07/01/2020,12:32:59,1.45,1.4,273900,1.45,49800,0,4183200
PNB30Jan2065CE.NFO,07/01/2020,12:33:09,1.45,1.4,273900,1.45,24900,0,4183200
PNB30Jan2065CE.NFO,07/01/2020,12:33:13,1.45,1.4,273900,1.45,8300,0,4183200
PNB30Jan2065CE.NFO,07/01/2020,12:33:17,1.45,1.4,273900,1.5,174300,0,4183200
PNB30Jan2065CE.NFO,07/01/2020,12:33:24,1.45,1.4,265600,1.5,174300,0,4183200
PNB30Jan2065CE.NFO,07/01/2020,12:33:27,1.45,1.4,257300,1.5,174300,0,4183200
PNB30Jan2065CE.NFO,07/01/2020,12:33:36,1.45,1.4,265600,1.5,174300,0,4183200
PNB30Jan2065CE.NFO,07/01/2020,12:33:40,1.45,1.4,273900,1.45,16600,0,4183200
PNB30Jan2065CE.NFO,07/01/2020,12:33:44,1.45,1.4,265600,1.45,49800,0,4183200
PNB30Jan2065CE.NFO,07/01/2020,12:33:47,1.45,1.4,265600,1.45,58100,0,4183200
PNB30Jan2065CE.NFO,07/01/2020,12:33:57,1.45,1.4,273900,1.45,58100,0,4183200
PNB30Jan2065CE.NFO,07/01/2020,12:34:32,1.45,1.4,290500,1.5,174300,0,4183200
PNB30Jan2065CE.NFO,07/01/2020,12:34:37,1.45,1.4,282200,1.5,174300,0,4183200
PNB30Jan2065CE.NFO,07/01/2020,12:34:55,1.45,1.4,282200,1.5,166000,0,4183200
PNB30Jan2065CE.NFO,07/01/2020,12:35:01,1.45,1.45,16600,1.5,132800,0,4183200
PNB30Jan2065CE.NFO,07/01/2020,12:35:05,1.45,1.45,41500,1.5,132800,0,4183200
PNB30Jan2065CE.NFO,07/01/2020,12:35:08,1.45,1.45,49800,1.5,132800,0,4183200
PNB30Jan2065CE.NFO,07/01/2020,12:35:15,1.45,1.45,49800,1.5,141100,0,4183200
PNB30Jan2065CE.NFO,07/01/2020,12:35:45,1.45,1.45,49800,1.5,182600,0,4183200
PNB30Jan2065CE.NFO,07/01/2020,12:35:50,1.45,1.45,41500,1.5,132800,8300,4183200
PNB30Jan2065CE.NFO,07/01/2020,12:35:57,1.45,1.45,41500,1.5,132800,0,4183200
PNB30Jan2065CE.NFO,07/01/2020,12:36:02,1.45,1.45,41500,1.5,141100,0,4183200
PNB30Jan2065CE.NFO,07/01/2020,12:36:11,1.45,1.45,41500,1.5,174300,8300,4183200
PNB30Jan2065CE.NFO,07/01/2020,12:36:14,1.45,1.45,41500,1.5,132800,0,4183200
PNB30Jan2065CE.NFO,07/01/2020,12:36:19,1.45,1.45,41500,1.5,174300,0,4183200
PNB30Jan2065CE.NFO,07/01/2020,12:36:22,1.45,1.45,41500,1.5,141100,0,4183200
PNB30Jan2065CE.NFO,07/01/2020,12:36:25,1.45,1.45,41500,1.5,132800,0,4183200
PNB30Jan2065CE.NFO,07/01/2020,12:36:34,1.45,1.45,41500,1.5,141100,0,4183200
PNB30Jan2065CE.NFO,07/01/2020,12:36:37,1.45,1.45,41500,1.5,174300,0,4183200
PNB30Jan2065CE.NFO,07/01/2020,12:36:44,1.45,1.45,33200,1.5,166000,0,4183200
PNB30Jan2065CE.NFO,07/01/2020,12:36:53,1.45,1.45,33200,1.5,174300,0,4183200
PNB30Jan2065CE.NFO,07/01/2020,12:37:05,1.45,1.45,33200,1.5,182600,0,4183200
PNB30Jan2065CE.NFO,07/01/2020,12:37:18,1.45,1.45,33200,1.5,174300,0,4183200
PNB30Jan2065CE.NFO,07/01/2020,12:37:29,1.45,1.45,33200,1.5,182600,0,4183200
PNB30Jan2065CE.NFO,07/01/2020,12:37:34,1.45,1.45,16600,1.5,182600,0,4183200
PNB30Jan2065CE.NFO,07/01/2020,12:37:39,1.45,1.45,24900,1.5,141100,0,4183200
PNB30Jan2065CE.NFO,07/01/2020,12:37:44,1.45,1.45,24900,1.5,132800,0,4183200
PNB30Jan2065CE.NFO,07/01/2020,12:38:49,1.45,1.45,66400,1.5,116200,0,4183200
PNB30Jan2065CE.NFO,07/01/2020,12:38:53,1.45,1.45,41500,1.5,116200,0,4183200
PNB30Jan2065CE.NFO,07/01/2020,12:38:58,1.45,1.45,49800,1.5,116200,0,4183200
PNB30Jan2065CE.NFO,07/01/2020,12:39:02,1.45,1.45,33200,1.5,116200,0,4183200
PNB30Jan2065CE.NFO,07/01/2020,12:39:10,1.45,1.45,66400,1.5,116200,0,4183200
PNB30Jan2065CE.NFO,07/01/2020,12:39:21,1.45,1.45,58100,1.5,157700,0,4183200
PNB30Jan2065CE.NFO,07/01/2020,12:39:26,1.45,1.45,24900,1.5,157700,0,4183200
PNB30Jan2065CE.NFO,07/01/2020,12:39:35,1.45,1.45,24900,1.5,149400,0,4183200
PNB30Jan2065CE.NFO,07/01/2020,12:39:48,1.45,1.45,24900,1.5,199200,0,4183200
PNB30Jan2065CE.NFO,07/01/2020,12:39:51,1.45,1.45,24900,1.5,190900,0,4183200
PNB30Jan2065CE.NFO,07/01/2020,12:40:07,1.45,1.45,16600,1.5,190900,0,4183200
PNB30Jan2065CE.NFO,07/01/2020,12:40:18,1.45,1.45,24900,1.5,166000,0,4183200
PNB30Jan2065CE.NFO,07/01/2020,12:40:22,1.45,1.45,41500,1.5,166000,0,4183200
PNB30Jan2065CE.NFO,07/01/2020,12:40:25,1.45,1.45,41500,1.5,157700,0,4183200
PNB30Jan2065CE.NFO,07/01/2020,12:40:28,1.45,1.45,74700,1.5,157700,0,4183200
PNB30Jan2065CE.NFO,07/01/2020,12:40:51,1.45,1.45,74700,1.5,166000,0,4183200
PNB30Jan2065CE.NFO,07/01/2020,12:40:55,1.45,1.45,74700,1.5,149400,0,4183200
PNB30Jan2065CE.NFO,07/01/2020,12:41:03,1.45,1.45,74700,1.5,157700,0,4183200
PNB30Jan2065CE.NFO,07/01/2020,12:41:08,1.45,1.45,74700,1.5,149400,0,4183200
PNB30Jan2065CE.NFO,07/01/2020,12:42:15,1.45,1.45,74700,1.5,166000,0,4183200
