Ticker,Date,Time,LTP,BuyPrice,BuyQty,SellPrice,SellQty,LTQ,OpenInterest
PNB30Jan2059PE.NFO,07/01/2020,09:15:51,1.1,1,24900,1.3,74700,8300,506300
PNB30Jan2059PE.NFO,07/01/2020,09:15:51,1.1,1,24900,1.3,74700,0,506300
PNB30Jan2059PE.NFO,07/01/2020,09:15:51,1.1,1,24900,1.3,74700,0,506300
PNB30Jan2059PE.NFO,07/01/2020,09:15:51,1.1,1,24900,1.3,74700,0,506300
PNB30Jan2059PE.NFO,07/01/2020,09:16:04,1.1,1,16600,1.1,24900,0,506300
PNB30Jan2059PE.NFO,07/01/2020,09:16:15,1,0.95,24900,1.1,24900,8300,506300
PNB30Jan2059PE.NFO,07/01/2020,09:16:15,1,0.95,24900,1.1,24900,0,506300
PNB30Jan2059PE.NFO,07/01/2020,09:16:27,1,0.95,24900,1.1,24900,0,506300
PNB30Jan2059PE.NFO,07/01/2020,09:16:37,1,0.95,24900,1.15,24900,0,506300
PNB30Jan2059PE.NFO,07/01/2020,09:17:35,1,0.95,24900,1.05,33200,0,506300
PNB30Jan2059PE.NFO,07/01/2020,09:17:46,1,0.95,24900,1.05,24900,0,506300
PNB30Jan2059PE.NFO,07/01/2020,09:17:56,1,0.95,24900,1.05,33200,0,506300
PNB30Jan2059PE.NFO,07/01/2020,09:18:06,1,0.95,16600,1.05,33200,0,506300
PNB30Jan2059PE.NFO,07/01/2020,09:18:15,1,0.95,8300,1.05,33200,0,506300
PNB30Jan2059PE.NFO,07/01/2020,09:18:24,1,0.95,8300,1.05,24900,0,506300
PNB30Jan2059PE.NFO,07/01/2020,09:18:51,1,0.9,66400,1.05,24900,0,506300
PNB30Jan2059PE.NFO,07/01/2020,09:19:17,1.05,0.95,74700,1.05,8300,8300,498000
PNB30Jan2059PE.NFO,07/01/2020,09:19:50,1.05,1,8300,1.05,8300,0,498000
PNB30Jan2059PE.NFO,07/01/2020,09:19:58,1.05,1,24900,1.1,83000,0,498000
PNB30Jan2059PE.NFO,07/01/2020,09:20:06,1.05,1,33200,1.1,83000,0,498000
PNB30Jan2059PE.NFO,07/01/2020,09:20:14,1.05,1,16600,1.05,8300,0,498000
PNB30Jan2059PE.NFO,07/01/2020,09:20:21,1.05,1,16600,1.05,16600,0,498000
PNB30Jan2059PE.NFO,07/01/2020,09:20:37,1.05,1,33200,1.1,83000,0,498000
PNB30Jan2059PE.NFO,07/01/2020,09:20:44,1.05,1,24900,1.1,83000,0,498000
PNB30Jan2059PE.NFO,07/01/2020,09:20:52,1.05,1,16600,1.05,24900,0,498000
PNB30Jan2059PE.NFO,07/01/2020,09:21:08,1.05,1,16600,1.05,16600,0,498000
PNB30Jan2059PE.NFO,07/01/2020,09:22:48,1.05,1,16600,1.05,8300,0,498000
PNB30Jan2059PE.NFO,07/01/2020,09:22:55,1.05,1,16600,1.05,16600,0,498000
PNB30Jan2059PE.NFO,07/01/2020,09:23:18,1.05,1,16600,1.05,8300,0,498000
PNB30Jan2059PE.NFO,07/01/2020,09:23:24,1.05,1,16600,1.05,16600,0,498000
PNB30Jan2059PE.NFO,07/01/2020,09:23:37,1.05,1,24900,1.05,16600,0,498000
PNB30Jan2059PE.NFO,07/01/2020,09:24:17,1.05,1,33200,1.1,83000,0,498000
PNB30Jan2059PE.NFO,07/01/2020,09:24:24,1.05,1,33200,1.1,91300,0,498000
PNB30Jan2059PE.NFO,07/01/2020,09:24:31,1.05,1,24900,1.1,91300,0,498000
PNB30Jan2059PE.NFO,07/01/2020,09:24:44,1.05,1,33200,1.1,91300,0,498000
PNB30Jan2059PE.NFO,07/01/2020,09:24:49,1.05,1.05,24900,1.1,83000,0,498000
PNB30Jan2059PE.NFO,07/01/2020,09:24:56,1.05,1.05,24900,1.1,74700,0,498000
PNB30Jan2059PE.NFO,07/01/2020,09:25:03,1.05,1.05,33200,1.15,58100,0,498000
PNB30Jan2059PE.NFO,07/01/2020,09:25:39,1.05,1.05,33200,1.15,49800,0,498000
PNB30Jan2059PE.NFO,07/01/2020,09:25:46,1.05,1.05,33200,1.15,58100,0,498000
PNB30Jan2059PE.NFO,07/01/2020,09:26:01,1.05,1.05,41500,1.15,58100,0,498000
PNB30Jan2059PE.NFO,07/01/2020,09:26:49,1.05,1.05,41500,1.15,49800,0,498000
PNB30Jan2059PE.NFO,07/01/2020,09:27:24,1.05,1.05,41500,1.15,41500,0,498000
PNB30Jan2059PE.NFO,07/01/2020,09:27:48,1.05,1.05,41500,1.15,33200,0,498000
PNB30Jan2059PE.NFO,07/01/2020,09:27:57,1.05,1.05,49800,1.15,33200,0,498000
PNB30Jan2059PE.NFO,07/01/2020,09:28:48,1.05,1.05,49800,1.1,16600,0,498000
PNB30Jan2059PE.NFO,07/01/2020,09:28:54,1.05,1.05,49800,1.15,33200,0,498000
PNB30Jan2059PE.NFO,07/01/2020,09:29:49,1.05,1.05,41500,1.15,33200,0,498000
PNB30Jan2059PE.NFO,07/01/2020,09:30:05,1.05,1.05,33200,1.1,8300,0,498000
PNB30Jan2059PE.NFO,07/01/2020,09:30:50,1.05,1.05,24900,1.1,8300,8300,506300
PNB30Jan2059PE.NFO,07/01/2020,09:31:04,1.05,1.05,24900,1.1,24900,0,506300
PNB30Jan2059PE.NFO,07/01/2020,09:31:17,1.05,1.05,16600,1.1,41500,0,506300
PNB30Jan2059PE.NFO,07/01/2020,09:31:56,1.05,1.05,24900,1.1,41500,0,506300
PNB30Jan2059PE.NFO,07/01/2020,09:32:36,1.05,1.05,8300,1.1,41500,0,506300
PNB30Jan2059PE.NFO,07/01/2020,09:32:48,1.05,1,58100,1.1,49800,0,506300
PNB30Jan2059PE.NFO,07/01/2020,09:33:06,1.05,1,58100,1.1,41500,0,506300
PNB30Jan2059PE.NFO,07/01/2020,09:33:58,1.05,1,58100,1.1,49800,0,506300
PNB30Jan2059PE.NFO,07/01/2020,09:34:09,1.05,1,58100,1.1,41500,0,506300
PNB30Jan2059PE.NFO,07/01/2020,09:34:14,1.05,1,58100,1.1,49800,0,506300
PNB30Jan2059PE.NFO,07/01/2020,09:34:20,1.05,1,58100,1.1,41500,0,506300
PNB30Jan2059PE.NFO,07/01/2020,09:34:26,1.05,1,66400,1.1,58100,0,506300
PNB30Jan2059PE.NFO,07/01/2020,09:34:33,1.05,1,66400,1.1,49800,0,506300
PNB30Jan2059PE.NFO,07/01/2020,09:35:35,1.05,1.05,74700,1.15,49800,0,506300
PNB30Jan2059PE.NFO,07/01/2020,09:35:42,1.05,1.1,49800,1.2,99600,0,506300
PNB30Jan2059PE.NFO,07/01/2020,09:35:50,1.05,1.15,41500,1.2,74700,0,506300
PNB30Jan2059PE.NFO,07/01/2020,09:35:58,1.05,1.1,66400,1.2,91300,0,506300
PNB30Jan2059PE.NFO,07/01/2020,09:36:05,1.05,1.1,41500,1.2,83000,0,506300
PNB30Jan2059PE.NFO,07/01/2020,09:36:11,1.05,1.1,33200,1.15,8300,0,506300
PNB30Jan2059PE.NFO,07/01/2020,09:36:34,1.05,1.1,24900,1.15,8300,0,506300
PNB30Jan2059PE.NFO,07/01/2020,09:36:50,1.05,1.05,49800,1.15,8300,0,506300
PNB30Jan2059PE.NFO,07/01/2020,09:38:08,1.05,1.05,58100,1.15,8300,0,506300
PNB30Jan2059PE.NFO,07/01/2020,09:38:13,1.05,1.05,66400,1.15,16600,0,506300
PNB30Jan2059PE.NFO,07/01/2020,09:38:41,1.05,1.05,49800,1.1,24900,8300,514600
PNB30Jan2059PE.NFO,07/01/2020,09:38:46,1.05,1.05,49800,1.1,24900,0,514600
PNB30Jan2059PE.NFO,07/01/2020,09:38:52,1.05,1.05,74700,1.1,8300,0,514600
PNB30Jan2059PE.NFO,07/01/2020,09:39:17,1.05,1.05,74700,1.1,24900,0,514600
PNB30Jan2059PE.NFO,07/01/2020,09:39:38,1.05,1.05,83000,1.1,24900,0,514600
PNB30Jan2059PE.NFO,07/01/2020,09:39:43,1.05,1.05,83000,1.1,8300,0,514600
PNB30Jan2059PE.NFO,07/01/2020,09:39:55,1.05,1.05,74700,1.1,8300,0,514600
PNB30Jan2059PE.NFO,07/01/2020,09:40:29,1.05,1.05,66400,1.1,24900,0,514600
PNB30Jan2059PE.NFO,07/01/2020,09:40:51,1.05,1.05,8300,1.1,58100,8300,514600
PNB30Jan2059PE.NFO,07/01/2020,09:40:56,1.05,1,58100,1.1,58100,8300,514600
PNB30Jan2059PE.NFO,07/01/2020,09:41:02,1.05,1,49800,1.1,58100,0,514600
PNB30Jan2059PE.NFO,07/01/2020,09:41:08,1.05,1,58100,1.1,66400,0,514600
PNB30Jan2059PE.NFO,07/01/2020,09:41:38,1.05,1,49800,1.1,66400,0,514600
PNB30Jan2059PE.NFO,07/01/2020,09:41:48,1.05,1,16600,1.05,8300,0,514600
PNB30Jan2059PE.NFO,07/01/2020,09:41:55,1.05,1,41500,1.05,8300,0,514600
PNB30Jan2059PE.NFO,07/01/2020,09:42:02,1.05,1,33200,1.05,8300,0,514600
PNB30Jan2059PE.NFO,07/01/2020,09:42:17,1.05,1,41500,1.1,58100,0,514600
PNB30Jan2059PE.NFO,07/01/2020,09:42:30,1.05,1,24900,1.05,8300,0,514600
PNB30Jan2059PE.NFO,07/01/2020,09:42:37,1.05,1,33200,1.05,8300,0,514600
PNB30Jan2059PE.NFO,07/01/2020,09:42:44,1.05,1,41500,1.05,8300,0,514600
PNB30Jan2059PE.NFO,07/01/2020,09:42:51,1.05,1,49800,1.1,58100,0,514600
PNB30Jan2059PE.NFO,07/01/2020,09:42:57,1.05,1,41500,1.1,58100,0,514600
PNB30Jan2059PE.NFO,07/01/2020,09:43:55,1.05,1,33200,1.1,58100,0,514600
PNB30Jan2059PE.NFO,07/01/2020,09:44:06,1.05,1,58100,1.1,58100,0,514600
PNB30Jan2059PE.NFO,07/01/2020,09:45:31,1.05,1,33200,1.05,8300,0,514600
PNB30Jan2059PE.NFO,07/01/2020,09:45:42,1.05,1,41500,1.05,8300,0,514600
PNB30Jan2059PE.NFO,07/01/2020,09:45:47,1.05,1,33200,1.05,8300,0,514600
PNB30Jan2059PE.NFO,07/01/2020,09:45:53,1.05,1,49800,1.05,8300,0,514600
PNB30Jan2059PE.NFO,07/01/2020,09:46:14,1.05,1,58100,1.1,58100,0,514600
PNB30Jan2059PE.NFO,07/01/2020,09:46:25,1.05,1,49800,1.05,16600,0,514600
PNB30Jan2059PE.NFO,07/01/2020,09:46:53,1.05,1,49800,1.1,58100,0,514600
PNB30Jan2059PE.NFO,07/01/2020,09:46:59,1.05,1,33200,1.05,33200,0,514600
PNB30Jan2059PE.NFO,07/01/2020,09:47:04,1.05,1,33200,1.05,24900,0,514600
PNB30Jan2059PE.NFO,07/01/2020,09:47:32,1.05,1,33200,1.05,33200,0,514600
PNB30Jan2059PE.NFO,07/01/2020,09:47:41,1.05,1,33200,1.05,24900,0,514600
PNB30Jan2059PE.NFO,07/01/2020,09:47:45,1.05,1,33200,1.05,33200,0,514600
PNB30Jan2059PE.NFO,07/01/2020,09:48:29,1.05,1,24900,1.05,33200,0,514600
PNB30Jan2059PE.NFO,07/01/2020,09:48:59,1.05,1,49800,1.1,58100,0,514600
PNB30Jan2059PE.NFO,07/01/2020,09:49:28,1.05,1,66400,1.1,58100,0,514600
PNB30Jan2059PE.NFO,07/01/2020,09:49:34,1.05,1,66400,1.1,58100,8300,514600
PNB30Jan2059PE.NFO,07/01/2020,09:49:45,1.05,1,66400,1.1,58100,0,514600
PNB30Jan2059PE.NFO,07/01/2020,09:50:09,1.05,1,66400,1.1,66400,0,514600
PNB30Jan2059PE.NFO,07/01/2020,09:50:47,1.05,1.05,41500,1.1,41500,0,514600
PNB30Jan2059PE.NFO,07/01/2020,09:50:57,1.05,1.05,24900,1.1,66400,0,514600
PNB30Jan2059PE.NFO,07/01/2020,09:51:07,1.05,1.05,24900,1.1,49800,0,514600
PNB30Jan2059PE.NFO,07/01/2020,09:51:13,1.05,1.05,24900,1.1,66400,0,514600
PNB30Jan2059PE.NFO,07/01/2020,09:51:53,1.05,1.05,16600,1.1,66400,0,514600
PNB30Jan2059PE.NFO,07/01/2020,09:51:58,1.05,1.05,49800,1.1,49800,0,514600
PNB30Jan2059PE.NFO,07/01/2020,09:52:02,1.05,1.05,49800,1.1,58100,0,514600
PNB30Jan2059PE.NFO,07/01/2020,09:52:07,1.05,1.05,66400,1.15,66400,0,514600
PNB30Jan2059PE.NFO,07/01/2020,09:52:13,1.05,1.05,74700,1.15,66400,0,514600
PNB30Jan2059PE.NFO,07/01/2020,09:52:18,1.05,1.05,66400,1.15,66400,0,514600
PNB30Jan2059PE.NFO,07/01/2020,09:52:22,1.05,1.05,74700,1.15,66400,0,514600
PNB30Jan2059PE.NFO,07/01/2020,09:52:28,1.05,1.05,66400,1.15,66400,0,514600
PNB30Jan2059PE.NFO,07/01/2020,09:53:07,1.05,1.1,49800,1.2,124500,0,514600
PNB30Jan2059PE.NFO,07/01/2020,09:53:14,1.05,1.1,49800,1.2,107900,0,514600
PNB30Jan2059PE.NFO,07/01/2020,09:53:33,1.05,1.1,33200,1.15,24900,0,514600
PNB30Jan2059PE.NFO,07/01/2020,09:53:39,1.05,1.1,16600,1.15,24900,0,514600
PNB30Jan2059PE.NFO,07/01/2020,09:53:44,1.05,1.1,33200,1.15,24900,0,514600
PNB30Jan2059PE.NFO,07/01/2020,09:53:49,1.05,1.1,16600,1.15,24900,0,514600
PNB30Jan2059PE.NFO,07/01/2020,09:53:54,1.05,1.1,41500,1.15,16600,0,514600
PNB30Jan2059PE.NFO,07/01/2020,09:53:59,1.05,1.1,24900,1.15,16600,0,514600
PNB30Jan2059PE.NFO,07/01/2020,09:54:09,1.05,1.1,16600,1.15,16600,0,514600
PNB30Jan2059PE.NFO,07/01/2020,09:54:15,1.05,1.1,24900,1.15,16600,0,514600
PNB30Jan2059PE.NFO,07/01/2020,09:54:45,1.05,1.1,24900,1.15,24900,0,514600
PNB30Jan2059PE.NFO,07/01/2020,09:54:55,1.05,1.1,16600,1.15,24900,0,514600
PNB30Jan2059PE.NFO,07/01/2020,09:55:06,1.05,1.1,16600,1.15,33200,0,514600
PNB30Jan2059PE.NFO,07/01/2020,09:55:23,1.05,1.1,41500,1.15,16600,0,514600
PNB30Jan2059PE.NFO,07/01/2020,09:55:29,1.05,1.1,49800,1.15,16600,0,514600
PNB30Jan2059PE.NFO,07/01/2020,09:55:34,1.05,1.1,33200,1.15,16600,0,514600
PNB30Jan2059PE.NFO,07/01/2020,09:55:39,1.05,1.1,49800,1.2,99600,0,514600
PNB30Jan2059PE.NFO,07/01/2020,09:55:44,1.05,1.1,33200,1.15,16600,0,514600
PNB30Jan2059PE.NFO,07/01/2020,09:55:56,1.05,1.1,41500,1.2,99600,0,514600
PNB30Jan2059PE.NFO,07/01/2020,09:56:06,1.05,1.15,24900,1.2,99600,0,514600
PNB30Jan2059PE.NFO,07/01/2020,09:56:13,1.05,1.1,41500,1.2,99600,0,514600
PNB30Jan2059PE.NFO,07/01/2020,09:56:26,1.05,1.1,41500,1.2,107900,0,514600
PNB30Jan2059PE.NFO,07/01/2020,09:57:05,1.05,1.1,41500,1.2,124500,0,514600
PNB30Jan2059PE.NFO,07/01/2020,09:57:31,1.05,1.1,49800,1.2,124500,0,514600
PNB30Jan2059PE.NFO,07/01/2020,09:57:49,1.05,1.1,49800,1.2,132800,0,514600
PNB30Jan2059PE.NFO,07/01/2020,09:57:53,1.05,1.1,49800,1.2,124500,0,514600
PNB30Jan2059PE.NFO,07/01/2020,09:58:53,1.05,1.1,49800,1.2,132800,0,514600
PNB30Jan2059PE.NFO,07/01/2020,09:58:59,1.05,1.1,41500,1.2,132800,0,514600
PNB30Jan2059PE.NFO,07/01/2020,09:59:22,1.05,1.1,41500,1.2,116200,0,514600
PNB30Jan2059PE.NFO,07/01/2020,09:59:28,1.05,1.1,49800,1.2,116200,0,514600
PNB30Jan2059PE.NFO,07/01/2020,09:59:38,1.05,1.1,41500,1.2,116200,0,514600
PNB30Jan2059PE.NFO,07/01/2020,09:59:56,1.05,1.1,49800,1.2,116200,0,514600
PNB30Jan2059PE.NFO,07/01/2020,10:00:00,1.05,1.1,41500,1.2,116200,0,514600
PNB30Jan2059PE.NFO,07/01/2020,10:00:08,1.05,1.15,16600,1.2,116200,0,514600
PNB30Jan2059PE.NFO,07/01/2020,10:00:12,1.05,1.15,24900,1.2,116200,0,514600
PNB30Jan2059PE.NFO,07/01/2020,10:00:20,1.05,1.15,16600,1.2,107900,0,514600
PNB30Jan2059PE.NFO,07/01/2020,10:00:26,1.05,1.15,41500,1.2,74700,0,514600
PNB30Jan2059PE.NFO,07/01/2020,10:00:40,1.05,1.15,49800,1.2,74700,0,514600
PNB30Jan2059PE.NFO,07/01/2020,10:00:46,1.05,1.15,58100,1.2,8300,0,514600
PNB30Jan2059PE.NFO,07/01/2020,10:00:53,1.2,1.15,58100,1.25,74700,8300,506300
PNB30Jan2059PE.NFO,07/01/2020,10:00:53,1.2,1.15,58100,1.25,74700,0,506300
PNB30Jan2059PE.NFO,07/01/2020,10:00:59,1.2,1.15,58100,1.25,74700,0,506300
PNB30Jan2059PE.NFO,07/01/2020,10:01:05,1.2,1.2,16600,1.25,66400,0,506300
PNB30Jan2059PE.NFO,07/01/2020,10:01:11,1.2,1.2,24900,1.25,41500,0,506300
PNB30Jan2059PE.NFO,07/01/2020,10:01:18,1.2,1.2,24900,1.25,33200,0,506300
PNB30Jan2059PE.NFO,07/01/2020,10:01:25,1.2,1.2,33200,1.25,16600,0,506300
PNB30Jan2059PE.NFO,07/01/2020,10:01:31,1.2,1.2,49800,1.25,16600,0,506300
PNB30Jan2059PE.NFO,07/01/2020,10:01:36,1.2,1.2,41500,1.25,16600,0,506300
PNB30Jan2059PE.NFO,07/01/2020,10:01:47,1.25,1.2,33200,1.3,33200,16600,506300
PNB30Jan2059PE.NFO,07/01/2020,10:01:47,1.25,1.2,33200,1.3,33200,0,506300
PNB30Jan2059PE.NFO,07/01/2020,10:01:54,1.25,1.2,33200,1.3,33200,0,506300
PNB30Jan2059PE.NFO,07/01/2020,10:02:00,1.25,1.2,49800,1.3,33200,0,506300
PNB30Jan2059PE.NFO,07/01/2020,10:02:05,1.25,1.2,33200,1.3,24900,0,506300
PNB30Jan2059PE.NFO,07/01/2020,10:02:46,1.25,1.2,41500,1.3,24900,0,506300
PNB30Jan2059PE.NFO,07/01/2020,10:02:51,1.25,1.2,33200,1.3,24900,0,506300
PNB30Jan2059PE.NFO,07/01/2020,10:03:13,1.25,1.2,49800,1.3,24900,0,506300
PNB30Jan2059PE.NFO,07/01/2020,10:03:19,1.25,1.2,41500,1.3,24900,0,506300
PNB30Jan2059PE.NFO,07/01/2020,10:03:25,1.25,1.2,49800,1.3,24900,0,506300
PNB30Jan2059PE.NFO,07/01/2020,10:03:45,1.25,1.2,58100,1.3,24900,0,506300
PNB30Jan2059PE.NFO,07/01/2020,10:04:08,1.25,1.2,58100,1.3,33200,0,506300
PNB30Jan2059PE.NFO,07/01/2020,10:04:23,1.25,1.2,66400,1.3,33200,0,506300
PNB30Jan2059PE.NFO,07/01/2020,10:05:05,1.25,1.2,58100,1.3,33200,0,506300
PNB30Jan2059PE.NFO,07/01/2020,10:05:11,1.25,1.2,66400,1.3,33200,0,506300
PNB30Jan2059PE.NFO,07/01/2020,10:05:30,1.25,1.25,33200,1.35,91300,0,506300
PNB30Jan2059PE.NFO,07/01/2020,10:05:49,1.25,1.25,58100,1.35,91300,0,506300
PNB30Jan2059PE.NFO,07/01/2020,10:05:55,1.25,1.25,41500,1.35,91300,0,506300
PNB30Jan2059PE.NFO,07/01/2020,10:06:06,1.3,1.25,58100,1.35,83000,8300,522900
PNB30Jan2059PE.NFO,07/01/2020,10:06:06,1.3,1.25,58100,1.35,83000,0,522900
PNB30Jan2059PE.NFO,07/01/2020,10:06:12,1.3,1.25,41500,1.35,83000,0,522900
PNB30Jan2059PE.NFO,07/01/2020,10:06:18,1.3,1.25,33200,1.35,74700,0,522900
PNB30Jan2059PE.NFO,07/01/2020,10:06:24,1.3,1.25,41500,1.35,74700,0,522900
PNB30Jan2059PE.NFO,07/01/2020,10:06:35,1.3,1.25,41500,1.35,83000,0,522900
PNB30Jan2059PE.NFO,07/01/2020,10:06:40,1.3,1.25,33200,1.35,83000,0,522900
PNB30Jan2059PE.NFO,07/01/2020,10:06:51,1.3,1.25,41500,1.35,83000,0,522900
PNB30Jan2059PE.NFO,07/01/2020,10:07:05,1.3,1.25,33200,1.35,83000,0,522900
PNB30Jan2059PE.NFO,07/01/2020,10:07:10,1.3,1.25,41500,1.35,83000,0,522900
PNB30Jan2059PE.NFO,07/01/2020,10:07:22,1.3,1.25,41500,1.35,91300,0,522900
PNB30Jan2059PE.NFO,07/01/2020,10:07:28,1.3,1.25,49800,1.35,91300,0,522900
PNB30Jan2059PE.NFO,07/01/2020,10:07:34,1.3,1.25,41500,1.35,91300,0,522900
PNB30Jan2059PE.NFO,07/01/2020,10:07:58,1.3,1.25,41500,1.35,83000,0,522900
PNB30Jan2059PE.NFO,07/01/2020,10:08:13,1.3,1.2,66400,1.3,8300,0,522900
PNB30Jan2059PE.NFO,07/01/2020,10:08:18,1.3,1.2,66400,1.3,24900,0,522900
PNB30Jan2059PE.NFO,07/01/2020,10:08:24,1.3,1.25,8300,1.3,24900,0,522900
PNB30Jan2059PE.NFO,07/01/2020,10:08:30,1.3,1.2,66400,1.3,24900,0,522900
PNB30Jan2059PE.NFO,07/01/2020,10:08:37,1.3,1.2,66400,1.3,49800,0,522900
PNB30Jan2059PE.NFO,07/01/2020,10:09:11,1.3,1.2,58100,1.3,49800,0,522900
PNB30Jan2059PE.NFO,07/01/2020,10:09:16,1.3,1.25,16600,1.3,16600,0,522900
PNB30Jan2059PE.NFO,07/01/2020,10:09:22,1.3,1.25,33200,1.3,8300,0,522900
PNB30Jan2059PE.NFO,07/01/2020,10:09:38,1.3,1.25,41500,1.3,8300,0,522900
PNB30Jan2059PE.NFO,07/01/2020,10:09:43,1.3,1.25,33200,1.3,8300,0,522900
PNB30Jan2059PE.NFO,07/01/2020,10:10:28,1.3,1.25,24900,1.3,8300,0,522900
PNB30Jan2059PE.NFO,07/01/2020,10:10:33,1.3,1.25,24900,1.3,16600,0,522900
PNB30Jan2059PE.NFO,07/01/2020,10:10:37,1.3,1.2,66400,1.3,41500,0,522900
PNB30Jan2059PE.NFO,07/01/2020,10:10:42,1.3,1.2,66400,1.3,24900,0,522900
PNB30Jan2059PE.NFO,07/01/2020,10:11:06,1.3,1.2,58100,1.3,24900,0,522900
PNB30Jan2059PE.NFO,07/01/2020,10:11:11,1.3,1.2,41500,1.3,49800,0,522900
PNB30Jan2059PE.NFO,07/01/2020,10:11:17,1.3,1.2,49800,1.3,58100,0,522900
PNB30Jan2059PE.NFO,07/01/2020,10:11:38,1.3,1.2,41500,1.3,58100,0,522900
PNB30Jan2059PE.NFO,07/01/2020,10:11:44,1.3,1.2,41500,1.25,8300,0,522900
PNB30Jan2059PE.NFO,07/01/2020,10:11:50,1.3,1.2,49800,1.3,58100,0,522900
PNB30Jan2059PE.NFO,07/01/2020,10:11:56,1.3,1.2,66400,1.3,58100,0,522900
PNB30Jan2059PE.NFO,07/01/2020,10:12:14,1.3,1.2,66400,1.3,66400,0,522900
PNB30Jan2059PE.NFO,07/01/2020,10:12:19,1.3,1.2,58100,1.3,58100,0,522900
PNB30Jan2059PE.NFO,07/01/2020,10:12:57,1.3,1.2,49800,1.3,58100,0,522900
PNB30Jan2059PE.NFO,07/01/2020,10:13:08,1.3,1.2,49800,1.3,66400,0,522900
PNB30Jan2059PE.NFO,07/01/2020,10:13:14,1.3,1.2,49800,1.3,58100,0,522900
PNB30Jan2059PE.NFO,07/01/2020,10:13:21,1.3,1.15,66400,1.25,24900,0,522900
PNB30Jan2059PE.NFO,07/01/2020,10:13:27,1.3,1.2,66400,1.25,16600,0,522900
PNB30Jan2059PE.NFO,07/01/2020,10:13:33,1.3,1.2,74700,1.25,16600,0,522900
PNB30Jan2059PE.NFO,07/01/2020,10:13:39,1.3,1.2,74700,1.25,8300,0,522900
PNB30Jan2059PE.NFO,07/01/2020,10:13:44,1.3,1.2,74700,1.25,16600,0,522900
PNB30Jan2059PE.NFO,07/01/2020,10:13:49,1.3,1.2,33200,1.25,24900,0,522900
PNB30Jan2059PE.NFO,07/01/2020,10:13:56,1.3,1.2,49800,1.25,16600,0,522900
PNB30Jan2059PE.NFO,07/01/2020,10:14:23,1.3,1.2,41500,1.25,16600,0,522900
PNB30Jan2059PE.NFO,07/01/2020,10:14:41,1.3,1.2,24900,1.25,16600,0,522900
PNB30Jan2059PE.NFO,07/01/2020,10:14:46,1.3,1.2,24900,1.25,24900,0,522900
PNB30Jan2059PE.NFO,07/01/2020,10:15:03,1.3,1.2,49800,1.25,8300,0,522900
PNB30Jan2059PE.NFO,07/01/2020,10:15:52,1.3,1.2,74700,1.3,58100,0,522900
PNB30Jan2059PE.NFO,07/01/2020,10:16:35,1.3,1.2,66400,1.3,58100,0,522900
PNB30Jan2059PE.NFO,07/01/2020,10:16:40,1.3,1.2,74700,1.3,58100,0,522900
PNB30Jan2059PE.NFO,07/01/2020,10:16:54,1.3,1.2,66400,1.3,58100,0,522900
PNB30Jan2059PE.NFO,07/01/2020,10:17:26,1.3,1.2,74700,1.3,58100,0,522900
PNB30Jan2059PE.NFO,07/01/2020,10:17:32,1.3,1.25,16600,1.3,33200,0,522900
PNB30Jan2059PE.NFO,07/01/2020,10:18:10,1.3,1.25,24900,1.3,33200,0,522900
PNB30Jan2059PE.NFO,07/01/2020,10:18:33,1.3,1.2,74700,1.3,41500,0,522900
PNB30Jan2059PE.NFO,07/01/2020,10:18:38,1.3,1.2,74700,1.3,49800,0,522900
PNB30Jan2059PE.NFO,07/01/2020,10:18:43,1.3,1.25,16600,1.3,41500,0,522900
PNB30Jan2059PE.NFO,07/01/2020,10:18:48,1.3,1.25,8300,1.3,41500,0,522900
PNB30Jan2059PE.NFO,07/01/2020,10:18:58,1.3,1.2,74700,1.3,41500,0,522900
PNB30Jan2059PE.NFO,07/01/2020,10:19:25,1.3,1.2,66400,1.3,41500,0,522900
PNB30Jan2059PE.NFO,07/01/2020,10:22:16,1.3,1.2,66400,1.3,58100,0,522900
PNB30Jan2059PE.NFO,07/01/2020,10:22:43,1.3,1.2,74700,1.3,58100,0,522900
PNB30Jan2059PE.NFO,07/01/2020,10:23:01,1.3,1.2,66400,1.3,58100,0,522900
PNB30Jan2059PE.NFO,07/01/2020,10:24:10,1.3,1.2,74700,1.3,58100,0,522900
PNB30Jan2059PE.NFO,07/01/2020,10:24:50,1.3,1.2,66400,1.3,58100,0,522900
PNB30Jan2059PE.NFO,07/01/2020,10:25:36,1.3,1.25,8300,1.3,58100,0,522900
PNB30Jan2059PE.NFO,07/01/2020,10:27:03,1.3,1.2,74700,1.3,58100,0,522900
PNB30Jan2059PE.NFO,07/01/2020,10:27:24,1.3,1.2,66400,1.3,58100,0,522900
PNB30Jan2059PE.NFO,07/01/2020,10:29:59,1.3,1.2,66400,1.3,49800,0,522900
PNB30Jan2059PE.NFO,07/01/2020,10:30:03,1.3,1.2,74700,1.3,49800,0,522900
PNB30Jan2059PE.NFO,07/01/2020,10:30:27,1.3,1.2,66400,1.3,49800,0,522900
PNB30Jan2059PE.NFO,07/01/2020,10:30:43,1.3,1.2,74700,1.3,49800,0,522900
PNB30Jan2059PE.NFO,07/01/2020,10:30:49,1.3,1.2,66400,1.3,49800,0,522900
PNB30Jan2059PE.NFO,07/01/2020,10:31:26,1.3,1.2,74700,1.3,49800,0,522900
PNB30Jan2059PE.NFO,07/01/2020,10:31:45,1.3,1.2,66400,1.3,49800,0,522900
PNB30Jan2059PE.NFO,07/01/2020,10:32:02,1.3,1.2,74700,1.3,49800,0,522900
PNB30Jan2059PE.NFO,07/01/2020,10:32:26,1.3,1.25,41500,1.3,8300,0,522900
PNB30Jan2059PE.NFO,07/01/2020,10:32:49,1.3,1.25,24900,1.3,16600,0,522900
PNB30Jan2059PE.NFO,07/01/2020,10:32:53,1.3,1.25,24900,1.3,24900,0,522900
PNB30Jan2059PE.NFO,07/01/2020,10:32:57,1.3,1.25,24900,1.3,33200,0,522900
PNB30Jan2059PE.NFO,07/01/2020,10:33:01,1.3,1.25,24900,1.3,24900,0,522900
PNB30Jan2059PE.NFO,07/01/2020,10:33:13,1.3,1.25,49800,1.3,16600,0,522900
PNB30Jan2059PE.NFO,07/01/2020,10:33:31,1.3,1.25,58100,1.35,99600,0,522900
PNB30Jan2059PE.NFO,07/01/2020,10:33:34,1.3,1.25,49800,1.35,99600,0,522900
PNB30Jan2059PE.NFO,07/01/2020,10:33:59,1.3,1.25,49800,1.3,16600,0,522900
PNB30Jan2059PE.NFO,07/01/2020,10:34:14,1.3,1.25,58100,1.3,16600,0,522900
PNB30Jan2059PE.NFO,07/01/2020,10:34:27,1.3,1.25,33200,1.3,16600,0,522900
PNB30Jan2059PE.NFO,07/01/2020,10:34:38,1.3,1.25,24900,1.3,33200,0,522900
PNB30Jan2059PE.NFO,07/01/2020,10:34:58,1.3,1.25,24900,1.3,24900,0,522900
PNB30Jan2059PE.NFO,07/01/2020,10:35:52,1.3,1.25,16600,1.3,24900,0,522900
PNB30Jan2059PE.NFO,07/01/2020,10:36:02,1.3,1.25,24900,1.3,24900,0,522900
PNB30Jan2059PE.NFO,07/01/2020,10:36:06,1.3,1.25,24900,1.3,33200,0,522900
PNB30Jan2059PE.NFO,07/01/2020,10:36:17,1.3,1.25,16600,1.3,33200,0,522900
PNB30Jan2059PE.NFO,07/01/2020,10:39:09,1.3,1.25,66400,1.35,107900,0,522900
PNB30Jan2059PE.NFO,07/01/2020,10:39:36,1.3,1.25,58100,1.35,107900,0,522900
PNB30Jan2059PE.NFO,07/01/2020,10:39:39,1.3,1.25,66400,1.35,107900,0,522900
PNB30Jan2059PE.NFO,07/01/2020,10:39:50,1.3,1.25,58100,1.35,99600,0,522900
PNB30Jan2059PE.NFO,07/01/2020,10:39:56,1.3,1.25,49800,1.3,16600,0,522900
PNB30Jan2059PE.NFO,07/01/2020,10:40:15,1.3,1.25,49800,1.3,8300,0,522900
PNB30Jan2059PE.NFO,07/01/2020,10:40:58,1.3,1.25,16600,1.3,33200,0,522900
PNB30Jan2059PE.NFO,07/01/2020,10:41:01,1.3,1.25,24900,1.3,33200,0,522900
PNB30Jan2059PE.NFO,07/01/2020,10:43:27,1.3,1.25,33200,1.3,33200,0,522900
PNB30Jan2059PE.NFO,07/01/2020,10:44:31,1.3,1.25,41500,1.3,33200,0,522900
PNB30Jan2059PE.NFO,07/01/2020,10:45:00,1.3,1.25,49800,1.3,16600,0,522900
PNB30Jan2059PE.NFO,07/01/2020,10:45:05,1.3,1.25,66400,1.35,99600,0,522900
PNB30Jan2059PE.NFO,07/01/2020,10:45:20,1.3,1.25,41500,1.3,16600,0,522900
PNB30Jan2059PE.NFO,07/01/2020,10:45:28,1.3,1.25,66400,1.35,99600,0,522900
PNB30Jan2059PE.NFO,07/01/2020,10:45:35,1.3,1.25,58100,1.35,99600,0,522900
PNB30Jan2059PE.NFO,07/01/2020,10:45:49,1.3,1.25,41500,1.3,16600,0,522900
PNB30Jan2059PE.NFO,07/01/2020,10:45:53,1.3,1.25,58100,1.35,99600,0,522900
PNB30Jan2059PE.NFO,07/01/2020,10:46:32,1.3,1.25,66400,1.35,99600,0,522900
PNB30Jan2059PE.NFO,07/01/2020,10:46:36,1.3,1.25,58100,1.35,99600,0,522900
PNB30Jan2059PE.NFO,07/01/2020,10:46:53,1.3,1.25,66400,1.35,99600,0,522900
PNB30Jan2059PE.NFO,07/01/2020,10:46:56,1.3,1.25,58100,1.35,99600,0,522900
PNB30Jan2059PE.NFO,07/01/2020,10:47:20,1.3,1.25,49800,1.3,24900,0,522900
PNB30Jan2059PE.NFO,07/01/2020,10:48:19,1.3,1.25,49800,1.3,16600,0,522900
PNB30Jan2059PE.NFO,07/01/2020,10:48:37,1.3,1.25,58100,1.35,99600,0,522900
PNB30Jan2059PE.NFO,07/01/2020,10:48:50,1.3,1.25,49800,1.35,99600,0,522900
PNB30Jan2059PE.NFO,07/01/2020,10:48:54,1.3,1.25,58100,1.35,99600,0,522900
PNB30Jan2059PE.NFO,07/01/2020,10:49:05,1.3,1.25,49800,1.35,99600,0,522900
PNB30Jan2059PE.NFO,07/01/2020,10:49:12,1.3,1.25,49800,1.3,16600,0,522900
PNB30Jan2059PE.NFO,07/01/2020,10:49:16,1.3,1.25,41500,1.3,16600,0,522900
PNB30Jan2059PE.NFO,07/01/2020,10:49:50,1.3,1.25,66400,1.35,107900,0,522900
PNB30Jan2059PE.NFO,07/01/2020,10:50:21,1.3,1.25,58100,1.35,107900,0,522900
PNB30Jan2059PE.NFO,07/01/2020,10:50:32,1.35,1.3,74700,1.4,49800,16600,522900
PNB30Jan2059PE.NFO,07/01/2020,10:50:32,1.35,1.3,74700,1.4,49800,0,522900
PNB30Jan2059PE.NFO,07/01/2020,10:50:37,1.35,1.3,74700,1.4,74700,0,522900
PNB30Jan2059PE.NFO,07/01/2020,10:50:43,1.35,1.3,74700,1.4,58100,0,522900
PNB30Jan2059PE.NFO,07/01/2020,10:50:47,1.35,1.3,83000,1.4,58100,0,522900
PNB30Jan2059PE.NFO,07/01/2020,10:51:03,1.35,1.3,74700,1.35,24900,0,522900
PNB30Jan2059PE.NFO,07/01/2020,10:51:20,1.35,1.3,74700,1.35,16600,0,522900
PNB30Jan2059PE.NFO,07/01/2020,10:51:28,1.35,1.3,74700,1.4,58100,0,522900
PNB30Jan2059PE.NFO,07/01/2020,10:51:35,1.35,1.3,83000,1.4,58100,0,522900
PNB30Jan2059PE.NFO,07/01/2020,10:51:43,1.35,1.3,74700,1.4,58100,0,522900
PNB30Jan2059PE.NFO,07/01/2020,10:51:52,1.35,1.3,74700,1.35,16600,0,522900
PNB30Jan2059PE.NFO,07/01/2020,10:51:56,1.35,1.3,83000,1.4,58100,0,522900
PNB30Jan2059PE.NFO,07/01/2020,10:52:01,1.35,1.3,83000,1.4,41500,0,522900
PNB30Jan2059PE.NFO,07/01/2020,10:52:23,1.35,1.3,74700,1.4,41500,0,522900
PNB30Jan2059PE.NFO,07/01/2020,10:52:40,1.35,1.3,74700,1.4,49800,0,522900
PNB30Jan2059PE.NFO,07/01/2020,10:52:52,1.35,1.3,83000,1.4,49800,0,522900
PNB30Jan2059PE.NFO,07/01/2020,10:53:03,1.35,1.35,8300,1.4,41500,0,522900
PNB30Jan2059PE.NFO,07/01/2020,10:53:09,1.35,1.35,33200,1.4,41500,0,522900
PNB30Jan2059PE.NFO,07/01/2020,10:53:16,1.35,1.35,74700,1.4,33200,0,522900
PNB30Jan2059PE.NFO,07/01/2020,10:53:28,1.35,1.35,83000,1.4,16600,0,522900
PNB30Jan2059PE.NFO,07/01/2020,10:53:34,1.35,1.35,91300,1.4,24900,0,522900
PNB30Jan2059PE.NFO,07/01/2020,10:53:39,1.35,1.35,74700,1.4,24900,0,522900
PNB30Jan2059PE.NFO,07/01/2020,10:53:50,1.35,1.35,91300,1.4,24900,0,522900
PNB30Jan2059PE.NFO,07/01/2020,10:54:04,1.35,1.35,83000,1.4,24900,0,522900
PNB30Jan2059PE.NFO,07/01/2020,10:54:15,1.35,1.35,58100,1.4,33200,0,522900
PNB30Jan2059PE.NFO,07/01/2020,10:54:27,1.35,1.35,58100,1.4,24900,0,522900
PNB30Jan2059PE.NFO,07/01/2020,10:54:31,1.35,1.35,66400,1.4,24900,0,522900
PNB30Jan2059PE.NFO,07/01/2020,10:54:36,1.35,1.35,41500,1.4,33200,0,522900
PNB30Jan2059PE.NFO,07/01/2020,10:54:45,1.35,1.35,49800,1.4,33200,0,522900
PNB30Jan2059PE.NFO,07/01/2020,10:54:50,1.35,1.35,49800,1.4,24900,0,522900
PNB30Jan2059PE.NFO,07/01/2020,10:54:55,1.35,1.35,66400,1.4,16600,0,522900
PNB30Jan2059PE.NFO,07/01/2020,10:55:12,1.35,1.35,91300,1.4,8300,0,522900
PNB30Jan2059PE.NFO,07/01/2020,10:55:17,1.35,1.35,91300,1.4,16600,0,522900
PNB30Jan2059PE.NFO,07/01/2020,10:55:31,1.4,1.35,91300,1.45,33200,8300,539500
PNB30Jan2059PE.NFO,07/01/2020,10:55:31,1.4,1.35,91300,1.45,33200,0,539500
PNB30Jan2059PE.NFO,07/01/2020,10:55:37,1.4,1.4,24900,1.45,33200,0,539500
PNB30Jan2059PE.NFO,07/01/2020,10:55:55,1.4,1.4,33200,1.45,33200,0,539500
PNB30Jan2059PE.NFO,07/01/2020,10:56:10,1.4,1.35,83000,1.45,24900,8300,539500
PNB30Jan2059PE.NFO,07/01/2020,10:56:16,1.4,1.35,83000,1.45,16600,0,539500
PNB30Jan2059PE.NFO,07/01/2020,10:56:29,1.4,1.4,33200,1.45,16600,0,539500
PNB30Jan2059PE.NFO,07/01/2020,10:56:44,1.4,1.4,24900,1.45,16600,0,539500
PNB30Jan2059PE.NFO,07/01/2020,10:57:11,1.4,1.4,49800,1.45,16600,0,539500
PNB30Jan2059PE.NFO,07/01/2020,10:57:43,1.4,1.4,41500,1.45,16600,0,539500
PNB30Jan2059PE.NFO,07/01/2020,10:58:03,1.4,1.4,49800,1.45,16600,0,539500
PNB30Jan2059PE.NFO,07/01/2020,10:58:19,1.4,1.4,41500,1.45,16600,0,539500
PNB30Jan2059PE.NFO,07/01/2020,10:58:30,1.4,1.4,58100,1.45,8300,0,539500
PNB30Jan2059PE.NFO,07/01/2020,10:58:46,1.4,1.4,83000,1.45,8300,0,539500
PNB30Jan2059PE.NFO,07/01/2020,10:58:52,1.45,1.4,58100,1.5,83000,8300,547800
PNB30Jan2059PE.NFO,07/01/2020,10:58:52,1.45,1.4,58100,1.5,83000,0,547800
PNB30Jan2059PE.NFO,07/01/2020,10:58:58,1.45,1.4,58100,1.5,83000,0,547800
PNB30Jan2059PE.NFO,07/01/2020,10:59:03,1.45,1.4,66400,1.5,83000,0,547800
PNB30Jan2059PE.NFO,07/01/2020,10:59:29,1.45,1.4,66400,1.5,74700,0,547800
PNB30Jan2059PE.NFO,07/01/2020,10:59:35,1.45,1.4,66400,1.5,83000,0,547800
PNB30Jan2059PE.NFO,07/01/2020,11:00:22,1.45,1.4,58100,1.5,83000,0,547800
PNB30Jan2059PE.NFO,07/01/2020,11:00:49,1.45,1.35,83000,1.45,8300,8300,531200
PNB30Jan2059PE.NFO,07/01/2020,11:00:55,1.45,1.4,41500,1.45,16600,0,531200
PNB30Jan2059PE.NFO,07/01/2020,11:01:04,1.45,1.4,58100,1.5,74700,8300,531200
PNB30Jan2059PE.NFO,07/01/2020,11:01:11,1.45,1.4,58100,1.5,74700,0,531200
PNB30Jan2059PE.NFO,07/01/2020,11:01:19,1.45,1.45,33200,1.5,49800,0,531200
PNB30Jan2059PE.NFO,07/01/2020,11:01:33,1.45,1.4,58100,1.5,66400,0,531200
PNB30Jan2059PE.NFO,07/01/2020,11:01:41,1.45,1.4,58100,1.5,74700,0,531200
PNB30Jan2059PE.NFO,07/01/2020,11:01:49,1.45,1.4,49800,1.5,74700,0,531200
PNB30Jan2059PE.NFO,07/01/2020,11:01:57,1.45,1.4,33200,1.5,74700,0,531200
PNB30Jan2059PE.NFO,07/01/2020,11:02:11,1.45,1.4,41500,1.5,74700,0,531200
PNB30Jan2059PE.NFO,07/01/2020,11:02:18,1.45,1.4,33200,1.5,74700,0,531200
PNB30Jan2059PE.NFO,07/01/2020,11:02:38,1.45,1.4,41500,1.5,74700,0,531200
PNB30Jan2059PE.NFO,07/01/2020,11:02:50,1.45,1.45,16600,1.5,83000,0,531200
PNB30Jan2059PE.NFO,07/01/2020,11:03:23,1.45,1.4,58100,1.5,83000,0,531200
PNB30Jan2059PE.NFO,07/01/2020,11:03:42,1.45,1.4,49800,1.5,83000,0,531200
PNB30Jan2059PE.NFO,07/01/2020,11:04:02,1.45,1.4,58100,1.5,83000,0,531200
PNB30Jan2059PE.NFO,07/01/2020,11:04:22,1.45,1.4,49800,1.5,83000,0,531200
PNB30Jan2059PE.NFO,07/01/2020,11:04:42,1.45,1.45,33200,1.5,58100,0,531200
PNB30Jan2059PE.NFO,07/01/2020,11:04:56,1.45,1.45,16600,1.5,83000,0,531200
PNB30Jan2059PE.NFO,07/01/2020,11:05:10,1.45,1.45,16600,1.5,91300,0,531200
PNB30Jan2059PE.NFO,07/01/2020,11:05:49,1.45,1.45,24900,1.5,74700,0,531200
PNB30Jan2059PE.NFO,07/01/2020,11:05:56,1.45,1.4,41500,1.5,99600,0,531200
PNB30Jan2059PE.NFO,07/01/2020,11:06:10,1.45,1.4,24900,1.45,16600,0,531200
PNB30Jan2059PE.NFO,07/01/2020,11:06:23,1.45,1.4,58100,1.5,99600,0,531200
PNB30Jan2059PE.NFO,07/01/2020,11:06:40,1.45,1.4,58100,1.5,91300,0,531200
PNB30Jan2059PE.NFO,07/01/2020,11:07:38,1.45,1.4,58100,1.5,99600,0,531200
PNB30Jan2059PE.NFO,07/01/2020,11:07:44,1.45,1.4,58100,1.45,8300,0,531200
PNB30Jan2059PE.NFO,07/01/2020,11:07:49,1.45,1.4,58100,1.5,99600,0,531200
PNB30Jan2059PE.NFO,07/01/2020,11:07:54,1.45,1.4,58100,1.5,91300,0,531200
PNB30Jan2059PE.NFO,07/01/2020,11:08:08,1.45,1.4,58100,1.5,99600,0,531200
PNB30Jan2059PE.NFO,07/01/2020,11:08:13,1.45,1.4,58100,1.5,91300,0,531200
PNB30Jan2059PE.NFO,07/01/2020,11:08:38,1.45,1.4,58100,1.45,16600,0,531200
PNB30Jan2059PE.NFO,07/01/2020,11:08:43,1.4,1.4,58100,1.5,99600,8300,547800
PNB30Jan2059PE.NFO,07/01/2020,11:08:48,1.4,1.4,58100,1.5,99600,0,547800
PNB30Jan2059PE.NFO,07/01/2020,11:08:52,1.4,1.4,58100,1.45,8300,0,547800
PNB30Jan2059PE.NFO,07/01/2020,11:09:01,1.4,1.4,58100,1.45,16600,0,547800
PNB30Jan2059PE.NFO,07/01/2020,11:09:10,1.4,1.4,49800,1.45,16600,0,547800
PNB30Jan2059PE.NFO,07/01/2020,11:09:42,1.45,1.45,8300,1.5,99600,8300,547800
PNB30Jan2059PE.NFO,07/01/2020,11:09:47,1.45,1.45,8300,1.5,91300,0,547800
PNB30Jan2059PE.NFO,07/01/2020,11:10:22,1.45,1.45,24900,1.5,58100,0,547800
PNB30Jan2059PE.NFO,07/01/2020,11:10:30,1.45,1.45,8300,1.5,91300,0,547800
PNB30Jan2059PE.NFO,07/01/2020,11:10:45,1.45,1.45,8300,1.5,83000,0,547800
PNB30Jan2059PE.NFO,07/01/2020,11:10:52,1.45,1.45,8300,1.5,74700,0,547800
PNB30Jan2059PE.NFO,07/01/2020,11:10:59,1.45,1.45,8300,1.5,66400,0,547800
PNB30Jan2059PE.NFO,07/01/2020,11:11:18,1.45,1.45,41500,1.5,8300,0,547800
PNB30Jan2059PE.NFO,07/01/2020,11:11:42,1.45,1.45,41500,1.5,24900,0,547800
PNB30Jan2059PE.NFO,07/01/2020,11:11:55,1.45,1.45,41500,1.5,16600,0,547800
PNB30Jan2059PE.NFO,07/01/2020,11:12:02,1.5,1.45,41500,1.55,58100,8300,547800
PNB30Jan2059PE.NFO,07/01/2020,11:12:02,1.5,1.45,41500,1.55,58100,0,547800
PNB30Jan2059PE.NFO,07/01/2020,11:12:11,1.5,1.45,41500,1.55,58100,0,547800
PNB30Jan2059PE.NFO,07/01/2020,11:12:18,1.5,1.45,41500,1.55,49800,0,547800
PNB30Jan2059PE.NFO,07/01/2020,11:12:29,1.5,1.45,41500,1.55,58100,0,547800
PNB30Jan2059PE.NFO,07/01/2020,11:12:47,1.5,1.45,41500,1.55,41500,0,547800
PNB30Jan2059PE.NFO,07/01/2020,11:13:12,1.5,1.45,41500,1.55,49800,0,547800
PNB30Jan2059PE.NFO,07/01/2020,11:13:18,1.5,1.5,8300,1.55,41500,0,547800
PNB30Jan2059PE.NFO,07/01/2020,11:13:29,1.5,1.5,8300,1.55,49800,0,547800
PNB30Jan2059PE.NFO,07/01/2020,11:13:41,1.5,1.45,41500,1.55,58100,0,547800
PNB30Jan2059PE.NFO,07/01/2020,11:13:47,1.5,1.45,41500,1.55,49800,0,547800
PNB30Jan2059PE.NFO,07/01/2020,11:13:52,1.5,1.45,41500,1.55,58100,0,547800
PNB30Jan2059PE.NFO,07/01/2020,11:14:08,1.5,1.45,41500,1.55,49800,0,547800
PNB30Jan2059PE.NFO,07/01/2020,11:15:09,1.5,1.45,41500,1.55,41500,0,547800
PNB30Jan2059PE.NFO,07/01/2020,11:15:16,1.5,1.45,41500,1.55,49800,0,547800
PNB30Jan2059PE.NFO,07/01/2020,11:15:21,1.5,1.45,41500,1.55,41500,0,547800
PNB30Jan2059PE.NFO,07/01/2020,11:15:26,1.5,1.45,41500,1.55,33200,0,547800
PNB30Jan2059PE.NFO,07/01/2020,11:15:37,1.5,1.5,8300,1.55,41500,0,547800
PNB30Jan2059PE.NFO,07/01/2020,11:15:46,1.5,1.5,8300,1.55,49800,0,547800
PNB30Jan2059PE.NFO,07/01/2020,11:15:54,1.5,1.5,8300,1.55,41500,0,547800
PNB30Jan2059PE.NFO,07/01/2020,11:16:05,1.5,1.5,8300,1.55,49800,0,547800
PNB30Jan2059PE.NFO,07/01/2020,11:16:29,1.5,1.45,41500,1.55,49800,0,547800
PNB30Jan2059PE.NFO,07/01/2020,11:16:39,1.5,1.45,33200,1.55,49800,0,547800
PNB30Jan2059PE.NFO,07/01/2020,11:17:15,1.5,1.45,33200,1.55,58100,0,547800
PNB30Jan2059PE.NFO,07/01/2020,11:17:37,1.5,1.45,41500,1.55,66400,0,547800
PNB30Jan2059PE.NFO,07/01/2020,11:18:00,1.5,1.45,41500,1.55,58100,0,547800
PNB30Jan2059PE.NFO,07/01/2020,11:18:38,1.5,1.45,16600,1.5,33200,0,547800
PNB30Jan2059PE.NFO,07/01/2020,11:18:45,1.5,1.4,49800,1.5,74700,0,547800
PNB30Jan2059PE.NFO,07/01/2020,11:18:58,1.5,1.4,49800,1.5,83000,0,547800
PNB30Jan2059PE.NFO,07/01/2020,11:19:24,1.5,1.4,58100,1.5,41500,0,547800
PNB30Jan2059PE.NFO,07/01/2020,11:19:32,1.5,1.4,58100,1.5,49800,0,547800
PNB30Jan2059PE.NFO,07/01/2020,11:19:43,1.5,1.4,58100,1.5,58100,0,547800
PNB30Jan2059PE.NFO,07/01/2020,11:19:49,1.5,1.4,58100,1.5,49800,0,547800
PNB30Jan2059PE.NFO,07/01/2020,11:20:13,1.5,1.4,41500,1.5,58100,0,547800
PNB30Jan2059PE.NFO,07/01/2020,11:20:29,1.5,1.4,41500,1.5,49800,0,547800
PNB30Jan2059PE.NFO,07/01/2020,11:20:46,1.5,1.4,41500,1.45,16600,0,547800
PNB30Jan2059PE.NFO,07/01/2020,11:21:31,1.5,1.4,41500,1.5,58100,0,547800
PNB30Jan2059PE.NFO,07/01/2020,11:21:51,1.5,1.4,41500,1.5,49800,0,547800
PNB30Jan2059PE.NFO,07/01/2020,11:23:04,1.5,1.4,41500,1.45,16600,0,547800
PNB30Jan2059PE.NFO,07/01/2020,11:24:15,1.5,1.4,8300,1.45,41500,0,547800
PNB30Jan2059PE.NFO,07/01/2020,11:24:19,1.5,1.4,16600,1.45,24900,0,547800
PNB30Jan2059PE.NFO,07/01/2020,11:24:37,1.5,1.4,8300,1.45,24900,0,547800
PNB30Jan2059PE.NFO,07/01/2020,11:24:42,1.5,1.4,8300,1.45,33200,0,547800
PNB30Jan2059PE.NFO,07/01/2020,11:24:46,1.5,1.4,8300,1.45,24900,0,547800
PNB30Jan2059PE.NFO,07/01/2020,11:24:51,1.5,1.4,8300,1.45,33200,0,547800
PNB30Jan2059PE.NFO,07/01/2020,11:24:55,1.5,1.4,8300,1.45,24900,0,547800
PNB30Jan2059PE.NFO,07/01/2020,11:25:29,1.5,1.4,33200,1.45,8300,0,547800
PNB30Jan2059PE.NFO,07/01/2020,11:25:42,1.5,1.4,16600,1.45,8300,0,547800
PNB30Jan2059PE.NFO,07/01/2020,11:25:56,1.5,1.4,24900,1.45,8300,0,547800
PNB30Jan2059PE.NFO,07/01/2020,11:26:07,1.5,1.4,24900,1.45,16600,0,547800
PNB30Jan2059PE.NFO,07/01/2020,11:26:23,1.5,1.4,24900,1.45,24900,0,547800
PNB30Jan2059PE.NFO,07/01/2020,11:26:31,1.5,1.4,8300,1.45,49800,0,547800
PNB30Jan2059PE.NFO,07/01/2020,11:26:36,1.5,1.4,8300,1.45,33200,0,547800
PNB30Jan2059PE.NFO,07/01/2020,11:26:40,1.5,1.4,24900,1.45,24900,0,547800
PNB30Jan2059PE.NFO,07/01/2020,11:26:45,1.5,1.4,33200,1.45,24900,0,547800
PNB30Jan2059PE.NFO,07/01/2020,11:27:14,1.5,1.4,33200,1.45,8300,0,547800
PNB30Jan2059PE.NFO,07/01/2020,11:27:38,1.5,1.4,33200,1.45,24900,0,547800
PNB30Jan2059PE.NFO,07/01/2020,11:27:41,1.5,1.4,24900,1.45,24900,0,547800
PNB30Jan2059PE.NFO,07/01/2020,11:27:44,1.5,1.4,24900,1.45,16600,0,547800
PNB30Jan2059PE.NFO,07/01/2020,11:27:50,1.5,1.4,16600,1.45,33200,0,547800
PNB30Jan2059PE.NFO,07/01/2020,11:27:53,1.5,1.35,66400,1.45,41500,0,547800
PNB30Jan2059PE.NFO,07/01/2020,11:28:01,1.5,1.35,66400,1.45,33200,0,547800
PNB30Jan2059PE.NFO,07/01/2020,11:28:08,1.5,1.35,66400,1.45,41500,0,547800
PNB30Jan2059PE.NFO,07/01/2020,11:28:11,1.5,1.35,66400,1.45,33200,0,547800
PNB30Jan2059PE.NFO,07/01/2020,11:28:34,1.5,1.35,66400,1.45,41500,0,547800
PNB30Jan2059PE.NFO,07/01/2020,11:28:47,1.5,1.35,66400,1.45,33200,0,547800
PNB30Jan2059PE.NFO,07/01/2020,11:28:53,1.5,1.4,8300,1.45,24900,0,547800
PNB30Jan2059PE.NFO,07/01/2020,11:29:01,1.5,1.4,8300,1.45,33200,0,547800
PNB30Jan2059PE.NFO,07/01/2020,11:29:13,1.5,1.35,66400,1.45,33200,0,547800
PNB30Jan2059PE.NFO,07/01/2020,11:29:45,1.5,1.35,66400,1.45,41500,0,547800
PNB30Jan2059PE.NFO,07/01/2020,11:30:01,1.5,1.35,66400,1.45,33200,0,547800
PNB30Jan2059PE.NFO,07/01/2020,11:31:03,1.5,1.35,66400,1.45,74700,0,547800
PNB30Jan2059PE.NFO,07/01/2020,11:31:10,1.5,1.35,66400,1.45,66400,0,547800
PNB30Jan2059PE.NFO,07/01/2020,11:31:20,1.5,1.35,66400,1.45,49800,0,547800
PNB30Jan2059PE.NFO,07/01/2020,11:31:25,1.5,1.35,66400,1.45,41500,0,547800
PNB30Jan2059PE.NFO,07/01/2020,11:31:30,1.5,1.35,66400,1.45,49800,0,547800
PNB30Jan2059PE.NFO,07/01/2020,11:31:34,1.5,1.35,66400,1.45,58100,0,547800
PNB30Jan2059PE.NFO,07/01/2020,11:31:38,1.5,1.35,66400,1.45,49800,0,547800
PNB30Jan2059PE.NFO,07/01/2020,11:31:46,1.5,1.35,66400,1.45,41500,0,547800
PNB30Jan2059PE.NFO,07/01/2020,11:31:58,1.5,1.35,58100,1.45,41500,0,547800
PNB30Jan2059PE.NFO,07/01/2020,11:32:04,1.5,1.35,41500,1.4,16600,0,547800
PNB30Jan2059PE.NFO,07/01/2020,11:32:15,1.5,1.35,33200,1.4,16600,0,547800
PNB30Jan2059PE.NFO,07/01/2020,11:32:35,1.5,1.35,41500,1.4,16600,0,547800
PNB30Jan2059PE.NFO,07/01/2020,11:32:40,1.5,1.35,33200,1.4,16600,0,547800
PNB30Jan2059PE.NFO,07/01/2020,11:32:52,1.5,1.35,33200,1.4,24900,0,547800
PNB30Jan2059PE.NFO,07/01/2020,11:32:55,1.5,1.35,33200,1.4,33200,0,547800
PNB30Jan2059PE.NFO,07/01/2020,11:33:14,1.5,1.35,24900,1.4,33200,0,547800
PNB30Jan2059PE.NFO,07/01/2020,11:33:39,1.5,1.35,16600,1.4,33200,0,547800
PNB30Jan2059PE.NFO,07/01/2020,11:33:51,1.5,1.35,16600,1.4,41500,0,547800
PNB30Jan2059PE.NFO,07/01/2020,11:33:55,1.5,1.3,41500,1.4,49800,0,547800
PNB30Jan2059PE.NFO,07/01/2020,11:34:08,1.5,1.3,16600,1.35,33200,0,547800
PNB30Jan2059PE.NFO,07/01/2020,11:34:22,1.5,1.3,16600,1.35,24900,0,547800
PNB30Jan2059PE.NFO,07/01/2020,11:34:35,1.5,1.3,16600,1.35,49800,0,547800
PNB30Jan2059PE.NFO,07/01/2020,11:34:41,1.5,1.3,16600,1.35,41500,0,547800
PNB30Jan2059PE.NFO,07/01/2020,11:34:47,1.5,1.3,16600,1.35,16600,0,547800
PNB30Jan2059PE.NFO,07/01/2020,11:34:54,1.5,1.3,16600,1.35,58100,0,547800
PNB30Jan2059PE.NFO,07/01/2020,11:35:18,1.5,1.3,16600,1.35,24900,0,547800
PNB30Jan2059PE.NFO,07/01/2020,11:35:25,1.5,1.3,16600,1.35,58100,0,547800
PNB30Jan2059PE.NFO,07/01/2020,11:36:34,1.5,1.3,16600,1.35,16600,0,547800
PNB30Jan2059PE.NFO,07/01/2020,11:36:44,1.5,1.3,24900,1.35,16600,0,547800
PNB30Jan2059PE.NFO,07/01/2020,11:36:50,1.5,1.3,33200,1.4,49800,0,547800
PNB30Jan2059PE.NFO,07/01/2020,11:36:57,1.5,1.3,33200,1.35,8300,0,547800
PNB30Jan2059PE.NFO,07/01/2020,11:37:09,1.5,1.3,16600,1.35,16600,0,547800
PNB30Jan2059PE.NFO,07/01/2020,11:37:19,1.5,1.3,24900,1.35,16600,0,547800
PNB30Jan2059PE.NFO,07/01/2020,11:37:32,1.5,1.3,16600,1.35,16600,0,547800
PNB30Jan2059PE.NFO,07/01/2020,11:37:42,1.5,1.3,16600,1.35,24900,0,547800
PNB30Jan2059PE.NFO,07/01/2020,11:38:31,1.5,1.3,16600,1.35,16600,0,547800
PNB30Jan2059PE.NFO,07/01/2020,11:39:23,1.5,1.3,33200,1.35,8300,0,547800
PNB30Jan2059PE.NFO,07/01/2020,11:39:33,1.5,1.3,33200,1.4,66400,0,547800
PNB30Jan2059PE.NFO,07/01/2020,11:39:56,1.5,1.3,24900,1.4,49800,0,547800
PNB30Jan2059PE.NFO,07/01/2020,11:40:32,1.5,1.35,8300,1.4,41500,0,547800
PNB30Jan2059PE.NFO,07/01/2020,11:41:11,1.5,1.35,8300,1.4,24900,0,547800
PNB30Jan2059PE.NFO,07/01/2020,11:41:30,1.5,1.35,8300,1.4,16600,0,547800
PNB30Jan2059PE.NFO,07/01/2020,11:41:43,1.5,1.35,24900,1.4,16600,0,547800
PNB30Jan2059PE.NFO,07/01/2020,11:42:11,1.5,1.35,33200,1.4,16600,0,547800
PNB30Jan2059PE.NFO,07/01/2020,11:42:36,1.5,1.35,8300,1.4,33200,0,547800
PNB30Jan2059PE.NFO,07/01/2020,11:42:51,1.5,1.35,8300,1.4,24900,0,547800
PNB30Jan2059PE.NFO,07/01/2020,11:42:55,1.5,1.35,16600,1.4,24900,0,547800
PNB30Jan2059PE.NFO,07/01/2020,11:43:40,1.5,1.35,16600,1.4,33200,0,547800
PNB30Jan2059PE.NFO,07/01/2020,11:43:55,1.5,1.35,16600,1.4,41500,0,547800
PNB30Jan2059PE.NFO,07/01/2020,11:44:30,1.5,1.35,24900,1.4,41500,0,547800
PNB30Jan2059PE.NFO,07/01/2020,11:44:38,1.5,1.35,16600,1.4,41500,0,547800
PNB30Jan2059PE.NFO,07/01/2020,11:44:45,1.5,1.35,24900,1.4,41500,0,547800
PNB30Jan2059PE.NFO,07/01/2020,11:45:06,1.5,1.35,33200,1.45,74700,0,547800
PNB30Jan2059PE.NFO,07/01/2020,11:45:17,1.5,1.35,33200,1.45,66400,0,547800
PNB30Jan2059PE.NFO,07/01/2020,11:45:33,1.5,1.35,58100,1.45,49800,0,547800
PNB30Jan2059PE.NFO,07/01/2020,11:46:12,1.5,1.35,41500,1.4,8300,0,547800
PNB30Jan2059PE.NFO,07/01/2020,11:46:46,1.5,1.35,41500,1.4,24900,0,547800
PNB30Jan2059PE.NFO,07/01/2020,11:47:15,1.5,1.35,41500,1.4,41500,0,547800
PNB30Jan2059PE.NFO,07/01/2020,11:47:27,1.5,1.35,41500,1.4,33200,0,547800
PNB30Jan2059PE.NFO,07/01/2020,11:47:32,1.5,1.35,58100,1.45,66400,0,547800
PNB30Jan2059PE.NFO,07/01/2020,11:47:52,1.5,1.4,16600,1.45,66400,0,547800
PNB30Jan2059PE.NFO,07/01/2020,11:47:55,1.5,1.35,58100,1.45,66400,0,547800
PNB30Jan2059PE.NFO,07/01/2020,11:48:03,1.5,1.35,58100,1.45,58100,0,547800
PNB30Jan2059PE.NFO,07/01/2020,11:48:43,1.5,1.4,16600,1.45,58100,0,547800
PNB30Jan2059PE.NFO,07/01/2020,11:49:01,1.5,1.35,58100,1.45,58100,0,547800
PNB30Jan2059PE.NFO,07/01/2020,11:49:44,1.5,1.4,16600,1.45,58100,0,547800
PNB30Jan2059PE.NFO,07/01/2020,11:50:25,1.45,1.4,16600,1.45,41500,16600,547800
PNB30Jan2059PE.NFO,07/01/2020,11:50:30,1.45,1.35,58100,1.45,58100,0,547800
PNB30Jan2059PE.NFO,07/01/2020,11:50:35,1.45,1.35,58100,1.45,49800,0,547800
PNB30Jan2059PE.NFO,07/01/2020,11:50:40,1.45,1.35,58100,1.45,41500,0,547800
PNB30Jan2059PE.NFO,07/01/2020,11:50:52,1.45,1.35,58100,1.45,33200,0,547800
PNB30Jan2059PE.NFO,07/01/2020,11:51:09,1.45,1.35,58100,1.45,41500,0,547800
PNB30Jan2059PE.NFO,07/01/2020,11:51:34,1.45,1.35,49800,1.4,16600,0,547800
PNB30Jan2059PE.NFO,07/01/2020,11:51:48,1.45,1.35,58100,1.45,41500,0,547800
PNB30Jan2059PE.NFO,07/01/2020,11:52:13,1.45,1.35,58100,1.45,49800,0,547800
PNB30Jan2059PE.NFO,07/01/2020,11:52:16,1.45,1.35,58100,1.45,41500,0,547800
PNB30Jan2059PE.NFO,07/01/2020,11:52:53,1.45,1.35,58100,1.45,49800,0,547800
PNB30Jan2059PE.NFO,07/01/2020,11:52:57,1.45,1.35,49800,1.4,24900,0,547800
PNB30Jan2059PE.NFO,07/01/2020,11:53:51,1.45,1.35,49800,1.4,16600,0,547800
PNB30Jan2059PE.NFO,07/01/2020,11:53:58,1.45,1.35,58100,1.45,49800,0,547800
PNB30Jan2059PE.NFO,07/01/2020,11:54:04,1.45,1.35,49800,1.4,24900,0,547800
PNB30Jan2059PE.NFO,07/01/2020,11:54:15,1.45,1.35,58100,1.45,49800,0,547800
PNB30Jan2059PE.NFO,07/01/2020,11:54:59,1.45,1.35,58100,1.45,41500,0,547800
PNB30Jan2059PE.NFO,07/01/2020,11:56:57,1.45,1.35,58100,1.4,8300,0,547800
PNB30Jan2059PE.NFO,07/01/2020,11:57:11,1.35,1.3,33200,1.4,41500,33200,564400
PNB30Jan2059PE.NFO,07/01/2020,11:57:15,1.35,1.3,58100,1.4,74700,0,564400
PNB30Jan2059PE.NFO,07/01/2020,11:57:22,1.35,1.3,66400,1.4,74700,0,564400
PNB30Jan2059PE.NFO,07/01/2020,11:57:34,1.35,1.3,66400,1.4,66400,0,564400
PNB30Jan2059PE.NFO,07/01/2020,11:57:49,1.35,1.35,33200,1.4,24900,0,564400
PNB30Jan2059PE.NFO,07/01/2020,11:57:55,1.35,1.35,41500,1.4,24900,0,564400
PNB30Jan2059PE.NFO,07/01/2020,11:58:39,1.35,1.35,24900,1.4,49800,0,564400
PNB30Jan2059PE.NFO,07/01/2020,11:59:08,1.35,1.35,16600,1.4,49800,0,564400
PNB30Jan2059PE.NFO,07/01/2020,11:59:26,1.35,1.35,16600,1.4,66400,0,564400
PNB30Jan2059PE.NFO,07/01/2020,11:59:54,1.35,1.35,33200,1.4,33200,0,564400
PNB30Jan2059PE.NFO,07/01/2020,12:00:02,1.35,1.35,41500,1.4,33200,0,564400
PNB30Jan2059PE.NFO,07/01/2020,12:00:05,1.35,1.35,33200,1.4,33200,0,564400
PNB30Jan2059PE.NFO,07/01/2020,12:00:09,1.35,1.35,41500,1.4,33200,0,564400
PNB30Jan2059PE.NFO,07/01/2020,12:00:42,1.35,1.35,41500,1.4,41500,0,564400
PNB30Jan2059PE.NFO,07/01/2020,12:00:46,1.35,1.35,41500,1.4,33200,0,564400
PNB30Jan2059PE.NFO,07/01/2020,12:01:39,1.35,1.35,41500,1.4,24900,0,564400
PNB30Jan2059PE.NFO,07/01/2020,12:02:35,1.35,1.35,33200,1.4,58100,0,564400
PNB30Jan2059PE.NFO,07/01/2020,12:02:42,1.35,1.3,66400,1.4,58100,8300,589300
PNB30Jan2059PE.NFO,07/01/2020,12:02:49,1.35,1.35,16600,1.4,58100,0,589300
PNB30Jan2059PE.NFO,07/01/2020,12:02:59,1.35,1.35,16600,1.4,49800,0,589300
PNB30Jan2059PE.NFO,07/01/2020,12:03:10,1.35,1.35,33200,1.4,49800,0,589300
PNB30Jan2059PE.NFO,07/01/2020,12:03:16,1.35,1.35,16600,1.4,49800,0,589300
PNB30Jan2059PE.NFO,07/01/2020,12:03:21,1.35,1.35,16600,1.4,41500,0,589300
PNB30Jan2059PE.NFO,07/01/2020,12:03:27,1.4,1.35,49800,1.45,66400,8300,597600
PNB30Jan2059PE.NFO,07/01/2020,12:04:00,1.4,1.35,49800,1.45,58100,0,597600
PNB30Jan2059PE.NFO,07/01/2020,12:04:32,1.4,1.35,33200,1.4,58100,0,597600
PNB30Jan2059PE.NFO,07/01/2020,12:04:36,1.4,1.35,33200,1.4,49800,0,597600
PNB30Jan2059PE.NFO,07/01/2020,12:05:02,1.4,1.35,24900,1.4,49800,0,597600
PNB30Jan2059PE.NFO,07/01/2020,12:05:14,1.4,1.35,24900,1.4,58100,0,597600
PNB30Jan2059PE.NFO,07/01/2020,12:05:21,1.4,1.35,24900,1.4,49800,0,597600
PNB30Jan2059PE.NFO,07/01/2020,12:05:55,1.4,1.35,33200,1.4,16600,0,597600
PNB30Jan2059PE.NFO,07/01/2020,12:06:02,1.4,1.35,33200,1.4,8300,0,597600
PNB30Jan2059PE.NFO,07/01/2020,12:06:09,1.4,1.35,33200,1.4,33200,0,597600
PNB30Jan2059PE.NFO,07/01/2020,12:06:12,1.4,1.35,33200,1.4,41500,0,597600
PNB30Jan2059PE.NFO,07/01/2020,12:06:19,1.4,1.35,24900,1.4,58100,0,597600
PNB30Jan2059PE.NFO,07/01/2020,12:06:29,1.4,1.35,33200,1.4,41500,0,597600
PNB30Jan2059PE.NFO,07/01/2020,12:07:13,1.4,1.35,33200,1.4,49800,0,597600
PNB30Jan2059PE.NFO,07/01/2020,12:07:23,1.4,1.35,33200,1.4,24900,0,597600
PNB30Jan2059PE.NFO,07/01/2020,12:07:35,1.4,1.35,49800,1.45,66400,0,597600
PNB30Jan2059PE.NFO,07/01/2020,12:08:09,1.45,1.35,41500,1.4,16600,8300,597600
PNB30Jan2059PE.NFO,07/01/2020,12:08:13,1.45,1.35,41500,1.4,16600,0,597600
PNB30Jan2059PE.NFO,07/01/2020,12:08:20,1.45,1.35,33200,1.4,16600,0,597600
PNB30Jan2059PE.NFO,07/01/2020,12:08:26,1.45,1.35,49800,1.4,16600,0,597600
PNB30Jan2059PE.NFO,07/01/2020,12:08:43,1.45,1.35,41500,1.4,16600,0,597600
PNB30Jan2059PE.NFO,07/01/2020,12:09:15,1.45,1.35,41500,1.4,8300,0,597600
PNB30Jan2059PE.NFO,07/01/2020,12:09:29,1.45,1.35,49800,1.45,58100,0,597600
PNB30Jan2059PE.NFO,07/01/2020,12:09:33,1.45,1.35,41500,1.4,8300,0,597600
PNB30Jan2059PE.NFO,07/01/2020,12:09:36,1.45,1.35,41500,1.45,58100,0,597600
PNB30Jan2059PE.NFO,07/01/2020,12:09:58,1.45,1.35,41500,1.45,41500,0,597600
PNB30Jan2059PE.NFO,07/01/2020,12:10:20,1.45,1.35,41500,1.45,49800,0,597600
PNB30Jan2059PE.NFO,07/01/2020,12:10:33,1.45,1.35,41500,1.4,8300,0,597600
PNB30Jan2059PE.NFO,07/01/2020,12:10:39,1.45,1.35,41500,1.4,33200,0,597600
PNB30Jan2059PE.NFO,07/01/2020,12:10:42,1.45,1.35,41500,1.45,49800,0,597600
PNB30Jan2059PE.NFO,07/01/2020,12:10:57,1.45,1.35,41500,1.4,8300,0,597600
PNB30Jan2059PE.NFO,07/01/2020,12:11:11,1.45,1.35,41500,1.4,16600,0,597600
PNB30Jan2059PE.NFO,07/01/2020,12:11:15,1.45,1.35,41500,1.4,8300,0,597600
PNB30Jan2059PE.NFO,07/01/2020,12:11:24,1.45,1.35,41500,1.4,16600,0,597600
PNB30Jan2059PE.NFO,07/01/2020,12:11:31,1.45,1.35,41500,1.4,24900,0,597600
PNB30Jan2059PE.NFO,07/01/2020,12:11:42,1.45,1.35,41500,1.4,16600,0,597600
PNB30Jan2059PE.NFO,07/01/2020,12:11:49,1.45,1.35,41500,1.4,33200,0,597600
PNB30Jan2059PE.NFO,07/01/2020,12:11:52,1.45,1.35,41500,1.4,24900,0,597600
PNB30Jan2059PE.NFO,07/01/2020,12:12:16,1.45,1.35,41500,1.4,16600,0,597600
PNB30Jan2059PE.NFO,07/01/2020,12:12:18,1.45,1.35,41500,1.4,24900,0,597600
PNB30Jan2059PE.NFO,07/01/2020,12:12:20,1.45,1.35,41500,1.4,16600,0,597600
PNB30Jan2059PE.NFO,07/01/2020,12:12:34,1.45,1.35,41500,1.4,24900,0,597600
PNB30Jan2059PE.NFO,07/01/2020,12:12:42,1.45,1.35,41500,1.4,33200,0,597600
PNB30Jan2059PE.NFO,07/01/2020,12:12:47,1.45,1.35,41500,1.4,16600,0,597600
PNB30Jan2059PE.NFO,07/01/2020,12:12:51,1.45,1.35,41500,1.4,24900,0,597600
PNB30Jan2059PE.NFO,07/01/2020,12:12:58,1.45,1.35,41500,1.4,16600,0,597600
PNB30Jan2059PE.NFO,07/01/2020,12:13:01,1.45,1.35,33200,1.4,16600,0,597600
PNB30Jan2059PE.NFO,07/01/2020,12:13:08,1.45,1.35,33200,1.4,41500,0,597600
PNB30Jan2059PE.NFO,07/01/2020,12:13:15,1.45,1.3,66400,1.4,58100,0,597600
PNB30Jan2059PE.NFO,07/01/2020,12:13:22,1.45,1.3,58100,1.4,58100,0,597600
PNB30Jan2059PE.NFO,07/01/2020,12:13:38,1.45,1.3,58100,1.4,49800,0,597600
PNB30Jan2059PE.NFO,07/01/2020,12:13:58,1.45,1.3,58100,1.4,41500,0,597600
PNB30Jan2059PE.NFO,07/01/2020,12:14:27,1.45,1.3,58100,1.4,49800,0,597600
PNB30Jan2059PE.NFO,07/01/2020,12:14:37,1.45,1.3,58100,1.4,41500,0,597600
PNB30Jan2059PE.NFO,07/01/2020,12:15:23,1.45,1.35,41500,1.4,8300,0,597600
PNB30Jan2059PE.NFO,07/01/2020,12:15:27,1.45,1.35,41500,1.4,16600,0,597600
PNB30Jan2059PE.NFO,07/01/2020,12:15:38,1.45,1.35,41500,1.4,8300,0,597600
PNB30Jan2059PE.NFO,07/01/2020,12:16:14,1.45,1.35,33200,1.4,8300,0,597600
PNB30Jan2059PE.NFO,07/01/2020,12:16:18,1.45,1.35,41500,1.4,8300,0,597600
PNB30Jan2059PE.NFO,07/01/2020,12:16:36,1.45,1.35,33200,1.4,8300,0,597600
PNB30Jan2059PE.NFO,07/01/2020,12:19:10,1.45,1.35,16600,1.4,33200,0,597600
PNB30Jan2059PE.NFO,07/01/2020,12:19:19,1.45,1.35,16600,1.4,41500,0,597600
PNB30Jan2059PE.NFO,07/01/2020,12:19:28,1.45,1.35,16600,1.4,33200,0,597600
PNB30Jan2059PE.NFO,07/01/2020,12:19:40,1.45,1.3,58100,1.4,49800,0,597600
PNB30Jan2059PE.NFO,07/01/2020,12:19:59,1.45,1.35,16600,1.4,24900,0,597600
PNB30Jan2059PE.NFO,07/01/2020,12:20:13,1.45,1.3,58100,1.4,41500,0,597600
PNB30Jan2059PE.NFO,07/01/2020,12:20:17,1.45,1.35,24900,1.4,24900,0,597600
PNB30Jan2059PE.NFO,07/01/2020,12:20:22,1.45,1.35,24900,1.4,33200,0,597600
PNB30Jan2059PE.NFO,07/01/2020,12:20:25,1.45,1.35,24900,1.4,16600,0,597600
PNB30Jan2059PE.NFO,07/01/2020,12:20:29,1.45,1.35,24900,1.4,24900,0,597600
PNB30Jan2059PE.NFO,07/01/2020,12:20:58,1.45,1.35,33200,1.4,24900,0,597600
PNB30Jan2059PE.NFO,07/01/2020,12:21:02,1.45,1.35,24900,1.4,24900,0,597600
PNB30Jan2059PE.NFO,07/01/2020,12:21:12,1.45,1.35,24900,1.4,16600,0,597600
PNB30Jan2059PE.NFO,07/01/2020,12:21:52,1.45,1.35,33200,1.4,16600,0,597600
PNB30Jan2059PE.NFO,07/01/2020,12:22:04,1.45,1.35,41500,1.4,16600,0,597600
PNB30Jan2059PE.NFO,07/01/2020,12:22:18,1.45,1.35,33200,1.4,16600,0,597600
PNB30Jan2059PE.NFO,07/01/2020,12:22:47,1.45,1.35,66400,1.4,8300,0,597600
PNB30Jan2059PE.NFO,07/01/2020,12:22:52,1.45,1.35,66400,1.45,41500,0,597600
PNB30Jan2059PE.NFO,07/01/2020,12:23:05,1.45,1.35,66400,1.45,33200,0,597600
PNB30Jan2059PE.NFO,07/01/2020,12:23:17,1.45,1.35,66400,1.4,8300,0,597600
PNB30Jan2059PE.NFO,07/01/2020,12:24:05,1.45,1.35,66400,1.4,16600,0,597600
PNB30Jan2059PE.NFO,07/01/2020,12:24:13,1.45,1.35,66400,1.4,24900,0,597600
PNB30Jan2059PE.NFO,07/01/2020,12:24:24,1.45,1.35,66400,1.4,16600,0,597600
PNB30Jan2059PE.NFO,07/01/2020,12:25:06,1.45,1.35,66400,1.4,8300,0,597600
PNB30Jan2059PE.NFO,07/01/2020,12:25:08,1.4,1.35,66400,1.45,33200,8300,589300
PNB30Jan2059PE.NFO,07/01/2020,12:25:12,1.4,1.35,66400,1.45,33200,0,589300
PNB30Jan2059PE.NFO,07/01/2020,12:25:53,1.4,1.35,49800,1.4,8300,0,589300
PNB30Jan2059PE.NFO,07/01/2020,12:26:22,1.4,1.35,58100,1.4,8300,0,589300
PNB30Jan2059PE.NFO,07/01/2020,12:26:52,1.4,1.35,58100,1.45,33200,0,589300
PNB30Jan2059PE.NFO,07/01/2020,12:27:15,1.4,1.35,58100,1.45,24900,0,589300
PNB30Jan2059PE.NFO,07/01/2020,12:27:19,1.4,1.35,58100,1.45,16600,0,589300
PNB30Jan2059PE.NFO,07/01/2020,12:27:56,1.4,1.35,58100,1.45,33200,0,589300
PNB30Jan2059PE.NFO,07/01/2020,12:28:02,1.4,1.35,58100,1.45,16600,0,589300
PNB30Jan2059PE.NFO,07/01/2020,12:28:11,1.4,1.35,58100,1.45,8300,0,589300
PNB30Jan2059PE.NFO,07/01/2020,12:28:24,1.4,1.35,58100,1.45,16600,0,589300
PNB30Jan2059PE.NFO,07/01/2020,12:28:27,1.4,1.4,33200,1.45,16600,0,589300
PNB30Jan2059PE.NFO,07/01/2020,12:28:45,1.4,1.4,24900,1.45,16600,0,589300
PNB30Jan2059PE.NFO,07/01/2020,12:28:52,1.4,1.4,24900,1.45,8300,8300,589300
PNB30Jan2059PE.NFO,07/01/2020,12:28:58,1.4,1.4,49800,1.5,49800,0,589300
PNB30Jan2059PE.NFO,07/01/2020,12:29:23,1.4,1.4,49800,1.5,41500,0,589300
PNB30Jan2059PE.NFO,07/01/2020,12:29:29,1.4,1.4,49800,1.5,33200,0,589300
PNB30Jan2059PE.NFO,07/01/2020,12:30:32,1.4,1.4,41500,1.5,33200,0,589300
PNB30Jan2059PE.NFO,07/01/2020,12:30:36,1.4,1.4,41500,1.5,41500,0,589300
PNB30Jan2059PE.NFO,07/01/2020,12:30:46,1.4,1.4,49800,1.5,41500,0,589300
PNB30Jan2059PE.NFO,07/01/2020,12:30:51,1.4,1.4,49800,1.5,33200,0,589300
PNB30Jan2059PE.NFO,07/01/2020,12:31:07,1.4,1.4,41500,1.5,33200,0,589300
PNB30Jan2059PE.NFO,07/01/2020,12:31:11,1.4,1.4,49800,1.5,33200,0,589300
PNB30Jan2059PE.NFO,07/01/2020,12:31:36,1.4,1.4,49800,1.5,49800,0,589300
PNB30Jan2059PE.NFO,07/01/2020,12:31:47,1.4,1.4,41500,1.5,49800,0,589300
PNB30Jan2059PE.NFO,07/01/2020,12:32:11,1.4,1.4,49800,1.5,49800,0,589300
PNB30Jan2059PE.NFO,07/01/2020,12:32:51,1.4,1.4,49800,1.5,58100,0,589300
PNB30Jan2059PE.NFO,07/01/2020,12:33:04,1.4,1.4,49800,1.5,66400,0,589300
PNB30Jan2059PE.NFO,07/01/2020,12:33:09,1.4,1.4,49800,1.45,8300,0,589300
PNB30Jan2059PE.NFO,07/01/2020,12:33:27,1.4,1.4,41500,1.45,8300,0,589300
PNB30Jan2059PE.NFO,07/01/2020,12:33:36,1.4,1.4,49800,1.45,8300,0,589300
PNB30Jan2059PE.NFO,07/01/2020,12:33:44,1.4,1.4,41500,1.45,8300,0,589300
PNB30Jan2059PE.NFO,07/01/2020,12:34:13,1.45,1.4,41500,1.5,66400,8300,597600
PNB30Jan2059PE.NFO,07/01/2020,12:34:16,1.45,1.4,41500,1.45,8300,0,597600
PNB30Jan2059PE.NFO,07/01/2020,12:34:27,1.45,1.4,41500,1.45,24900,0,597600
PNB30Jan2059PE.NFO,07/01/2020,12:34:31,1.45,1.4,41500,1.45,33200,0,597600
PNB30Jan2059PE.NFO,07/01/2020,12:34:52,1.45,1.4,41500,1.45,24900,0,597600
PNB30Jan2059PE.NFO,07/01/2020,12:35:01,1.45,1.35,49800,1.45,49800,0,597600
PNB30Jan2059PE.NFO,07/01/2020,12:35:05,1.45,1.35,49800,1.45,58100,0,597600
PNB30Jan2059PE.NFO,07/01/2020,12:35:11,1.45,1.35,49800,1.4,8300,0,597600
PNB30Jan2059PE.NFO,07/01/2020,12:35:15,1.4,1.35,49800,1.45,41500,8300,597600
PNB30Jan2059PE.NFO,07/01/2020,12:35:45,1.4,1.4,24900,1.45,24900,0,597600
PNB30Jan2059PE.NFO,07/01/2020,12:35:50,1.4,1.4,8300,1.45,33200,0,597600
PNB30Jan2059PE.NFO,07/01/2020,12:35:52,1.4,1.35,49800,1.45,41500,8300,597600
PNB30Jan2059PE.NFO,07/01/2020,12:35:57,1.4,1.35,49800,1.45,33200,0,597600
PNB30Jan2059PE.NFO,07/01/2020,12:36:02,1.4,1.35,49800,1.45,58100,0,597600
PNB30Jan2059PE.NFO,07/01/2020,12:36:05,1.4,1.35,49800,1.45,33200,0,597600
PNB30Jan2059PE.NFO,07/01/2020,12:36:11,1.4,1.35,49800,1.45,24900,0,597600
PNB30Jan2059PE.NFO,07/01/2020,12:36:14,1.4,1.35,49800,1.45,33200,0,597600
PNB30Jan2059PE.NFO,07/01/2020,12:36:19,1.4,1.35,49800,1.45,24900,0,597600
PNB30Jan2059PE.NFO,07/01/2020,12:36:22,1.4,1.35,49800,1.45,33200,0,597600
PNB30Jan2059PE.NFO,07/01/2020,12:36:37,1.4,1.35,49800,1.45,24900,0,597600
PNB30Jan2059PE.NFO,07/01/2020,12:37:39,1.4,1.35,49800,1.45,41500,0,597600
PNB30Jan2059PE.NFO,07/01/2020,12:37:44,1.4,1.35,49800,1.45,49800,0,597600
PNB30Jan2059PE.NFO,07/01/2020,12:38:02,1.4,1.4,16600,1.45,49800,0,597600
PNB30Jan2059PE.NFO,07/01/2020,12:38:07,1.4,1.4,16600,1.45,41500,0,597600
PNB30Jan2059PE.NFO,07/01/2020,12:38:49,1.4,1.35,49800,1.45,58100,8300,605900
PNB30Jan2059PE.NFO,07/01/2020,12:39:10,1.4,1.35,49800,1.45,49800,0,605900
PNB30Jan2059PE.NFO,07/01/2020,12:40:18,1.4,1.35,49800,1.4,8300,0,605900
PNB30Jan2059PE.NFO,07/01/2020,12:40:44,1.4,1.35,41500,1.4,8300,0,605900
PNB30Jan2059PE.NFO,07/01/2020,12:41:23,1.4,1.35,49800,1.4,8300,0,605900
PNB30Jan2059PE.NFO,07/01/2020,12:42:35,1.4,1.35,49800,1.45,74700,0,605900
PNB30Jan2059PE.NFO,07/01/2020,12:43:24,1.4,1.35,49800,1.45,66400,0,605900
PNB30Jan2059PE.NFO,07/01/2020,12:43:51,1.4,1.4,8300,1.45,66400,0,605900
PNB30Jan2059PE.NFO,07/01/2020,12:43:58,1.4,1.35,49800,1.45,66400,0,605900
PNB30Jan2059PE.NFO,07/01/2020,12:44:16,1.4,1.35,49800,1.45,74700,0,605900
PNB30Jan2059PE.NFO,07/01/2020,12:44:28,1.4,1.35,49800,1.45,66400,0,605900
PNB30Jan2059PE.NFO,07/01/2020,12:45:51,1.4,1.35,49800,1.4,8300,0,605900
PNB30Jan2059PE.NFO,07/01/2020,12:48:14,1.4,1.35,33200,1.4,33200,0,605900
PNB30Jan2059PE.NFO,07/01/2020,12:48:21,1.4,1.35,16600,1.4,33200,0,605900
PNB30Jan2059PE.NFO,07/01/2020,12:48:27,1.4,1.35,24900,1.4,8300,0,605900
PNB30Jan2059PE.NFO,07/01/2020,12:48:32,1.4,1.35,33200,1.4,24900,0,605900
PNB30Jan2059PE.NFO,07/01/2020,12:48:37,1.4,1.35,16600,1.4,24900,0,605900
PNB30Jan2059PE.NFO,07/01/2020,12:48:46,1.4,1.35,24900,1.4,8300,0,605900
PNB30Jan2059PE.NFO,07/01/2020,12:48:50,1.4,1.35,33200,1.4,8300,0,605900
PNB30Jan2059PE.NFO,07/01/2020,12:48:54,1.4,1.35,24900,1.4,24900,0,605900
PNB30Jan2059PE.NFO,07/01/2020,12:48:58,1.4,1.35,33200,1.4,24900,0,605900
PNB30Jan2059PE.NFO,07/01/2020,12:49:03,1.4,1.35,33200,1.4,8300,0,605900
PNB30Jan2059PE.NFO,07/01/2020,12:49:09,1.4,1.35,49800,1.4,8300,0,605900
PNB30Jan2059PE.NFO,07/01/2020,12:49:13,1.4,1.35,49800,1.45,74700,0,605900
PNB30Jan2059PE.NFO,07/01/2020,12:49:42,1.4,1.35,49800,1.45,66400,0,605900
PNB30Jan2059PE.NFO,07/01/2020,12:49:49,1.4,1.35,49800,1.45,74700,0,605900
PNB30Jan2059PE.NFO,07/01/2020,12:49:56,1.4,1.35,49800,1.4,16600,0,605900
PNB30Jan2059PE.NFO,07/01/2020,12:50:22,1.4,1.35,33200,1.4,16600,0,605900
PNB30Jan2059PE.NFO,07/01/2020,12:50:26,1.4,1.35,49800,1.4,16600,0,605900
PNB30Jan2059PE.NFO,07/01/2020,12:52:23,1.4,1.35,49800,1.45,74700,0,605900
PNB30Jan2059PE.NFO,07/01/2020,12:52:59,1.4,1.35,49800,1.45,66400,0,605900
PNB30Jan2059PE.NFO,07/01/2020,12:54:51,1.4,1.35,49800,1.4,16600,0,605900
PNB30Jan2059PE.NFO,07/01/2020,12:55:08,1.4,1.35,49800,1.45,74700,0,605900
PNB30Jan2059PE.NFO,07/01/2020,12:55:51,1.4,1.35,49800,1.45,66400,0,605900
PNB30Jan2059PE.NFO,07/01/2020,12:57:39,1.4,1.4,24900,1.45,41500,0,605900
PNB30Jan2059PE.NFO,07/01/2020,12:57:44,1.4,1.4,24900,1.45,33200,0,605900
PNB30Jan2059PE.NFO,07/01/2020,12:57:50,1.4,1.4,33200,1.45,33200,0,605900
PNB30Jan2059PE.NFO,07/01/2020,12:58:23,1.4,1.4,24900,1.45,33200,0,605900
PNB30Jan2059PE.NFO,07/01/2020,12:58:32,1.4,1.35,49800,1.45,74700,0,605900
PNB30Jan2059PE.NFO,07/01/2020,12:58:49,1.4,1.4,24900,1.45,41500,0,605900
PNB30Jan2059PE.NFO,07/01/2020,12:58:52,1.4,1.4,33200,1.45,41500,0,605900
PNB30Jan2059PE.NFO,07/01/2020,12:59:01,1.4,1.4,24900,1.45,41500,0,605900
PNB30Jan2059PE.NFO,07/01/2020,12:59:09,1.4,1.4,33200,1.45,41500,0,605900
PNB30Jan2059PE.NFO,07/01/2020,12:59:16,1.4,1.4,24900,1.45,41500,0,605900
PNB30Jan2059PE.NFO,07/01/2020,12:59:20,1.4,1.4,33200,1.45,41500,0,605900
PNB30Jan2059PE.NFO,07/01/2020,13:00:08,1.4,1.4,41500,1.45,24900,0,605900
PNB30Jan2059PE.NFO,07/01/2020,13:00:15,1.4,1.4,41500,1.45,16600,0,605900
PNB30Jan2059PE.NFO,07/01/2020,13:00:23,1.45,1.4,41500,1.45,8300,8300,597600
PNB30Jan2059PE.NFO,07/01/2020,13:00:47,1.45,1.4,41500,1.45,8300,0,597600
PNB30Jan2059PE.NFO,07/01/2020,13:01:01,1.45,1.4,41500,1.5,58100,8300,597600
PNB30Jan2059PE.NFO,07/01/2020,13:01:07,1.45,1.4,41500,1.5,49800,0,597600
PNB30Jan2059PE.NFO,07/01/2020,13:01:14,1.45,1.4,41500,1.5,41500,0,597600
PNB30Jan2059PE.NFO,07/01/2020,13:01:21,1.45,1.45,24900,1.5,8300,0,597600
PNB30Jan2059PE.NFO,07/01/2020,13:01:28,1.45,1.4,49800,1.5,8300,0,597600
PNB30Jan2059PE.NFO,07/01/2020,13:01:35,1.45,1.4,49800,1.5,24900,0,597600
PNB30Jan2059PE.NFO,07/01/2020,13:01:58,1.45,1.4,49800,1.5,16600,0,597600
PNB30Jan2059PE.NFO,07/01/2020,13:02:04,1.45,1.4,49800,1.5,41500,0,597600
PNB30Jan2059PE.NFO,07/01/2020,13:02:19,1.45,1.45,8300,1.5,16600,0,597600
PNB30Jan2059PE.NFO,07/01/2020,13:02:24,1.45,1.45,16600,1.5,16600,0,597600
PNB30Jan2059PE.NFO,07/01/2020,13:02:29,1.45,1.45,8300,1.5,16600,0,597600
PNB30Jan2059PE.NFO,07/01/2020,13:02:34,1.45,1.45,24900,1.5,16600,0,597600
PNB30Jan2059PE.NFO,07/01/2020,13:02:45,1.45,1.45,16600,1.5,16600,0,597600
PNB30Jan2059PE.NFO,07/01/2020,13:03:21,1.45,1.4,49800,1.5,41500,0,597600
PNB30Jan2059PE.NFO,07/01/2020,13:03:37,1.45,1.45,49800,1.5,8300,0,597600
PNB30Jan2059PE.NFO,07/01/2020,13:03:48,1.5,1.45,58100,1.55,41500,24900,597600
PNB30Jan2059PE.NFO,07/01/2020,13:03:52,1.5,1.45,58100,1.55,41500,0,597600
PNB30Jan2059PE.NFO,07/01/2020,13:04:07,1.5,1.45,49800,1.55,41500,0,597600
PNB30Jan2059PE.NFO,07/01/2020,13:04:10,1.5,1.45,58100,1.55,41500,0,597600
PNB30Jan2059PE.NFO,07/01/2020,13:04:14,1.5,1.45,41500,1.5,8300,0,597600
PNB30Jan2059PE.NFO,07/01/2020,13:04:18,1.5,1.45,49800,1.55,33200,0,597600
PNB30Jan2059PE.NFO,07/01/2020,13:04:39,1.5,1.45,58100,1.55,33200,0,597600
PNB30Jan2059PE.NFO,07/01/2020,13:04:50,1.5,1.45,58100,1.55,24900,0,597600
PNB30Jan2059PE.NFO,07/01/2020,13:04:57,1.5,1.45,58100,1.5,8300,0,597600
PNB30Jan2059PE.NFO,07/01/2020,13:05:51,1.5,1.45,58100,1.55,33200,8300,597600
PNB30Jan2059PE.NFO,07/01/2020,13:05:57,1.5,1.5,8300,1.55,24900,0,597600
PNB30Jan2059PE.NFO,07/01/2020,13:06:09,1.5,1.5,8300,1.55,16600,0,597600
PNB30Jan2059PE.NFO,07/01/2020,13:06:14,1.5,1.5,8300,1.55,8300,0,597600
PNB30Jan2059PE.NFO,07/01/2020,13:06:20,1.5,1.5,24900,1.55,8300,0,597600
PNB30Jan2059PE.NFO,07/01/2020,13:06:26,1.5,1.5,16600,1.55,8300,0,597600
PNB30Jan2059PE.NFO,07/01/2020,13:06:37,1.5,1.5,24900,1.55,8300,0,597600
PNB30Jan2059PE.NFO,07/01/2020,13:06:42,1.5,1.5,8300,1.55,16600,0,597600
PNB30Jan2059PE.NFO,07/01/2020,13:06:47,1.5,1.5,16600,1.55,24900,0,597600
PNB30Jan2059PE.NFO,07/01/2020,13:07:01,1.5,1.5,16600,1.55,8300,0,597600
PNB30Jan2059PE.NFO,07/01/2020,13:07:24,1.5,1.5,8300,1.55,8300,0,597600
PNB30Jan2059PE.NFO,07/01/2020,13:07:30,1.5,1.5,16600,1.55,8300,0,597600
PNB30Jan2059PE.NFO,07/01/2020,13:07:40,1.5,1.5,16600,1.55,16600,0,597600
PNB30Jan2059PE.NFO,07/01/2020,13:07:50,1.5,1.5,16600,1.55,8300,0,597600
PNB30Jan2059PE.NFO,07/01/2020,13:08:02,1.5,1.5,49800,1.6,33200,0,597600
PNB30Jan2059PE.NFO,07/01/2020,13:08:17,1.5,1.5,58100,1.6,33200,0,597600
PNB30Jan2059PE.NFO,07/01/2020,13:08:46,1.5,1.5,58100,1.6,24900,0,597600
PNB30Jan2059PE.NFO,07/01/2020,13:09:19,1.5,1.55,24900,1.6,8300,0,597600
PNB30Jan2059PE.NFO,07/01/2020,13:09:26,1.5,1.55,41500,1.65,66400,0,597600
PNB30Jan2059PE.NFO,07/01/2020,13:09:34,1.5,1.55,33200,1.65,66400,0,597600
PNB30Jan2059PE.NFO,07/01/2020,13:09:47,1.5,1.55,16600,1.6,16600,0,597600
PNB30Jan2059PE.NFO,07/01/2020,13:09:53,1.5,1.5,58100,1.6,24900,0,597600
PNB30Jan2059PE.NFO,07/01/2020,13:10:00,1.5,1.5,58100,1.6,33200,0,597600
PNB30Jan2059PE.NFO,07/01/2020,13:10:07,1.5,1.55,16600,1.6,24900,0,597600
PNB30Jan2059PE.NFO,07/01/2020,13:10:13,1.5,1.55,33200,1.65,66400,0,597600
PNB30Jan2059PE.NFO,07/01/2020,13:10:20,1.5,1.55,49800,1.65,58100,0,597600
PNB30Jan2059PE.NFO,07/01/2020,13:10:36,1.5,1.55,58100,1.65,58100,0,597600
PNB30Jan2059PE.NFO,07/01/2020,13:11:25,1.5,1.55,58100,1.65,66400,0,597600
PNB30Jan2059PE.NFO,07/01/2020,13:12:02,1.5,1.55,24900,1.65,74700,0,597600
PNB30Jan2059PE.NFO,07/01/2020,13:12:08,1.5,1.55,24900,1.6,16600,0,597600
PNB30Jan2059PE.NFO,07/01/2020,13:12:14,1.5,1.55,24900,1.6,8300,0,597600
PNB30Jan2059PE.NFO,07/01/2020,13:12:18,1.5,1.55,24900,1.6,16600,0,597600
PNB30Jan2059PE.NFO,07/01/2020,13:12:32,1.5,1.55,24900,1.6,8300,0,597600
PNB30Jan2059PE.NFO,07/01/2020,13:12:41,1.5,1.55,16600,1.6,41500,0,597600
PNB30Jan2059PE.NFO,07/01/2020,13:13:03,1.5,1.55,16600,1.6,33200,0,597600
PNB30Jan2059PE.NFO,07/01/2020,13:13:15,1.5,1.55,24900,1.6,8300,0,597600
PNB30Jan2059PE.NFO,07/01/2020,13:13:19,1.5,1.55,24900,1.65,83000,0,597600
PNB30Jan2059PE.NFO,07/01/2020,13:13:27,1.5,1.55,41500,1.65,91300,0,597600
PNB30Jan2059PE.NFO,07/01/2020,13:13:38,1.5,1.55,49800,1.65,91300,0,597600
PNB30Jan2059PE.NFO,07/01/2020,13:13:47,1.5,1.55,49800,1.65,83000,0,597600
PNB30Jan2059PE.NFO,07/01/2020,13:13:51,1.5,1.55,49800,1.65,74700,0,597600
PNB30Jan2059PE.NFO,07/01/2020,13:14:01,1.5,1.55,49800,1.65,83000,0,597600
PNB30Jan2059PE.NFO,07/01/2020,13:14:06,1.5,1.55,49800,1.65,74700,0,597600
PNB30Jan2059PE.NFO,07/01/2020,13:14:43,1.5,1.55,49800,1.65,66400,0,597600
PNB30Jan2059PE.NFO,07/01/2020,13:14:56,1.5,1.55,58100,1.65,49800,0,597600
PNB30Jan2059PE.NFO,07/01/2020,13:15:08,1.5,1.65,8300,1.7,33200,0,597600
PNB30Jan2059PE.NFO,07/01/2020,13:15:16,1.5,1.6,49800,1.7,41500,0,597600
PNB30Jan2059PE.NFO,07/01/2020,13:15:24,1.5,1.65,16600,1.7,33200,0,597600
PNB30Jan2059PE.NFO,07/01/2020,13:15:31,1.5,1.65,24900,1.7,8300,0,597600
PNB30Jan2059PE.NFO,07/01/2020,13:15:43,1.5,1.65,16600,1.7,24900,0,597600
PNB30Jan2059PE.NFO,07/01/2020,13:15:49,1.5,1.65,24900,1.7,8300,0,597600
PNB30Jan2059PE.NFO,07/01/2020,13:16:00,1.5,1.65,24900,1.7,24900,0,597600
PNB30Jan2059PE.NFO,07/01/2020,13:16:07,1.5,1.6,58100,1.7,24900,0,597600
PNB30Jan2059PE.NFO,07/01/2020,13:16:31,1.5,1.6,41500,1.65,8300,0,597600
PNB30Jan2059PE.NFO,07/01/2020,13:16:41,1.5,1.55,58100,1.65,8300,0,597600
PNB30Jan2059PE.NFO,07/01/2020,13:17:05,1.5,1.55,49800,1.65,8300,0,597600
PNB30Jan2059PE.NFO,07/01/2020,13:17:13,1.5,1.55,58100,1.65,16600,0,597600
PNB30Jan2059PE.NFO,07/01/2020,13:17:16,1.5,1.55,49800,1.65,41500,0,597600
PNB30Jan2059PE.NFO,07/01/2020,13:17:21,1.5,1.55,49800,1.65,33200,0,597600
PNB30Jan2059PE.NFO,07/01/2020,13:17:27,1.5,1.55,49800,1.65,8300,0,597600
PNB30Jan2059PE.NFO,07/01/2020,13:17:35,1.5,1.6,24900,1.65,16600,0,597600
PNB30Jan2059PE.NFO,07/01/2020,13:17:40,1.5,1.6,24900,1.65,8300,0,597600
PNB30Jan2059PE.NFO,07/01/2020,13:17:54,1.65,1.6,16600,1.65,8300,8300,597600
PNB30Jan2059PE.NFO,07/01/2020,13:17:54,1.65,1.6,16600,1.65,8300,0,597600
PNB30Jan2059PE.NFO,07/01/2020,13:17:59,1.65,1.6,16600,1.65,8300,0,597600
PNB30Jan2059PE.NFO,07/01/2020,13:18:05,1.65,1.6,16600,1.65,16600,0,597600
PNB30Jan2059PE.NFO,07/01/2020,13:18:12,1.65,1.6,16600,1.65,41500,0,597600
PNB30Jan2059PE.NFO,07/01/2020,13:18:26,1.65,1.6,16600,1.65,49800,0,597600
PNB30Jan2059PE.NFO,07/01/2020,13:18:32,1.65,1.6,16600,1.65,41500,0,597600
PNB30Jan2059PE.NFO,07/01/2020,13:18:44,1.65,1.55,58100,1.65,58100,0,597600
PNB30Jan2059PE.NFO,07/01/2020,13:19:01,1.65,1.55,49800,1.65,58100,0,597600
PNB30Jan2059PE.NFO,07/01/2020,13:19:06,1.65,1.55,49800,1.65,49800,0,597600
PNB30Jan2059PE.NFO,07/01/2020,13:19:19,1.65,1.55,66400,1.65,49800,0,597600
PNB30Jan2059PE.NFO,07/01/2020,13:19:51,1.65,1.55,49800,1.65,58100,0,597600
PNB30Jan2059PE.NFO,07/01/2020,13:20:17,1.55,1.5,49800,1.6,41500,8300,605900
PNB30Jan2059PE.NFO,07/01/2020,13:20:22,1.55,1.5,66400,1.6,41500,0,605900
PNB30Jan2059PE.NFO,07/01/2020,13:20:42,1.55,1.5,66400,1.6,49800,0,605900
PNB30Jan2059PE.NFO,07/01/2020,13:21:01,1.55,1.55,24900,1.6,24900,0,605900
PNB30Jan2059PE.NFO,07/01/2020,13:21:14,1.55,1.55,33200,1.65,74700,0,605900
PNB30Jan2059PE.NFO,07/01/2020,13:21:23,1.55,1.55,49800,1.65,74700,0,605900
PNB30Jan2059PE.NFO,07/01/2020,13:21:29,1.55,1.55,41500,1.65,74700,0,605900
PNB30Jan2059PE.NFO,07/01/2020,13:21:34,1.55,1.55,66400,1.65,66400,0,605900
PNB30Jan2059PE.NFO,07/01/2020,13:21:38,1.55,1.55,49800,1.65,74700,0,605900
PNB30Jan2059PE.NFO,07/01/2020,13:21:47,1.55,1.55,49800,1.65,66400,0,605900
PNB30Jan2059PE.NFO,07/01/2020,13:22:05,1.55,1.55,58100,1.65,66400,0,605900
PNB30Jan2059PE.NFO,07/01/2020,13:22:14,1.55,1.55,41500,1.65,66400,0,605900
PNB30Jan2059PE.NFO,07/01/2020,13:22:25,1.55,1.55,41500,1.65,74700,0,605900
PNB30Jan2059PE.NFO,07/01/2020,13:22:39,1.55,1.55,58100,1.65,66400,0,605900
PNB30Jan2059PE.NFO,07/01/2020,13:22:43,1.55,1.55,41500,1.65,74700,0,605900
PNB30Jan2059PE.NFO,07/01/2020,13:22:53,1.55,1.55,58100,1.65,66400,0,605900
PNB30Jan2059PE.NFO,07/01/2020,13:23:15,1.55,1.55,49800,1.65,66400,0,605900
PNB30Jan2059PE.NFO,07/01/2020,13:23:39,1.55,1.55,49800,1.65,74700,0,605900
PNB30Jan2059PE.NFO,07/01/2020,13:23:43,1.55,1.55,49800,1.65,66400,0,605900
PNB30Jan2059PE.NFO,07/01/2020,13:23:52,1.55,1.55,58100,1.65,66400,0,605900
PNB30Jan2059PE.NFO,07/01/2020,13:23:56,1.55,1.55,49800,1.65,66400,0,605900
PNB30Jan2059PE.NFO,07/01/2020,13:24:12,1.55,1.55,33200,1.65,74700,0,605900
PNB30Jan2059PE.NFO,07/01/2020,13:24:18,1.55,1.55,41500,1.65,74700,0,605900
PNB30Jan2059PE.NFO,07/01/2020,13:24:23,1.55,1.55,41500,1.65,66400,0,605900
PNB30Jan2059PE.NFO,07/01/2020,13:24:28,1.55,1.55,49800,1.65,66400,0,605900
PNB30Jan2059PE.NFO,07/01/2020,13:24:39,1.55,1.55,33200,1.6,41500,0,605900
PNB30Jan2059PE.NFO,07/01/2020,13:24:47,1.55,1.5,58100,1.6,49800,0,605900
PNB30Jan2059PE.NFO,07/01/2020,13:24:54,1.55,1.55,16600,1.6,41500,0,605900
PNB30Jan2059PE.NFO,07/01/2020,13:25:00,1.55,1.55,16600,1.6,33200,0,605900
PNB30Jan2059PE.NFO,07/01/2020,13:25:11,1.55,1.55,16600,1.6,41500,0,605900
PNB30Jan2059PE.NFO,07/01/2020,13:25:24,1.55,1.55,16600,1.6,49800,0,605900
PNB30Jan2059PE.NFO,07/01/2020,13:26:26,1.55,1.5,58100,1.6,49800,0,605900
PNB30Jan2059PE.NFO,07/01/2020,13:26:32,1.55,1.5,41500,1.55,8300,0,605900
PNB30Jan2059PE.NFO,07/01/2020,13:26:37,1.55,1.5,49800,1.6,41500,0,605900
PNB30Jan2059PE.NFO,07/01/2020,13:27:02,1.55,1.5,41500,1.6,41500,0,605900
PNB30Jan2059PE.NFO,07/01/2020,13:27:12,1.55,1.5,58100,1.6,41500,0,605900
PNB30Jan2059PE.NFO,07/01/2020,13:27:17,1.55,1.5,49800,1.6,41500,0,605900
PNB30Jan2059PE.NFO,07/01/2020,13:27:33,1.55,1.55,8300,1.6,16600,0,605900
PNB30Jan2059PE.NFO,07/01/2020,13:27:46,1.55,1.55,24900,1.6,16600,0,605900
PNB30Jan2059PE.NFO,07/01/2020,13:27:52,1.55,1.55,16600,1.6,8300,0,605900
PNB30Jan2059PE.NFO,07/01/2020,13:27:59,1.55,1.5,58100,1.6,8300,0,605900
PNB30Jan2059PE.NFO,07/01/2020,13:28:10,1.55,1.55,8300,1.6,8300,0,605900
PNB30Jan2059PE.NFO,07/01/2020,13:28:21,1.55,1.5,58100,1.6,24900,0,605900
PNB30Jan2059PE.NFO,07/01/2020,13:28:50,1.55,1.5,49800,1.6,24900,0,605900
PNB30Jan2059PE.NFO,07/01/2020,13:28:56,1.55,1.55,24900,1.6,8300,0,605900
PNB30Jan2059PE.NFO,07/01/2020,13:29:04,1.55,1.55,16600,1.6,8300,0,605900
PNB30Jan2059PE.NFO,07/01/2020,13:29:12,1.55,1.5,58100,1.6,49800,0,605900
PNB30Jan2059PE.NFO,07/01/2020,13:29:26,1.55,1.55,16600,1.6,24900,0,605900
PNB30Jan2059PE.NFO,07/01/2020,13:29:39,1.55,1.55,16600,1.6,8300,0,605900
PNB30Jan2059PE.NFO,07/01/2020,13:29:51,1.55,1.55,33200,1.65,66400,0,605900
PNB30Jan2059PE.NFO,07/01/2020,13:29:58,1.55,1.55,16600,1.6,8300,0,605900
PNB30Jan2059PE.NFO,07/01/2020,13:30:05,1.55,1.55,33200,1.65,66400,0,605900
PNB30Jan2059PE.NFO,07/01/2020,13:30:12,1.55,1.55,16600,1.6,16600,0,605900
PNB30Jan2059PE.NFO,07/01/2020,13:30:18,1.55,1.55,16600,1.6,8300,0,605900
PNB30Jan2059PE.NFO,07/01/2020,13:30:30,1.55,1.55,33200,1.6,8300,0,605900
PNB30Jan2059PE.NFO,07/01/2020,13:30:37,1.55,1.55,24900,1.6,8300,0,605900
PNB30Jan2059PE.NFO,07/01/2020,13:30:44,1.55,1.55,16600,1.6,8300,0,605900
PNB30Jan2059PE.NFO,07/01/2020,13:30:52,1.55,1.55,49800,1.65,58100,0,605900
PNB30Jan2059PE.NFO,07/01/2020,13:31:14,1.55,1.55,41500,1.65,58100,0,605900
PNB30Jan2059PE.NFO,07/01/2020,13:31:34,1.55,1.55,8300,1.6,8300,0,605900
PNB30Jan2059PE.NFO,07/01/2020,13:31:49,1.55,1.55,8300,1.6,16600,0,605900
PNB30Jan2059PE.NFO,07/01/2020,13:31:57,1.55,1.5,58100,1.6,41500,0,605900
PNB30Jan2059PE.NFO,07/01/2020,13:32:05,1.55,1.5,58100,1.6,24900,0,605900
PNB30Jan2059PE.NFO,07/01/2020,13:32:12,1.55,1.55,8300,1.6,24900,0,605900
PNB30Jan2059PE.NFO,07/01/2020,13:32:18,1.55,1.55,16600,1.6,24900,0,605900
PNB30Jan2059PE.NFO,07/01/2020,13:32:28,1.55,1.5,66400,1.6,33200,0,605900
PNB30Jan2059PE.NFO,07/01/2020,13:32:39,1.55,1.5,66400,1.6,24900,0,605900
PNB30Jan2059PE.NFO,07/01/2020,13:32:52,1.55,1.55,16600,1.65,66400,0,605900
PNB30Jan2059PE.NFO,07/01/2020,13:32:58,1.55,1.55,24900,1.65,66400,0,605900
PNB30Jan2059PE.NFO,07/01/2020,13:33:10,1.55,1.55,16600,1.6,16600,0,605900
PNB30Jan2059PE.NFO,07/01/2020,13:33:25,1.55,1.55,33200,1.65,66400,0,605900
PNB30Jan2059PE.NFO,07/01/2020,13:33:38,1.55,1.55,24900,1.65,66400,0,605900
PNB30Jan2059PE.NFO,07/01/2020,13:33:48,1.55,1.55,16600,1.65,66400,0,605900
PNB30Jan2059PE.NFO,07/01/2020,13:34:04,1.55,1.55,24900,1.65,66400,0,605900
PNB30Jan2059PE.NFO,07/01/2020,13:34:09,1.55,1.55,24900,1.65,58100,0,605900
PNB30Jan2059PE.NFO,07/01/2020,13:34:14,1.55,1.55,16600,1.65,58100,0,605900
PNB30Jan2059PE.NFO,07/01/2020,13:34:29,1.55,1.55,24900,1.65,58100,0,605900
PNB30Jan2059PE.NFO,07/01/2020,13:34:38,1.55,1.55,16600,1.65,58100,0,605900
PNB30Jan2059PE.NFO,07/01/2020,13:34:43,1.55,1.55,24900,1.65,58100,0,605900
PNB30Jan2059PE.NFO,07/01/2020,13:34:49,1.55,1.55,8300,1.6,24900,0,605900
PNB30Jan2059PE.NFO,07/01/2020,13:34:54,1.55,1.5,58100,1.6,41500,0,605900
PNB30Jan2059PE.NFO,07/01/2020,13:35:02,1.55,1.5,49800,1.6,41500,0,605900
PNB30Jan2059PE.NFO,07/01/2020,13:35:09,1.55,1.5,41500,1.6,41500,0,605900
PNB30Jan2059PE.NFO,07/01/2020,13:35:21,1.55,1.5,58100,1.6,41500,0,605900
PNB30Jan2059PE.NFO,07/01/2020,13:35:32,1.55,1.5,49800,1.6,41500,0,605900
PNB30Jan2059PE.NFO,07/01/2020,13:35:50,1.55,1.5,16600,1.55,8300,0,605900
PNB30Jan2059PE.NFO,07/01/2020,13:36:03,1.55,1.5,33200,1.6,41500,0,605900
PNB30Jan2059PE.NFO,07/01/2020,13:36:07,1.55,1.5,16600,1.55,8300,0,605900
PNB30Jan2059PE.NFO,07/01/2020,13:36:26,1.55,1.5,8300,1.55,8300,0,605900
PNB30Jan2059PE.NFO,07/01/2020,13:36:35,1.55,1.5,16600,1.55,33200,0,605900
PNB30Jan2059PE.NFO,07/01/2020,13:36:40,1.55,1.5,41500,1.55,24900,0,605900
PNB30Jan2059PE.NFO,07/01/2020,13:37:03,1.55,1.5,24900,1.55,33200,0,605900
PNB30Jan2059PE.NFO,07/01/2020,13:37:31,1.55,1.5,8300,1.55,74700,0,605900
PNB30Jan2059PE.NFO,07/01/2020,13:37:36,1.55,1.5,8300,1.55,66400,0,605900
PNB30Jan2059PE.NFO,07/01/2020,13:37:41,1.55,1.5,8300,1.55,58100,0,605900
PNB30Jan2059PE.NFO,07/01/2020,13:37:54,1.55,1.5,8300,1.55,49800,0,605900
PNB30Jan2059PE.NFO,07/01/2020,13:38:13,1.55,1.45,49800,1.55,83000,0,605900
PNB30Jan2059PE.NFO,07/01/2020,13:38:20,1.55,1.5,8300,1.55,58100,0,605900
PNB30Jan2059PE.NFO,07/01/2020,13:38:47,1.55,1.5,16600,1.55,58100,0,605900
PNB30Jan2059PE.NFO,07/01/2020,13:38:56,1.55,1.5,16600,1.55,74700,0,605900
PNB30Jan2059PE.NFO,07/01/2020,13:39:02,1.55,1.5,16600,1.55,66400,0,605900
PNB30Jan2059PE.NFO,07/01/2020,13:39:11,1.55,1.5,8300,1.55,66400,0,605900
PNB30Jan2059PE.NFO,07/01/2020,13:39:21,1.55,1.5,16600,1.55,66400,0,605900
PNB30Jan2059PE.NFO,07/01/2020,13:39:42,1.55,1.5,49800,1.55,24900,0,605900
PNB30Jan2059PE.NFO,07/01/2020,13:39:49,1.55,1.5,41500,1.55,24900,0,605900
PNB30Jan2059PE.NFO,07/01/2020,13:40:04,1.55,1.5,49800,1.55,24900,0,605900
PNB30Jan2059PE.NFO,07/01/2020,13:40:09,1.55,1.5,58100,1.55,24900,0,605900
PNB30Jan2059PE.NFO,07/01/2020,13:40:31,1.55,1.5,49800,1.55,24900,0,605900
PNB30Jan2059PE.NFO,07/01/2020,13:40:45,1.55,1.5,24900,1.55,66400,0,605900
PNB30Jan2059PE.NFO,07/01/2020,13:40:51,1.55,1.5,24900,1.55,74700,0,605900
PNB30Jan2059PE.NFO,07/01/2020,13:41:03,1.55,1.5,33200,1.55,41500,0,605900
PNB30Jan2059PE.NFO,07/01/2020,13:41:06,1.55,1.5,33200,1.55,33200,8300,597600
PNB30Jan2059PE.NFO,07/01/2020,13:41:14,1.55,1.5,49800,1.55,33200,0,597600
PNB30Jan2059PE.NFO,07/01/2020,13:41:18,1.55,1.5,41500,1.55,33200,0,597600
PNB30Jan2059PE.NFO,07/01/2020,13:41:37,1.55,1.5,33200,1.55,33200,0,597600
PNB30Jan2059PE.NFO,07/01/2020,13:41:43,1.55,1.5,24900,1.55,66400,0,597600
PNB30Jan2059PE.NFO,07/01/2020,13:41:47,1.55,1.5,41500,1.55,33200,0,597600
PNB30Jan2059PE.NFO,07/01/2020,13:41:53,1.55,1.5,41500,1.55,16600,0,597600
PNB30Jan2059PE.NFO,07/01/2020,13:42:03,1.55,1.5,33200,1.55,41500,0,597600
PNB30Jan2059PE.NFO,07/01/2020,13:42:07,1.55,1.5,33200,1.55,49800,0,597600
PNB30Jan2059PE.NFO,07/01/2020,13:42:12,1.55,1.5,33200,1.55,41500,0,597600
PNB30Jan2059PE.NFO,07/01/2020,13:42:24,1.55,1.45,58100,1.55,58100,0,597600
PNB30Jan2059PE.NFO,07/01/2020,13:42:42,1.55,1.45,58100,1.55,41500,0,597600
PNB30Jan2059PE.NFO,07/01/2020,13:42:45,1.55,1.45,49800,1.55,41500,0,597600
PNB30Jan2059PE.NFO,07/01/2020,13:43:03,1.55,1.45,49800,1.55,49800,0,597600
PNB30Jan2059PE.NFO,07/01/2020,13:43:12,1.55,1.5,8300,1.55,49800,0,597600
PNB30Jan2059PE.NFO,07/01/2020,13:43:21,1.55,1.5,8300,1.55,41500,0,597600
PNB30Jan2059PE.NFO,07/01/2020,13:44:18,1.55,1.5,8300,1.55,33200,0,597600
PNB30Jan2059PE.NFO,07/01/2020,13:44:36,1.55,1.5,8300,1.55,41500,0,597600
PNB30Jan2059PE.NFO,07/01/2020,13:44:48,1.55,1.5,33200,1.55,8300,0,597600
PNB30Jan2059PE.NFO,07/01/2020,13:44:54,1.55,1.5,33200,1.55,16600,0,597600
PNB30Jan2059PE.NFO,07/01/2020,13:45:08,1.55,1.5,16600,1.55,49800,0,597600
PNB30Jan2059PE.NFO,07/01/2020,13:45:16,1.55,1.45,49800,1.55,49800,0,597600
PNB30Jan2059PE.NFO,07/01/2020,13:45:22,1.55,1.5,8300,1.55,49800,0,597600
PNB30Jan2059PE.NFO,07/01/2020,13:45:28,1.55,1.45,49800,1.55,49800,0,597600
PNB30Jan2059PE.NFO,07/01/2020,13:45:43,1.55,1.45,49800,1.55,58100,0,597600
PNB30Jan2059PE.NFO,07/01/2020,13:46:04,1.55,1.5,8300,1.55,49800,0,597600
PNB30Jan2059PE.NFO,07/01/2020,13:46:09,1.55,1.5,16600,1.55,49800,0,597600
PNB30Jan2059PE.NFO,07/01/2020,13:46:44,1.55,1.45,41500,1.55,58100,0,597600
PNB30Jan2059PE.NFO,07/01/2020,13:46:53,1.55,1.45,24900,1.55,58100,0,597600
PNB30Jan2059PE.NFO,07/01/2020,13:47:08,1.55,1.45,49800,1.55,49800,0,597600
PNB30Jan2059PE.NFO,07/01/2020,13:47:15,1.55,1.45,24900,1.55,58100,0,597600
PNB30Jan2059PE.NFO,07/01/2020,13:47:20,1.55,1.45,24900,1.55,49800,0,597600
PNB30Jan2059PE.NFO,07/01/2020,13:47:25,1.55,1.45,24900,1.55,58100,0,597600
PNB30Jan2059PE.NFO,07/01/2020,13:47:46,1.55,1.45,8300,1.5,41500,0,597600
PNB30Jan2059PE.NFO,07/01/2020,13:47:56,1.55,1.45,16600,1.5,41500,0,597600
PNB30Jan2059PE.NFO,07/01/2020,13:48:01,1.55,1.45,8300,1.5,41500,0,597600
PNB30Jan2059PE.NFO,07/01/2020,13:48:21,1.55,1.4,58100,1.5,58100,0,597600
PNB30Jan2059PE.NFO,07/01/2020,13:48:27,1.55,1.45,8300,1.5,41500,0,597600
PNB30Jan2059PE.NFO,07/01/2020,13:48:55,1.55,1.4,49800,1.5,58100,0,597600
PNB30Jan2059PE.NFO,07/01/2020,13:49:19,1.55,1.4,41500,1.5,58100,0,597600
PNB30Jan2059PE.NFO,07/01/2020,13:49:47,1.55,1.4,41500,1.5,66400,0,597600
PNB30Jan2059PE.NFO,07/01/2020,13:49:51,1.55,1.4,33200,1.5,58100,0,597600
PNB30Jan2059PE.NFO,07/01/2020,13:49:57,1.55,1.4,24900,1.5,58100,0,597600
PNB30Jan2059PE.NFO,07/01/2020,13:50:09,1.55,1.4,8300,1.45,49800,0,597600
PNB30Jan2059PE.NFO,07/01/2020,13:50:17,1.55,1.35,41500,1.4,16600,0,597600
PNB30Jan2059PE.NFO,07/01/2020,13:50:24,1.55,1.35,58100,1.45,74700,0,597600
PNB30Jan2059PE.NFO,07/01/2020,13:50:31,1.55,1.35,49800,1.45,74700,0,597600
PNB30Jan2059PE.NFO,07/01/2020,13:50:37,1.55,1.35,41500,1.4,24900,0,597600
PNB30Jan2059PE.NFO,07/01/2020,13:50:54,1.55,1.35,66400,1.45,66400,0,597600
PNB30Jan2059PE.NFO,07/01/2020,13:51:02,1.55,1.35,41500,1.4,8300,0,597600
PNB30Jan2059PE.NFO,07/01/2020,13:51:14,1.55,1.35,49800,1.4,8300,0,597600
PNB30Jan2059PE.NFO,07/01/2020,13:51:20,1.55,1.35,49800,1.45,66400,0,597600
PNB30Jan2059PE.NFO,07/01/2020,13:51:31,1.55,1.35,58100,1.45,66400,0,597600
PNB30Jan2059PE.NFO,07/01/2020,13:51:36,1.55,1.35,58100,1.45,49800,0,597600
PNB30Jan2059PE.NFO,07/01/2020,13:51:56,1.55,1.35,58100,1.45,33200,0,597600
PNB30Jan2059PE.NFO,07/01/2020,13:52:02,1.55,1.35,58100,1.45,24900,0,597600
PNB30Jan2059PE.NFO,07/01/2020,13:52:06,1.55,1.35,58100,1.45,41500,0,597600
PNB30Jan2059PE.NFO,07/01/2020,13:52:12,1.55,1.35,58100,1.45,49800,0,597600
PNB30Jan2059PE.NFO,07/01/2020,13:52:17,1.55,1.35,58100,1.45,41500,0,597600
PNB30Jan2059PE.NFO,07/01/2020,13:52:22,1.55,1.35,58100,1.45,49800,0,597600
PNB30Jan2059PE.NFO,07/01/2020,13:52:31,1.55,1.35,58100,1.45,41500,0,597600
PNB30Jan2059PE.NFO,07/01/2020,13:52:47,1.55,1.35,49800,1.45,66400,0,597600
PNB30Jan2059PE.NFO,07/01/2020,13:52:59,1.55,1.35,49800,1.45,74700,0,597600
PNB30Jan2059PE.NFO,07/01/2020,13:53:03,1.55,1.35,49800,1.45,66400,0,597600
PNB30Jan2059PE.NFO,07/01/2020,13:53:08,1.55,1.35,66400,1.45,66400,0,597600
PNB30Jan2059PE.NFO,07/01/2020,13:53:21,1.55,1.35,58100,1.45,66400,0,597600
PNB30Jan2059PE.NFO,07/01/2020,13:53:43,1.55,1.35,66400,1.45,49800,0,597600
PNB30Jan2059PE.NFO,07/01/2020,13:53:51,1.55,1.35,66400,1.45,16600,0,597600
PNB30Jan2059PE.NFO,07/01/2020,13:54:00,1.55,1.35,66400,1.45,8300,0,597600
PNB30Jan2059PE.NFO,07/01/2020,13:54:06,1.55,1.4,16600,1.45,8300,0,597600
PNB30Jan2059PE.NFO,07/01/2020,13:54:12,1.55,1.4,24900,1.5,66400,0,597600
PNB30Jan2059PE.NFO,07/01/2020,13:54:17,1.55,1.4,16600,1.45,16600,0,597600
PNB30Jan2059PE.NFO,07/01/2020,13:54:51,1.55,1.4,24900,1.45,16600,0,597600
PNB30Jan2059PE.NFO,07/01/2020,13:55:01,1.55,1.4,16600,1.45,8300,0,597600
PNB30Jan2059PE.NFO,07/01/2020,13:55:08,1.55,1.35,66400,1.45,49800,0,597600
PNB30Jan2059PE.NFO,07/01/2020,13:55:15,1.55,1.35,66400,1.45,41500,0,597600
PNB30Jan2059PE.NFO,07/01/2020,13:55:21,1.55,1.35,66400,1.45,49800,0,597600
PNB30Jan2059PE.NFO,07/01/2020,13:55:50,1.55,1.35,58100,1.45,49800,0,597600
PNB30Jan2059PE.NFO,07/01/2020,13:56:03,1.55,1.35,66400,1.45,49800,0,597600
PNB30Jan2059PE.NFO,07/01/2020,13:56:21,1.55,1.4,16600,1.45,49800,0,597600
PNB30Jan2059PE.NFO,07/01/2020,13:56:26,1.55,1.4,8300,1.45,49800,0,597600
PNB30Jan2059PE.NFO,07/01/2020,13:56:31,1.55,1.4,16600,1.45,33200,0,597600
PNB30Jan2059PE.NFO,07/01/2020,13:56:38,1.55,1.4,16600,1.45,24900,0,597600
PNB30Jan2059PE.NFO,07/01/2020,13:56:44,1.55,1.4,16600,1.45,33200,0,597600
PNB30Jan2059PE.NFO,07/01/2020,13:56:48,1.55,1.4,24900,1.45,41500,0,597600
PNB30Jan2059PE.NFO,07/01/2020,13:56:53,1.55,1.35,66400,1.45,49800,0,597600
PNB30Jan2059PE.NFO,07/01/2020,13:56:57,1.55,1.35,66400,1.45,58100,0,597600
PNB30Jan2059PE.NFO,07/01/2020,13:57:17,1.55,1.35,66400,1.45,41500,0,597600
PNB30Jan2059PE.NFO,07/01/2020,13:57:38,1.55,1.35,58100,1.45,41500,0,597600
PNB30Jan2059PE.NFO,07/01/2020,13:57:46,1.55,1.35,58100,1.45,49800,0,597600
PNB30Jan2059PE.NFO,07/01/2020,13:57:52,1.55,1.35,58100,1.45,58100,0,597600
PNB30Jan2059PE.NFO,07/01/2020,13:58:15,1.55,1.35,66400,1.45,41500,0,597600
PNB30Jan2059PE.NFO,07/01/2020,13:58:27,1.55,1.4,16600,1.45,33200,0,597600
PNB30Jan2059PE.NFO,07/01/2020,13:58:34,1.55,1.4,49800,1.5,66400,0,597600
PNB30Jan2059PE.NFO,07/01/2020,13:58:39,1.55,1.4,8300,1.45,33200,0,597600
PNB30Jan2059PE.NFO,07/01/2020,13:59:35,1.55,1.4,16600,1.5,58100,0,597600
PNB30Jan2059PE.NFO,07/01/2020,13:59:37,1.55,1.4,16600,1.45,24900,0,597600
PNB30Jan2059PE.NFO,07/01/2020,13:59:46,1.55,1.4,16600,1.45,16600,0,597600
PNB30Jan2059PE.NFO,07/01/2020,14:00:06,1.55,1.4,16600,1.5,66400,0,597600
PNB30Jan2059PE.NFO,07/01/2020,14:00:10,1.55,1.4,66400,1.5,66400,0,597600
PNB30Jan2059PE.NFO,07/01/2020,14:00:27,1.55,1.4,58100,1.5,66400,0,597600
PNB30Jan2059PE.NFO,07/01/2020,14:00:29,1.55,1.4,58100,1.5,58100,0,597600
PNB30Jan2059PE.NFO,07/01/2020,14:00:41,1.55,1.4,33200,1.45,8300,0,597600
PNB30Jan2059PE.NFO,07/01/2020,14:00:48,1.55,1.4,8300,1.45,41500,0,597600
PNB30Jan2059PE.NFO,07/01/2020,14:00:55,1.55,1.4,16600,1.45,8300,0,597600
PNB30Jan2059PE.NFO,07/01/2020,14:01:07,1.55,1.4,24900,1.45,8300,0,597600
PNB30Jan2059PE.NFO,07/01/2020,14:01:12,1.55,1.4,24900,1.45,24900,0,597600
PNB30Jan2059PE.NFO,07/01/2020,14:01:17,1.45,1.4,16600,1.45,41500,16600,589300
PNB30Jan2059PE.NFO,07/01/2020,14:01:25,1.45,1.4,16600,1.45,8300,0,589300
PNB30Jan2059PE.NFO,07/01/2020,14:01:29,1.45,1.4,33200,1.45,8300,0,589300
PNB30Jan2059PE.NFO,07/01/2020,14:01:34,1.45,1.4,16600,1.45,41500,0,589300
PNB30Jan2059PE.NFO,07/01/2020,14:01:38,1.45,1.4,16600,1.45,49800,0,589300
PNB30Jan2059PE.NFO,07/01/2020,14:01:51,1.45,1.4,16600,1.45,8300,0,589300
PNB30Jan2059PE.NFO,07/01/2020,14:01:54,1.45,1.4,16600,1.5,66400,0,589300
PNB30Jan2059PE.NFO,07/01/2020,14:01:56,1.45,1.4,16600,1.45,24900,0,589300
PNB30Jan2059PE.NFO,07/01/2020,14:02:16,1.45,1.4,16600,1.45,16600,0,589300
PNB30Jan2059PE.NFO,07/01/2020,14:03:09,1.45,1.35,91300,1.45,58100,0,589300
PNB30Jan2059PE.NFO,07/01/2020,14:03:15,1.45,1.4,16600,1.45,58100,0,589300
PNB30Jan2059PE.NFO,07/01/2020,14:03:20,1.45,1.4,16600,1.45,49800,0,589300
PNB30Jan2059PE.NFO,07/01/2020,14:03:33,1.45,1.4,16600,1.45,58100,0,589300
PNB30Jan2059PE.NFO,07/01/2020,14:03:44,1.45,1.35,91300,1.45,58100,0,589300
PNB30Jan2059PE.NFO,07/01/2020,14:03:51,1.45,1.4,8300,1.45,49800,0,589300
PNB30Jan2059PE.NFO,07/01/2020,14:03:56,1.45,1.4,24900,1.45,49800,0,589300
PNB30Jan2059PE.NFO,07/01/2020,14:04:02,1.45,1.4,33200,1.45,24900,0,589300
PNB30Jan2059PE.NFO,07/01/2020,14:04:08,1.45,1.4,16600,1.45,58100,0,589300
PNB30Jan2059PE.NFO,07/01/2020,14:04:44,1.45,1.4,16600,1.45,49800,0,589300
PNB30Jan2059PE.NFO,07/01/2020,14:05:36,1.45,1.4,33200,1.45,16600,0,589300
PNB30Jan2059PE.NFO,07/01/2020,14:05:45,1.45,1.4,49800,1.5,66400,0,589300
PNB30Jan2059PE.NFO,07/01/2020,14:06:11,1.45,1.4,41500,1.5,66400,0,589300
PNB30Jan2059PE.NFO,07/01/2020,14:06:16,1.45,1.4,41500,1.5,58100,0,589300
PNB30Jan2059PE.NFO,07/01/2020,14:06:44,1.45,1.4,49800,1.5,41500,0,589300
PNB30Jan2059PE.NFO,07/01/2020,14:07:14,1.45,1.4,49800,1.5,58100,0,589300
PNB30Jan2059PE.NFO,07/01/2020,14:07:24,1.45,1.45,8300,1.5,58100,0,589300
PNB30Jan2059PE.NFO,07/01/2020,14:07:56,1.45,1.45,8300,1.5,33200,0,589300
PNB30Jan2059PE.NFO,07/01/2020,14:08:01,1.45,1.45,24900,1.5,8300,0,589300
PNB30Jan2059PE.NFO,07/01/2020,14:08:16,1.45,1.45,24900,1.55,49800,0,589300
PNB30Jan2059PE.NFO,07/01/2020,14:08:21,1.45,1.45,24900,1.5,16600,0,589300
PNB30Jan2059PE.NFO,07/01/2020,14:08:25,1.45,1.45,16600,1.5,16600,0,589300
PNB30Jan2059PE.NFO,07/01/2020,14:08:47,1.45,1.45,16600,1.55,41500,0,589300
PNB30Jan2059PE.NFO,07/01/2020,14:08:58,1.45,1.45,8300,1.5,33200,0,589300
PNB30Jan2059PE.NFO,07/01/2020,14:09:06,1.45,1.45,16600,1.5,16600,0,589300
PNB30Jan2059PE.NFO,07/01/2020,14:09:26,1.45,1.45,16600,1.5,8300,0,589300
PNB30Jan2059PE.NFO,07/01/2020,14:09:33,1.45,1.5,8300,1.55,41500,0,589300
PNB30Jan2059PE.NFO,07/01/2020,14:09:46,1.45,1.45,24900,1.55,41500,0,589300
PNB30Jan2059PE.NFO,07/01/2020,14:09:53,1.45,1.45,24900,1.5,8300,0,589300
PNB30Jan2059PE.NFO,07/01/2020,14:10:01,1.45,1.45,16600,1.5,24900,0,589300
PNB30Jan2059PE.NFO,07/01/2020,14:10:09,1.45,1.45,41500,1.55,49800,0,589300
PNB30Jan2059PE.NFO,07/01/2020,14:10:16,1.45,1.45,33200,1.55,49800,0,589300
PNB30Jan2059PE.NFO,07/01/2020,14:10:21,1.45,1.45,41500,1.55,49800,0,589300
PNB30Jan2059PE.NFO,07/01/2020,14:10:32,1.45,1.45,33200,1.55,41500,0,589300
PNB30Jan2059PE.NFO,07/01/2020,14:10:36,1.45,1.45,33200,1.55,33200,0,589300
PNB30Jan2059PE.NFO,07/01/2020,14:11:22,1.45,1.45,33200,1.55,49800,0,589300
PNB30Jan2059PE.NFO,07/01/2020,14:11:57,1.45,1.45,33200,1.5,8300,0,589300
PNB30Jan2059PE.NFO,07/01/2020,14:12:07,1.45,1.45,24900,1.5,8300,0,589300
PNB30Jan2059PE.NFO,07/01/2020,14:12:13,1.45,1.45,16600,1.5,8300,0,589300
PNB30Jan2059PE.NFO,07/01/2020,14:12:18,1.45,1.45,24900,1.5,8300,0,589300
PNB30Jan2059PE.NFO,07/01/2020,14:12:22,1.45,1.45,33200,1.5,16600,0,589300
PNB30Jan2059PE.NFO,07/01/2020,14:12:28,1.45,1.45,33200,1.5,8300,0,589300
PNB30Jan2059PE.NFO,07/01/2020,14:12:33,1.45,1.45,41500,1.5,8300,0,589300
PNB30Jan2059PE.NFO,07/01/2020,14:12:42,1.45,1.45,33200,1.5,8300,0,589300
PNB30Jan2059PE.NFO,07/01/2020,14:13:15,1.45,1.45,33200,1.5,16600,0,589300
PNB30Jan2059PE.NFO,07/01/2020,14:13:33,1.45,1.45,8300,1.5,49800,0,589300
PNB30Jan2059PE.NFO,07/01/2020,14:13:40,1.45,1.45,16600,1.5,8300,0,589300
PNB30Jan2059PE.NFO,07/01/2020,14:13:52,1.45,1.45,16600,1.55,66400,0,589300
PNB30Jan2059PE.NFO,07/01/2020,14:14:03,1.45,1.45,33200,1.55,66400,0,589300
PNB30Jan2059PE.NFO,07/01/2020,14:14:15,1.45,1.45,24900,1.55,66400,0,589300
PNB30Jan2059PE.NFO,07/01/2020,14:14:30,1.45,1.45,16600,1.55,66400,0,589300
PNB30Jan2059PE.NFO,07/01/2020,14:14:44,1.45,1.45,16600,1.55,58100,0,589300
PNB30Jan2059PE.NFO,07/01/2020,14:14:53,1.45,1.45,24900,1.55,58100,0,589300
PNB30Jan2059PE.NFO,07/01/2020,14:14:58,1.45,1.45,16600,1.55,58100,0,589300
PNB30Jan2059PE.NFO,07/01/2020,14:15:05,1.45,1.45,24900,1.55,66400,0,589300
PNB30Jan2059PE.NFO,07/01/2020,14:15:11,1.45,1.45,16600,1.5,8300,0,589300
PNB30Jan2059PE.NFO,07/01/2020,14:15:16,1.45,1.45,16600,1.5,33200,0,589300
PNB30Jan2059PE.NFO,07/01/2020,14:15:23,1.45,1.45,16600,1.5,16600,0,589300
PNB30Jan2059PE.NFO,07/01/2020,14:15:30,1.45,1.45,16600,1.5,49800,0,589300
PNB30Jan2059PE.NFO,07/01/2020,14:15:58,1.45,1.45,24900,1.5,33200,0,589300
PNB30Jan2059PE.NFO,07/01/2020,14:16:04,1.45,1.45,24900,1.5,24900,0,589300
PNB30Jan2059PE.NFO,07/01/2020,14:16:10,1.45,1.45,24900,1.5,33200,0,589300
PNB30Jan2059PE.NFO,07/01/2020,14:16:21,1.45,1.45,16600,1.5,33200,0,589300
PNB30Jan2059PE.NFO,07/01/2020,14:16:30,1.45,1.45,16600,1.5,41500,0,589300
PNB30Jan2059PE.NFO,07/01/2020,14:16:39,1.45,1.45,16600,1.5,49800,0,589300
PNB30Jan2059PE.NFO,07/01/2020,14:17:12,1.45,1.45,16600,1.5,33200,0,589300
PNB30Jan2059PE.NFO,07/01/2020,14:17:18,1.45,1.45,24900,1.5,33200,0,589300
PNB30Jan2059PE.NFO,07/01/2020,14:17:28,1.45,1.45,33200,1.55,66400,0,589300
PNB30Jan2059PE.NFO,07/01/2020,14:17:33,1.45,1.45,16600,1.5,24900,0,589300
PNB30Jan2059PE.NFO,07/01/2020,14:17:38,1.45,1.45,16600,1.5,16600,0,589300
PNB30Jan2059PE.NFO,07/01/2020,14:17:44,1.45,1.45,16600,1.5,8300,0,589300
PNB30Jan2059PE.NFO,07/01/2020,14:17:47,1.45,1.45,16600,1.5,24900,0,589300
PNB30Jan2059PE.NFO,07/01/2020,14:17:52,1.45,1.45,16600,1.5,33200,0,589300
PNB30Jan2059PE.NFO,07/01/2020,14:17:56,1.45,1.45,16600,1.5,41500,0,589300
PNB30Jan2059PE.NFO,07/01/2020,14:18:04,1.45,1.45,16600,1.5,24900,0,589300
PNB30Jan2059PE.NFO,07/01/2020,14:18:20,1.45,1.4,58100,1.5,49800,0,589300
PNB30Jan2059PE.NFO,07/01/2020,14:18:44,1.45,1.4,49800,1.5,49800,0,589300
PNB30Jan2059PE.NFO,07/01/2020,14:19:08,1.45,1.4,49800,1.5,41500,0,589300
PNB30Jan2059PE.NFO,07/01/2020,14:19:13,1.45,1.45,8300,1.5,41500,0,589300
PNB30Jan2059PE.NFO,07/01/2020,14:19:58,1.45,1.45,24900,1.5,41500,0,589300
PNB30Jan2059PE.NFO,07/01/2020,14:20:03,1.45,1.45,24900,1.5,24900,0,589300
PNB30Jan2059PE.NFO,07/01/2020,14:20:08,1.45,1.4,58100,1.5,49800,0,589300
PNB30Jan2059PE.NFO,07/01/2020,14:20:13,1.45,1.45,16600,1.5,41500,0,589300
PNB30Jan2059PE.NFO,07/01/2020,14:20:25,1.45,1.4,49800,1.5,33200,0,589300
PNB30Jan2059PE.NFO,07/01/2020,14:20:28,1.45,1.45,16600,1.5,41500,0,589300
PNB30Jan2059PE.NFO,07/01/2020,14:20:40,1.45,1.45,16600,1.5,49800,0,589300
PNB30Jan2059PE.NFO,07/01/2020,14:20:43,1.45,1.45,16600,1.5,41500,0,589300
PNB30Jan2059PE.NFO,07/01/2020,14:20:47,1.45,1.4,58100,1.5,49800,0,589300
PNB30Jan2059PE.NFO,07/01/2020,14:21:03,1.45,1.4,58100,1.5,41500,0,589300
PNB30Jan2059PE.NFO,07/01/2020,14:21:12,1.45,1.4,58100,1.5,49800,0,589300
PNB30Jan2059PE.NFO,07/01/2020,14:21:17,1.45,1.4,49800,1.5,49800,0,589300
PNB30Jan2059PE.NFO,07/01/2020,14:21:29,1.45,1.4,58100,1.5,49800,0,589300
PNB30Jan2059PE.NFO,07/01/2020,14:21:37,1.45,1.4,49800,1.5,49800,0,589300
PNB30Jan2059PE.NFO,07/01/2020,14:22:06,1.45,1.4,49800,1.5,58100,0,589300
PNB30Jan2059PE.NFO,07/01/2020,14:22:10,1.45,1.4,41500,1.5,58100,0,589300
PNB30Jan2059PE.NFO,07/01/2020,14:22:26,1.45,1.4,49800,1.5,41500,0,589300
PNB30Jan2059PE.NFO,07/01/2020,14:22:55,1.45,1.4,41500,1.5,41500,0,589300
PNB30Jan2059PE.NFO,07/01/2020,14:23:05,1.45,1.4,33200,1.5,41500,0,589300
PNB30Jan2059PE.NFO,07/01/2020,14:23:27,1.45,1.4,24900,1.5,41500,0,589300
PNB30Jan2059PE.NFO,07/01/2020,14:23:30,1.45,1.4,41500,1.5,41500,0,589300
PNB30Jan2059PE.NFO,07/01/2020,14:23:35,1.45,1.4,33200,1.5,41500,0,589300
PNB30Jan2059PE.NFO,07/01/2020,14:24:02,1.45,1.4,16600,1.5,49800,0,589300
PNB30Jan2059PE.NFO,07/01/2020,14:24:13,1.45,1.4,24900,1.5,49800,0,589300
PNB30Jan2059PE.NFO,07/01/2020,14:24:21,1.45,1.4,16600,1.5,49800,0,589300
PNB30Jan2059PE.NFO,07/01/2020,14:24:47,1.45,1.4,24900,1.5,24900,0,589300
PNB30Jan2059PE.NFO,07/01/2020,14:24:51,1.45,1.4,24900,1.5,49800,0,589300
PNB30Jan2059PE.NFO,07/01/2020,14:25:21,1.45,1.4,16600,1.5,66400,0,589300
PNB30Jan2059PE.NFO,07/01/2020,14:25:27,1.45,1.4,16600,1.5,58100,0,589300
PNB30Jan2059PE.NFO,07/01/2020,14:25:51,1.45,1.45,16600,1.5,24900,0,589300
PNB30Jan2059PE.NFO,07/01/2020,14:25:56,1.45,1.4,33200,1.5,49800,0,589300
PNB30Jan2059PE.NFO,07/01/2020,14:26:12,1.45,1.4,33200,1.5,41500,0,589300
PNB30Jan2059PE.NFO,07/01/2020,14:26:18,1.45,1.4,33200,1.5,33200,0,589300
PNB30Jan2059PE.NFO,07/01/2020,14:26:28,1.45,1.4,33200,1.5,49800,0,589300
PNB30Jan2059PE.NFO,07/01/2020,14:26:35,1.45,1.4,33200,1.5,41500,0,589300
PNB30Jan2059PE.NFO,07/01/2020,14:26:39,1.45,1.4,41500,1.5,49800,0,589300
PNB30Jan2059PE.NFO,07/01/2020,14:26:43,1.45,1.4,41500,1.5,41500,0,589300
PNB30Jan2059PE.NFO,07/01/2020,14:27:05,1.45,1.4,49800,1.5,24900,0,589300
PNB30Jan2059PE.NFO,07/01/2020,14:27:12,1.45,1.4,41500,1.5,66400,0,589300
PNB30Jan2059PE.NFO,07/01/2020,14:27:37,1.45,1.4,41500,1.5,58100,0,589300
PNB30Jan2059PE.NFO,07/01/2020,14:28:06,1.45,1.4,41500,1.5,66400,0,589300
PNB30Jan2059PE.NFO,07/01/2020,14:29:19,1.45,1.4,41500,1.5,74700,0,589300
PNB30Jan2059PE.NFO,07/01/2020,14:29:25,1.45,1.4,41500,1.5,66400,0,589300
PNB30Jan2059PE.NFO,07/01/2020,14:30:02,1.45,1.4,41500,1.5,58100,0,589300
PNB30Jan2059PE.NFO,07/01/2020,14:30:08,1.45,1.4,41500,1.5,66400,0,589300
PNB30Jan2059PE.NFO,07/01/2020,14:30:27,1.45,1.4,41500,1.45,8300,0,589300
PNB30Jan2059PE.NFO,07/01/2020,14:30:36,1.45,1.4,33200,1.45,8300,0,589300
PNB30Jan2059PE.NFO,07/01/2020,14:30:45,1.45,1.4,33200,1.45,24900,0,589300
PNB30Jan2059PE.NFO,07/01/2020,14:30:55,1.45,1.35,83000,1.45,74700,0,589300
PNB30Jan2059PE.NFO,07/01/2020,14:31:29,1.45,1.35,83000,1.45,58100,0,589300
PNB30Jan2059PE.NFO,07/01/2020,14:31:45,1.45,1.35,83000,1.45,49800,0,589300
PNB30Jan2059PE.NFO,07/01/2020,14:32:17,1.45,1.35,83000,1.45,58100,0,589300
PNB30Jan2059PE.NFO,07/01/2020,14:32:23,1.45,1.4,33200,1.45,16600,0,589300
PNB30Jan2059PE.NFO,07/01/2020,14:33:04,1.45,1.35,83000,1.45,49800,0,589300
PNB30Jan2059PE.NFO,07/01/2020,14:33:12,1.45,1.35,83000,1.45,66400,0,589300
PNB30Jan2059PE.NFO,07/01/2020,14:33:20,1.45,1.35,83000,1.45,49800,0,589300
PNB30Jan2059PE.NFO,07/01/2020,14:33:41,1.45,1.35,83000,1.45,41500,0,589300
PNB30Jan2059PE.NFO,07/01/2020,14:34:16,1.45,1.35,83000,1.45,33200,0,589300
PNB30Jan2059PE.NFO,07/01/2020,14:34:21,1.45,1.35,83000,1.45,41500,0,589300
PNB30Jan2059PE.NFO,07/01/2020,14:34:27,1.45,1.4,24900,1.45,33200,0,589300
PNB30Jan2059PE.NFO,07/01/2020,14:34:38,1.45,1.4,33200,1.45,8300,0,589300
PNB30Jan2059PE.NFO,07/01/2020,14:34:44,1.45,1.4,24900,1.45,33200,0,589300
PNB30Jan2059PE.NFO,07/01/2020,14:34:56,1.45,1.4,33200,1.45,8300,0,589300
PNB30Jan2059PE.NFO,07/01/2020,14:35:07,1.45,1.4,24900,1.45,24900,0,589300
PNB30Jan2059PE.NFO,07/01/2020,14:36:13,1.45,1.4,41500,1.5,74700,0,589300
PNB30Jan2059PE.NFO,07/01/2020,14:36:36,1.45,1.4,16600,1.45,49800,0,589300
PNB30Jan2059PE.NFO,07/01/2020,14:36:58,1.45,1.4,16600,1.45,41500,0,589300
PNB30Jan2059PE.NFO,07/01/2020,14:37:03,1.45,1.4,16600,1.45,49800,0,589300
PNB30Jan2059PE.NFO,07/01/2020,14:37:08,1.45,1.4,16600,1.45,58100,0,589300
PNB30Jan2059PE.NFO,07/01/2020,14:37:18,1.45,1.4,16600,1.45,41500,0,589300
PNB30Jan2059PE.NFO,07/01/2020,14:37:23,1.45,1.4,16600,1.45,49800,0,589300
PNB30Jan2059PE.NFO,07/01/2020,14:37:28,1.45,1.35,83000,1.4,8300,0,589300
PNB30Jan2059PE.NFO,07/01/2020,14:37:33,1.45,1.35,83000,1.4,16600,0,589300
PNB30Jan2059PE.NFO,07/01/2020,14:37:42,1.45,1.35,83000,1.4,8300,0,589300
PNB30Jan2059PE.NFO,07/01/2020,14:37:47,1.45,1.35,83000,1.45,83000,0,589300
PNB30Jan2059PE.NFO,07/01/2020,14:38:19,1.45,1.35,83000,1.45,74700,0,589300
PNB30Jan2059PE.NFO,07/01/2020,14:38:25,1.45,1.35,83000,1.45,66400,0,589300
PNB30Jan2059PE.NFO,07/01/2020,14:38:32,1.45,1.4,16600,1.45,58100,0,589300
PNB30Jan2059PE.NFO,07/01/2020,14:38:43,1.45,1.35,83000,1.4,8300,0,589300
PNB30Jan2059PE.NFO,07/01/2020,14:38:50,1.45,1.35,91300,1.45,66400,0,589300
PNB30Jan2059PE.NFO,07/01/2020,14:39:13,1.45,1.35,91300,1.45,58100,0,589300
PNB30Jan2059PE.NFO,07/01/2020,14:39:25,1.45,1.35,83000,1.4,24900,0,589300
PNB30Jan2059PE.NFO,07/01/2020,14:39:38,1.45,1.35,83000,1.4,16600,0,589300
PNB30Jan2059PE.NFO,07/01/2020,14:39:43,1.45,1.35,83000,1.45,66400,0,589300
PNB30Jan2059PE.NFO,07/01/2020,14:39:48,1.45,1.35,83000,1.4,16600,0,589300
PNB30Jan2059PE.NFO,07/01/2020,14:39:54,1.45,1.35,83000,1.45,66400,0,589300
PNB30Jan2059PE.NFO,07/01/2020,14:39:58,1.45,1.35,83000,1.4,16600,0,589300
PNB30Jan2059PE.NFO,07/01/2020,14:40:03,1.45,1.35,83000,1.45,66400,0,589300
PNB30Jan2059PE.NFO,07/01/2020,14:40:08,1.45,1.35,91300,1.45,66400,0,589300
PNB30Jan2059PE.NFO,07/01/2020,14:40:14,1.45,1.35,83000,1.4,24900,0,589300
PNB30Jan2059PE.NFO,07/01/2020,14:40:22,1.45,1.35,83000,1.4,8300,0,589300
PNB30Jan2059PE.NFO,07/01/2020,14:40:39,1.45,1.35,83000,1.45,66400,0,589300
PNB30Jan2059PE.NFO,07/01/2020,14:40:44,1.45,1.35,83000,1.4,8300,0,589300
PNB30Jan2059PE.NFO,07/01/2020,14:40:52,1.45,1.35,74700,1.4,8300,0,589300
PNB30Jan2059PE.NFO,07/01/2020,14:40:55,1.45,1.35,66400,1.4,8300,0,589300
PNB30Jan2059PE.NFO,07/01/2020,14:41:07,1.45,1.35,66400,1.4,16600,0,589300
PNB30Jan2059PE.NFO,07/01/2020,14:41:11,1.45,1.35,49800,1.4,24900,0,589300
PNB30Jan2059PE.NFO,07/01/2020,14:41:15,1.45,1.35,49800,1.4,33200,0,589300
PNB30Jan2059PE.NFO,07/01/2020,14:41:18,1.45,1.35,41500,1.4,24900,0,589300
PNB30Jan2059PE.NFO,07/01/2020,14:41:22,1.45,1.35,41500,1.4,33200,0,589300
PNB30Jan2059PE.NFO,07/01/2020,14:41:42,1.45,1.35,49800,1.4,33200,0,589300
PNB30Jan2059PE.NFO,07/01/2020,14:41:45,1.45,1.35,41500,1.4,33200,0,589300
PNB30Jan2059PE.NFO,07/01/2020,14:41:53,1.45,1.35,49800,1.4,33200,0,589300
PNB30Jan2059PE.NFO,07/01/2020,14:41:57,1.45,1.35,49800,1.4,41500,0,589300
PNB30Jan2059PE.NFO,07/01/2020,14:42:05,1.45,1.35,41500,1.4,41500,0,589300
PNB30Jan2059PE.NFO,07/01/2020,14:42:09,1.45,1.35,49800,1.4,41500,0,589300
PNB30Jan2059PE.NFO,07/01/2020,14:43:22,1.45,1.35,49800,1.4,24900,0,589300
PNB30Jan2059PE.NFO,07/01/2020,14:43:38,1.45,1.3,41500,1.4,66400,0,589300
PNB30Jan2059PE.NFO,07/01/2020,14:43:44,1.45,1.35,24900,1.4,49800,0,589300
PNB30Jan2059PE.NFO,07/01/2020,14:43:59,1.45,1.3,41500,1.4,74700,0,589300
PNB30Jan2059PE.NFO,07/01/2020,14:44:04,1.45,1.35,16600,1.4,49800,0,589300
PNB30Jan2059PE.NFO,07/01/2020,14:44:30,1.45,1.35,24900,1.4,49800,0,589300
PNB30Jan2059PE.NFO,07/01/2020,14:45:13,1.45,1.35,24900,1.4,16600,0,589300
PNB30Jan2059PE.NFO,07/01/2020,14:45:54,1.45,1.35,24900,1.4,24900,0,589300
PNB30Jan2059PE.NFO,07/01/2020,14:46:00,1.45,1.35,33200,1.45,66400,0,589300
PNB30Jan2059PE.NFO,07/01/2020,14:46:14,1.45,1.35,33200,1.4,33200,0,589300
PNB30Jan2059PE.NFO,07/01/2020,14:46:32,1.45,1.35,33200,1.4,41500,0,589300
PNB30Jan2059PE.NFO,07/01/2020,14:46:49,1.45,1.35,24900,1.4,41500,0,589300
PNB30Jan2059PE.NFO,07/01/2020,14:47:28,1.45,1.35,16600,1.4,66400,0,589300
PNB30Jan2059PE.NFO,07/01/2020,14:47:38,1.45,1.35,16600,1.4,74700,0,589300
PNB30Jan2059PE.NFO,07/01/2020,14:47:50,1.45,1.35,16600,1.4,66400,0,589300
PNB30Jan2059PE.NFO,07/01/2020,14:48:03,1.45,1.35,33200,1.4,41500,0,589300
PNB30Jan2059PE.NFO,07/01/2020,14:48:25,1.45,1.35,24900,1.4,66400,0,589300
PNB30Jan2059PE.NFO,07/01/2020,14:48:29,1.45,1.35,24900,1.4,58100,0,589300
PNB30Jan2059PE.NFO,07/01/2020,14:48:36,1.45,1.35,33200,1.4,41500,0,589300
PNB30Jan2059PE.NFO,07/01/2020,14:49:10,1.45,1.35,33200,1.45,66400,0,589300
PNB30Jan2059PE.NFO,07/01/2020,14:49:14,1.45,1.35,33200,1.4,41500,0,589300
PNB30Jan2059PE.NFO,07/01/2020,14:49:22,1.45,1.3,41500,1.4,74700,0,589300
PNB30Jan2059PE.NFO,07/01/2020,14:49:25,1.45,1.35,8300,1.4,58100,0,589300
PNB30Jan2059PE.NFO,07/01/2020,14:49:29,1.45,1.35,24900,1.4,49800,0,589300
PNB30Jan2059PE.NFO,07/01/2020,14:49:39,1.45,1.35,24900,1.4,66400,0,589300
PNB30Jan2059PE.NFO,07/01/2020,14:49:52,1.45,1.35,16600,1.4,58100,0,589300
PNB30Jan2059PE.NFO,07/01/2020,14:49:58,1.45,1.3,49800,1.4,91300,0,589300
PNB30Jan2059PE.NFO,07/01/2020,14:50:09,1.45,1.3,58100,1.35,8300,0,589300
PNB30Jan2059PE.NFO,07/01/2020,14:50:38,1.35,1.3,74700,1.4,83000,8300,589300
PNB30Jan2059PE.NFO,07/01/2020,14:50:42,1.35,1.3,58100,1.4,83000,0,589300
PNB30Jan2059PE.NFO,07/01/2020,14:50:51,1.35,1.3,66400,1.4,83000,0,589300
PNB30Jan2059PE.NFO,07/01/2020,14:50:58,1.35,1.3,58100,1.4,74700,0,589300
PNB30Jan2059PE.NFO,07/01/2020,14:51:06,1.35,1.3,74700,1.4,74700,0,589300
PNB30Jan2059PE.NFO,07/01/2020,14:51:10,1.35,1.3,74700,1.4,66400,0,589300
PNB30Jan2059PE.NFO,07/01/2020,14:51:18,1.35,1.35,16600,1.4,58100,0,589300
PNB30Jan2059PE.NFO,07/01/2020,14:51:31,1.35,1.35,16600,1.4,66400,0,589300
PNB30Jan2059PE.NFO,07/01/2020,14:51:47,1.35,1.35,16600,1.4,58100,0,589300
PNB30Jan2059PE.NFO,07/01/2020,14:51:50,1.35,1.35,24900,1.4,58100,0,589300
PNB30Jan2059PE.NFO,07/01/2020,14:51:54,1.35,1.35,16600,1.4,58100,0,589300
PNB30Jan2059PE.NFO,07/01/2020,14:52:23,1.35,1.35,24900,1.4,58100,0,589300
PNB30Jan2059PE.NFO,07/01/2020,14:52:44,1.35,1.35,33200,1.4,58100,0,589300
PNB30Jan2059PE.NFO,07/01/2020,14:53:03,1.35,1.3,66400,1.4,74700,0,589300
PNB30Jan2059PE.NFO,07/01/2020,14:53:10,1.35,1.3,66400,1.35,8300,0,589300
