Ticker,Date,Time,LTP,BuyPrice,BuyQty,SellPrice,SellQty,LTQ,OpenInterest
PNB30Jan2068CE.NFO,07/01/2020,09:15:51,0.95,0.85,24900,1,8300,8300,1062400
PNB30Jan2068CE.NFO,07/01/2020,09:15:51,0.95,0.85,24900,1,8300,0,1062400
PNB30Jan2068CE.NFO,07/01/2020,09:15:51,0.95,0.85,24900,1,8300,0,1062400
PNB30Jan2068CE.NFO,07/01/2020,09:15:51,0.95,0.85,24900,1,8300,0,1062400
PNB30Jan2068CE.NFO,07/01/2020,09:16:04,0.95,0.85,66400,1,8300,0,1062400
PNB30Jan2068CE.NFO,07/01/2020,09:16:27,0.95,0.85,49800,1,8300,0,1062400
PNB30Jan2068CE.NFO,07/01/2020,09:16:46,1,0.85,33200,1,8300,8300,1062400
PNB30Jan2068CE.NFO,07/01/2020,09:16:46,1,0.85,33200,1,8300,0,1062400
PNB30Jan2068CE.NFO,07/01/2020,09:17:25,1,0.95,24900,1,16600,0,1062400
PNB30Jan2068CE.NFO,07/01/2020,09:17:35,0.95,0.9,41500,1,33200,8300,1054100
PNB30Jan2068CE.NFO,07/01/2020,09:17:56,0.95,0.9,41500,1,49800,0,1054100
PNB30Jan2068CE.NFO,07/01/2020,09:18:06,0.95,0.9,41500,1,41500,0,1054100
PNB30Jan2068CE.NFO,07/01/2020,09:18:24,0.95,0.9,24900,1,49800,0,1054100
PNB30Jan2068CE.NFO,07/01/2020,09:18:33,0.95,0.9,33200,1,49800,0,1054100
PNB30Jan2068CE.NFO,07/01/2020,09:18:51,0.95,0.9,33200,1,41500,0,1054100
PNB30Jan2068CE.NFO,07/01/2020,09:19:17,0.95,0.9,83000,1,91300,0,1054100
PNB30Jan2068CE.NFO,07/01/2020,09:19:26,0.95,0.9,83000,1,83000,33200,1054100
PNB30Jan2068CE.NFO,07/01/2020,09:19:34,0.95,0.9,83000,1,83000,0,1054100
PNB30Jan2068CE.NFO,07/01/2020,09:20:06,0.95,0.95,33200,1,83000,0,1054100
PNB30Jan2068CE.NFO,07/01/2020,09:20:21,0.95,0.95,24900,1,83000,8300,1054100
PNB30Jan2068CE.NFO,07/01/2020,09:20:29,0.95,0.95,24900,1,83000,0,1054100
PNB30Jan2068CE.NFO,07/01/2020,09:20:59,0.95,0.95,24900,1,33200,0,1054100
PNB30Jan2068CE.NFO,07/01/2020,09:21:08,1,0.95,24900,1,16600,8300,1054100
PNB30Jan2068CE.NFO,07/01/2020,09:21:16,1,0.95,24900,1,16600,0,1054100
PNB30Jan2068CE.NFO,07/01/2020,09:21:39,1,0.95,24900,1,41500,0,1054100
PNB30Jan2068CE.NFO,07/01/2020,09:21:55,1,0.95,24900,1,33200,8300,1054100
PNB30Jan2068CE.NFO,07/01/2020,09:22:03,1,0.95,24900,1,24900,0,1054100
PNB30Jan2068CE.NFO,07/01/2020,09:22:27,1,0.95,8300,1,24900,0,1054100
PNB30Jan2068CE.NFO,07/01/2020,09:22:41,1,0.95,8300,1,33200,0,1054100
PNB30Jan2068CE.NFO,07/01/2020,09:22:55,1,0.95,8300,1,24900,0,1054100
PNB30Jan2068CE.NFO,07/01/2020,09:23:11,1,0.9,99600,1,24900,0,1054100
PNB30Jan2068CE.NFO,07/01/2020,09:23:18,1,0.9,99600,1,33200,0,1054100
PNB30Jan2068CE.NFO,07/01/2020,09:23:31,1,0.9,99600,1,24900,0,1054100
PNB30Jan2068CE.NFO,07/01/2020,09:23:37,1,0.9,99600,1,33200,0,1054100
PNB30Jan2068CE.NFO,07/01/2020,09:23:43,1,0.9,99600,1,41500,0,1054100
PNB30Jan2068CE.NFO,07/01/2020,09:24:10,1,0.95,8300,1,41500,0,1054100
PNB30Jan2068CE.NFO,07/01/2020,09:24:17,1,0.95,8300,1,49800,0,1054100
PNB30Jan2068CE.NFO,07/01/2020,09:24:44,0.95,0.9,91300,1,49800,8300,1054100
PNB30Jan2068CE.NFO,07/01/2020,09:24:50,0.95,0.9,91300,0.95,8300,0,1054100
PNB30Jan2068CE.NFO,07/01/2020,09:25:03,0.95,0.9,83000,0.95,8300,0,1054100
PNB30Jan2068CE.NFO,07/01/2020,09:25:18,0.95,0.9,74700,0.95,8300,0,1054100
PNB30Jan2068CE.NFO,07/01/2020,09:25:39,0.95,0.9,66400,0.95,8300,0,1054100
PNB30Jan2068CE.NFO,07/01/2020,09:26:01,0.95,0.9,49800,0.95,8300,0,1054100
PNB30Jan2068CE.NFO,07/01/2020,09:26:10,0.95,0.9,74700,0.95,8300,0,1054100
PNB30Jan2068CE.NFO,07/01/2020,09:26:18,0.95,0.9,66400,0.95,8300,0,1054100
PNB30Jan2068CE.NFO,07/01/2020,09:26:50,0.95,0.9,66400,1,49800,8300,1029200
PNB30Jan2068CE.NFO,07/01/2020,09:27:11,1,0.9,66400,1,41500,8300,1029200
PNB30Jan2068CE.NFO,07/01/2020,09:27:24,1,0.9,66400,1,41500,0,1029200
PNB30Jan2068CE.NFO,07/01/2020,09:27:57,1,0.9,66400,1,49800,0,1029200
PNB30Jan2068CE.NFO,07/01/2020,09:28:42,1,0.9,66400,1,58100,0,1029200
PNB30Jan2068CE.NFO,07/01/2020,09:28:48,1,0.9,58100,1,58100,0,1029200
PNB30Jan2068CE.NFO,07/01/2020,09:28:54,1,0.9,66400,1,58100,0,1029200
PNB30Jan2068CE.NFO,07/01/2020,09:29:00,1,0.9,58100,1,58100,0,1029200
PNB30Jan2068CE.NFO,07/01/2020,09:29:06,1,0.9,66400,1,58100,0,1029200
PNB30Jan2068CE.NFO,07/01/2020,09:31:10,1,0.9,74700,1,58100,0,1029200
PNB30Jan2068CE.NFO,07/01/2020,09:32:02,1,0.9,66400,1,58100,0,1029200
PNB30Jan2068CE.NFO,07/01/2020,09:32:30,1,0.9,74700,1,58100,0,1029200
PNB30Jan2068CE.NFO,07/01/2020,09:32:48,1,0.9,91300,1,58100,0,1029200
PNB30Jan2068CE.NFO,07/01/2020,09:33:00,1,0.9,91300,1,49800,0,1029200
PNB30Jan2068CE.NFO,07/01/2020,09:33:06,1,0.9,74700,1,49800,0,1029200
PNB30Jan2068CE.NFO,07/01/2020,09:33:18,1,0.9,83000,1,49800,0,1029200
PNB30Jan2068CE.NFO,07/01/2020,09:34:09,1,0.9,74700,1,49800,0,1029200
PNB30Jan2068CE.NFO,07/01/2020,09:34:15,1,0.9,74700,1,41500,8300,1037500
PNB30Jan2068CE.NFO,07/01/2020,09:34:20,1,0.9,74700,1,41500,0,1037500
PNB30Jan2068CE.NFO,07/01/2020,09:35:02,1,0.9,74700,1,49800,0,1037500
PNB30Jan2068CE.NFO,07/01/2020,09:35:35,1,0.85,49800,0.95,16600,0,1037500
PNB30Jan2068CE.NFO,07/01/2020,09:35:42,1,0.85,8300,0.9,41500,0,1037500
PNB30Jan2068CE.NFO,07/01/2020,09:35:50,0.85,0.8,116200,0.9,49800,8300,1045800
PNB30Jan2068CE.NFO,07/01/2020,09:35:50,0.85,0.8,116200,0.9,49800,0,1045800
PNB30Jan2068CE.NFO,07/01/2020,09:35:58,0.85,0.8,124500,0.9,41500,0,1045800
PNB30Jan2068CE.NFO,07/01/2020,09:36:05,0.85,0.85,8300,0.9,41500,0,1045800
PNB30Jan2068CE.NFO,07/01/2020,09:36:11,0.85,0.85,24900,0.95,24900,0,1045800
PNB30Jan2068CE.NFO,07/01/2020,09:36:17,0.85,0.85,33200,0.95,24900,0,1045800
PNB30Jan2068CE.NFO,07/01/2020,09:36:51,0.85,0.85,41500,0.95,8300,0,1045800
PNB30Jan2068CE.NFO,07/01/2020,09:36:56,0.85,0.85,41500,1,74700,0,1045800
PNB30Jan2068CE.NFO,07/01/2020,09:37:02,0.85,0.85,41500,0.95,8300,0,1045800
PNB30Jan2068CE.NFO,07/01/2020,09:37:18,0.85,0.85,41500,0.95,16600,0,1045800
PNB30Jan2068CE.NFO,07/01/2020,09:37:43,0.85,0.85,41500,0.95,8300,0,1045800
PNB30Jan2068CE.NFO,07/01/2020,09:37:57,0.85,0.85,41500,0.95,16600,0,1045800
PNB30Jan2068CE.NFO,07/01/2020,09:38:02,0.85,0.85,41500,0.95,8300,0,1045800
PNB30Jan2068CE.NFO,07/01/2020,09:38:13,0.85,0.9,16600,0.95,8300,0,1045800
PNB30Jan2068CE.NFO,07/01/2020,09:38:28,0.85,0.9,16600,0.95,16600,0,1045800
PNB30Jan2068CE.NFO,07/01/2020,09:38:32,0.85,0.9,16600,0.95,8300,0,1045800
PNB30Jan2068CE.NFO,07/01/2020,09:38:46,0.85,0.9,16600,0.95,16600,0,1045800
PNB30Jan2068CE.NFO,07/01/2020,09:39:12,0.85,0.9,16600,0.95,24900,0,1045800
PNB30Jan2068CE.NFO,07/01/2020,09:39:17,0.85,0.9,16600,0.95,16600,0,1045800
PNB30Jan2068CE.NFO,07/01/2020,09:39:43,0.85,0.85,58100,0.95,24900,0,1045800
PNB30Jan2068CE.NFO,07/01/2020,09:39:55,0.85,0.85,49800,0.95,24900,0,1045800
PNB30Jan2068CE.NFO,07/01/2020,09:40:23,0.85,0.85,58100,0.95,24900,0,1045800
PNB30Jan2068CE.NFO,07/01/2020,09:40:29,0.85,0.9,16600,0.95,24900,0,1045800
PNB30Jan2068CE.NFO,07/01/2020,09:40:34,0.85,0.85,58100,0.95,24900,0,1045800
PNB30Jan2068CE.NFO,07/01/2020,09:40:51,0.85,0.9,24900,0.95,8300,0,1045800
PNB30Jan2068CE.NFO,07/01/2020,09:41:08,0.85,0.9,24900,0.95,16600,0,1045800
PNB30Jan2068CE.NFO,07/01/2020,09:41:23,0.85,0.9,49800,0.95,8300,0,1045800
PNB30Jan2068CE.NFO,07/01/2020,09:41:48,0.85,0.9,58100,0.95,8300,0,1045800
PNB30Jan2068CE.NFO,07/01/2020,09:42:02,0.85,0.9,41500,0.95,8300,0,1045800
PNB30Jan2068CE.NFO,07/01/2020,09:42:30,0.85,0.9,49800,0.95,8300,0,1045800
PNB30Jan2068CE.NFO,07/01/2020,09:42:37,0.85,0.9,49800,1,83000,0,1045800
PNB30Jan2068CE.NFO,07/01/2020,09:42:51,0.85,0.9,41500,1,83000,0,1045800
PNB30Jan2068CE.NFO,07/01/2020,09:42:57,0.85,0.9,49800,1,83000,0,1045800
PNB30Jan2068CE.NFO,07/01/2020,09:43:03,0.85,0.9,33200,1,83000,0,1045800
PNB30Jan2068CE.NFO,07/01/2020,09:43:09,0.85,0.9,33200,0.95,16600,0,1045800
PNB30Jan2068CE.NFO,07/01/2020,09:43:18,0.85,0.9,24900,0.95,8300,0,1045800
PNB30Jan2068CE.NFO,07/01/2020,09:43:24,0.85,0.9,33200,0.95,8300,0,1045800
PNB30Jan2068CE.NFO,07/01/2020,09:43:29,0.85,0.9,24900,0.95,8300,0,1045800
PNB30Jan2068CE.NFO,07/01/2020,09:44:06,0.85,0.9,33200,0.95,8300,0,1045800
PNB30Jan2068CE.NFO,07/01/2020,09:44:18,0.85,0.9,41500,0.95,8300,0,1045800
PNB30Jan2068CE.NFO,07/01/2020,09:44:43,0.85,0.9,33200,0.95,8300,0,1045800
PNB30Jan2068CE.NFO,07/01/2020,09:44:48,0.85,0.9,41500,0.95,8300,0,1045800
PNB30Jan2068CE.NFO,07/01/2020,09:45:18,0.85,0.9,49800,0.95,8300,0,1045800
PNB30Jan2068CE.NFO,07/01/2020,09:45:31,0.95,0.9,58100,1,83000,8300,1037500
PNB30Jan2068CE.NFO,07/01/2020,09:45:42,0.95,0.9,49800,1,83000,0,1037500
PNB30Jan2068CE.NFO,07/01/2020,09:46:37,0.95,0.9,58100,1,83000,0,1037500
PNB30Jan2068CE.NFO,07/01/2020,09:46:53,0.95,0.9,49800,1,83000,0,1037500
PNB30Jan2068CE.NFO,07/01/2020,09:46:59,0.95,0.9,66400,1,83000,0,1037500
PNB30Jan2068CE.NFO,07/01/2020,09:47:36,0.95,0.9,66400,1,74700,0,1037500
PNB30Jan2068CE.NFO,07/01/2020,09:47:45,0.95,0.95,8300,1,74700,0,1037500
PNB30Jan2068CE.NFO,07/01/2020,09:49:06,0.95,0.9,49800,1,74700,8300,1045800
PNB30Jan2068CE.NFO,07/01/2020,09:49:28,0.95,0.9,41500,1,74700,0,1045800
PNB30Jan2068CE.NFO,07/01/2020,09:50:09,0.95,0.9,49800,1,74700,0,1045800
PNB30Jan2068CE.NFO,07/01/2020,09:50:47,0.95,0.9,24900,0.95,24900,0,1045800
PNB30Jan2068CE.NFO,07/01/2020,09:50:52,0.95,0.9,24900,0.95,16600,0,1045800
PNB30Jan2068CE.NFO,07/01/2020,09:51:07,0.95,0.9,24900,0.95,8300,0,1045800
PNB30Jan2068CE.NFO,07/01/2020,09:51:13,0.95,0.9,33200,0.95,8300,0,1045800
PNB30Jan2068CE.NFO,07/01/2020,09:51:30,0.95,0.9,33200,0.95,24900,0,1045800
PNB30Jan2068CE.NFO,07/01/2020,09:51:34,0.95,0.9,33200,0.95,33200,0,1045800
PNB30Jan2068CE.NFO,07/01/2020,09:51:48,0.95,0.9,24900,0.95,33200,0,1045800
PNB30Jan2068CE.NFO,07/01/2020,09:51:53,0.95,0.9,41500,0.95,33200,0,1045800
PNB30Jan2068CE.NFO,07/01/2020,09:51:58,0.95,0.9,24900,0.95,41500,0,1045800
PNB30Jan2068CE.NFO,07/01/2020,09:52:02,0.95,0.9,24900,0.95,49800,0,1045800
PNB30Jan2068CE.NFO,07/01/2020,09:52:07,0.9,0.85,49800,0.95,49800,8300,1054100
PNB30Jan2068CE.NFO,07/01/2020,09:52:13,0.9,0.85,49800,0.95,49800,0,1054100
PNB30Jan2068CE.NFO,07/01/2020,09:52:34,0.9,0.85,49800,0.9,16600,0,1054100
PNB30Jan2068CE.NFO,07/01/2020,09:53:14,0.9,0.85,24900,0.9,33200,0,1054100
PNB30Jan2068CE.NFO,07/01/2020,09:53:19,0.9,0.85,24900,0.9,16600,0,1054100
PNB30Jan2068CE.NFO,07/01/2020,09:53:24,0.9,0.85,33200,0.9,16600,0,1054100
PNB30Jan2068CE.NFO,07/01/2020,09:53:39,0.9,0.85,24900,0.9,16600,0,1054100
PNB30Jan2068CE.NFO,07/01/2020,09:54:04,0.9,0.85,41500,0.9,16600,0,1054100
PNB30Jan2068CE.NFO,07/01/2020,09:54:15,0.9,0.85,24900,0.9,16600,0,1054100
PNB30Jan2068CE.NFO,07/01/2020,09:55:06,0.9,0.85,41500,0.95,41500,0,1054100
PNB30Jan2068CE.NFO,07/01/2020,09:55:23,0.9,0.85,24900,0.9,16600,0,1054100
PNB30Jan2068CE.NFO,07/01/2020,09:55:29,0.9,0.85,16600,0.9,16600,0,1054100
PNB30Jan2068CE.NFO,07/01/2020,09:55:39,0.9,0.85,8300,0.9,16600,0,1054100
PNB30Jan2068CE.NFO,07/01/2020,09:55:44,0.9,0.85,16600,0.9,16600,0,1054100
PNB30Jan2068CE.NFO,07/01/2020,09:55:48,0.9,0.85,8300,0.9,16600,0,1054100
PNB30Jan2068CE.NFO,07/01/2020,09:55:56,0.9,0.85,8300,0.9,33200,0,1054100
PNB30Jan2068CE.NFO,07/01/2020,09:57:36,0.9,0.85,8300,0.9,24900,0,1054100
PNB30Jan2068CE.NFO,07/01/2020,09:57:53,0.9,0.85,8300,0.9,33200,0,1054100
PNB30Jan2068CE.NFO,07/01/2020,09:58:33,0.9,0.85,8300,0.9,24900,0,1054100
PNB30Jan2068CE.NFO,07/01/2020,09:58:42,0.9,0.85,8300,0.9,33200,0,1054100
PNB30Jan2068CE.NFO,07/01/2020,09:59:38,0.9,0.85,8300,0.9,24900,0,1054100
PNB30Jan2068CE.NFO,07/01/2020,09:59:43,0.9,0.85,8300,0.9,33200,0,1054100
PNB30Jan2068CE.NFO,07/01/2020,10:00:08,0.9,0.85,8300,0.9,41500,0,1054100
PNB30Jan2068CE.NFO,07/01/2020,10:00:26,0.9,0.85,8300,0.9,33200,0,1054100
PNB30Jan2068CE.NFO,07/01/2020,10:00:46,0.85,0.8,91300,0.9,33200,8300,1062400
PNB30Jan2068CE.NFO,07/01/2020,10:00:53,0.85,0.8,91300,0.9,33200,0,1062400
PNB30Jan2068CE.NFO,07/01/2020,10:01:05,0.85,0.8,83000,0.9,33200,0,1062400
PNB30Jan2068CE.NFO,07/01/2020,10:01:25,0.85,0.8,91300,0.9,33200,0,1062400
PNB30Jan2068CE.NFO,07/01/2020,10:02:16,0.85,0.8,91300,0.9,16600,0,1062400
PNB30Jan2068CE.NFO,07/01/2020,10:02:46,0.85,0.8,83000,0.9,16600,0,1062400
PNB30Jan2068CE.NFO,07/01/2020,10:02:51,0.85,0.8,91300,0.9,16600,0,1062400
PNB30Jan2068CE.NFO,07/01/2020,10:03:51,0.85,0.8,99600,0.9,16600,0,1062400
PNB30Jan2068CE.NFO,07/01/2020,10:04:18,0.85,0.8,99600,0.9,16600,8300,1062400
PNB30Jan2068CE.NFO,07/01/2020,10:05:06,0.85,0.8,99600,0.9,16600,0,1062400
PNB30Jan2068CE.NFO,07/01/2020,10:05:30,0.85,0.8,99600,0.9,49800,0,1062400
PNB30Jan2068CE.NFO,07/01/2020,10:07:47,0.85,0.8,99600,0.85,58100,0,1062400
PNB30Jan2068CE.NFO,07/01/2020,10:07:52,0.85,0.8,99600,0.85,49800,8300,1054100
PNB30Jan2068CE.NFO,07/01/2020,10:08:13,0.85,0.8,99600,0.85,33200,16600,1054100
PNB30Jan2068CE.NFO,07/01/2020,10:08:18,0.85,0.8,99600,0.85,24900,8300,1054100
PNB30Jan2068CE.NFO,07/01/2020,10:08:30,0.85,0.8,99600,0.85,24900,0,1054100
PNB30Jan2068CE.NFO,07/01/2020,10:08:37,0.85,0.8,99600,0.85,16600,8300,1054100
PNB30Jan2068CE.NFO,07/01/2020,10:08:44,0.85,0.8,99600,0.9,24900,16600,1054100
PNB30Jan2068CE.NFO,07/01/2020,10:08:49,0.85,0.8,99600,0.9,24900,0,1054100
PNB30Jan2068CE.NFO,07/01/2020,10:09:16,0.85,0.8,99600,0.9,33200,0,1054100
PNB30Jan2068CE.NFO,07/01/2020,10:11:11,0.85,0.8,99600,0.9,24900,0,1054100
PNB30Jan2068CE.NFO,07/01/2020,10:11:32,0.85,0.8,99600,0.9,16600,0,1054100
PNB30Jan2068CE.NFO,07/01/2020,10:12:02,0.85,0.8,99600,0.9,24900,0,1054100
PNB30Jan2068CE.NFO,07/01/2020,10:12:09,0.85,0.8,99600,0.9,16600,0,1054100
PNB30Jan2068CE.NFO,07/01/2020,10:12:24,0.85,0.8,99600,0.9,24900,0,1054100
PNB30Jan2068CE.NFO,07/01/2020,10:12:35,0.85,0.8,99600,0.9,16600,0,1054100
PNB30Jan2068CE.NFO,07/01/2020,10:13:21,0.85,0.85,33200,0.9,16600,0,1054100
PNB30Jan2068CE.NFO,07/01/2020,10:13:27,0.85,0.8,99600,0.9,16600,0,1054100
PNB30Jan2068CE.NFO,07/01/2020,10:13:50,0.85,0.85,41500,0.9,16600,0,1054100
PNB30Jan2068CE.NFO,07/01/2020,10:13:56,0.85,0.85,24900,0.9,16600,0,1054100
PNB30Jan2068CE.NFO,07/01/2020,10:14:12,0.85,0.8,99600,0.9,16600,0,1054100
PNB30Jan2068CE.NFO,07/01/2020,10:14:23,0.85,0.85,41500,0.9,16600,0,1054100
PNB30Jan2068CE.NFO,07/01/2020,10:14:29,0.85,0.85,33200,0.9,16600,0,1054100
PNB30Jan2068CE.NFO,07/01/2020,10:15:03,0.85,0.8,99600,0.9,16600,0,1054100
PNB30Jan2068CE.NFO,07/01/2020,10:15:52,0.85,0.8,99600,0.9,33200,0,1054100
PNB30Jan2068CE.NFO,07/01/2020,10:18:48,0.85,0.8,107900,0.9,33200,0,1054100
PNB30Jan2068CE.NFO,07/01/2020,10:21:40,0.85,0.8,107900,0.9,24900,0,1054100
PNB30Jan2068CE.NFO,07/01/2020,10:21:53,0.85,0.8,107900,0.9,33200,0,1054100
PNB30Jan2068CE.NFO,07/01/2020,10:27:16,0.85,0.8,107900,0.85,8300,0,1054100
PNB30Jan2068CE.NFO,07/01/2020,10:27:44,0.85,0.8,107900,0.9,33200,0,1054100
PNB30Jan2068CE.NFO,07/01/2020,10:28:54,0.85,0.8,107900,0.9,33200,0,996000
PNB30Jan2068CE.NFO,07/01/2020,10:32:26,0.85,0.8,83000,0.9,33200,0,996000
PNB30Jan2068CE.NFO,07/01/2020,10:32:39,0.85,0.8,74700,0.9,33200,0,996000
PNB30Jan2068CE.NFO,07/01/2020,10:32:43,0.85,0.8,99600,0.9,33200,0,996000
PNB30Jan2068CE.NFO,07/01/2020,10:32:58,0.85,0.8,107900,0.9,33200,0,996000
PNB30Jan2068CE.NFO,07/01/2020,10:33:01,0.85,0.8,99600,0.9,33200,0,996000
PNB30Jan2068CE.NFO,07/01/2020,10:33:13,0.85,0.8,74700,0.9,33200,0,996000
PNB30Jan2068CE.NFO,07/01/2020,10:33:27,0.85,0.8,91300,0.9,33200,0,996000
PNB30Jan2068CE.NFO,07/01/2020,10:34:27,0.85,0.8,107900,0.9,33200,0,996000
PNB30Jan2068CE.NFO,07/01/2020,10:34:31,0.85,0.8,99600,0.9,33200,0,996000
PNB30Jan2068CE.NFO,07/01/2020,10:34:38,0.85,0.8,107900,0.9,33200,0,996000
PNB30Jan2068CE.NFO,07/01/2020,10:39:09,0.85,0.8,99600,0.9,33200,0,996000
PNB30Jan2068CE.NFO,07/01/2020,10:39:40,0.85,0.8,74700,0.9,33200,0,996000
PNB30Jan2068CE.NFO,07/01/2020,10:39:47,0.85,0.8,91300,0.9,33200,0,996000
PNB30Jan2068CE.NFO,07/01/2020,10:39:56,0.85,0.8,99600,0.9,33200,0,996000
PNB30Jan2068CE.NFO,07/01/2020,10:40:09,0.85,0.8,107900,0.9,33200,0,996000
PNB30Jan2068CE.NFO,07/01/2020,10:40:15,0.85,0.8,99600,0.9,33200,0,996000
PNB30Jan2068CE.NFO,07/01/2020,10:40:46,0.85,0.8,107900,0.9,33200,0,996000
PNB30Jan2068CE.NFO,07/01/2020,10:44:43,0.85,0.8,107900,0.85,8300,0,996000
PNB30Jan2068CE.NFO,07/01/2020,10:45:00,0.85,0.8,91300,0.85,8300,0,996000
PNB30Jan2068CE.NFO,07/01/2020,10:45:05,0.85,0.8,66400,0.85,16600,0,996000
PNB30Jan2068CE.NFO,07/01/2020,10:45:15,0.85,0.8,66400,0.85,8300,0,996000
PNB30Jan2068CE.NFO,07/01/2020,10:45:20,0.85,0.8,91300,0.85,8300,0,996000
PNB30Jan2068CE.NFO,07/01/2020,10:45:28,0.85,0.8,66400,0.85,8300,0,996000
PNB30Jan2068CE.NFO,07/01/2020,10:45:49,0.85,0.8,99600,0.85,8300,0,996000
PNB30Jan2068CE.NFO,07/01/2020,10:45:53,0.85,0.8,74700,0.85,8300,0,996000
PNB30Jan2068CE.NFO,07/01/2020,10:46:32,0.85,0.8,66400,0.85,8300,0,996000
PNB30Jan2068CE.NFO,07/01/2020,10:46:36,0.85,0.8,74700,0.85,8300,0,996000
PNB30Jan2068CE.NFO,07/01/2020,10:46:53,0.85,0.8,66400,0.85,8300,0,996000
PNB30Jan2068CE.NFO,07/01/2020,10:46:56,0.85,0.8,74700,0.85,8300,0,996000
PNB30Jan2068CE.NFO,07/01/2020,10:47:09,0.85,0.8,83000,0.85,8300,0,996000
PNB30Jan2068CE.NFO,07/01/2020,10:47:15,0.85,0.8,107900,0.9,41500,0,996000
PNB30Jan2068CE.NFO,07/01/2020,10:47:21,0.85,0.8,107900,0.9,33200,0,996000
PNB30Jan2068CE.NFO,07/01/2020,10:47:59,0.85,0.8,107900,0.85,8300,0,996000
PNB30Jan2068CE.NFO,07/01/2020,10:48:19,0.85,0.8,107900,0.9,33200,8300,996000
PNB30Jan2068CE.NFO,07/01/2020,10:48:23,0.85,0.8,107900,0.9,33200,0,996000
PNB30Jan2068CE.NFO,07/01/2020,10:49:12,0.85,0.8,99600,0.9,33200,0,996000
PNB30Jan2068CE.NFO,07/01/2020,10:49:50,0.85,0.8,66400,0.85,8300,0,996000
PNB30Jan2068CE.NFO,07/01/2020,10:49:59,0.85,0.8,66400,0.85,16600,0,996000
PNB30Jan2068CE.NFO,07/01/2020,10:50:05,0.85,0.8,33200,0.85,16600,0,996000
PNB30Jan2068CE.NFO,07/01/2020,10:50:16,0.85,0.8,41500,0.85,16600,0,996000
PNB30Jan2068CE.NFO,07/01/2020,10:50:22,0.85,0.8,33200,0.85,16600,0,996000
PNB30Jan2068CE.NFO,07/01/2020,10:50:32,0.85,0.8,8300,0.85,33200,0,996000
PNB30Jan2068CE.NFO,07/01/2020,10:50:56,0.85,0.8,8300,0.85,66400,0,996000
PNB30Jan2068CE.NFO,07/01/2020,10:51:20,0.85,0.8,24900,0.85,66400,0,996000
PNB30Jan2068CE.NFO,07/01/2020,10:51:44,0.85,0.8,24900,0.85,58100,0,996000
PNB30Jan2068CE.NFO,07/01/2020,10:52:04,0.85,0.8,33200,0.85,58100,0,996000
PNB30Jan2068CE.NFO,07/01/2020,10:52:52,0.85,0.8,16600,0.85,58100,0,996000
PNB30Jan2068CE.NFO,07/01/2020,10:53:16,0.8,0.75,74700,0.85,49800,16600,1004300
PNB30Jan2068CE.NFO,07/01/2020,10:53:16,0.8,0.75,74700,0.85,49800,0,1004300
PNB30Jan2068CE.NFO,07/01/2020,10:53:23,0.8,0.75,74700,0.85,49800,0,1004300
PNB30Jan2068CE.NFO,07/01/2020,10:55:12,0.8,0.75,66400,0.85,49800,0,1004300
PNB30Jan2068CE.NFO,07/01/2020,10:55:26,0.8,0.75,74700,0.85,49800,0,1004300
PNB30Jan2068CE.NFO,07/01/2020,10:57:18,0.8,0.75,74700,0.85,41500,0,1004300
PNB30Jan2068CE.NFO,07/01/2020,11:00:02,0.8,0.75,83000,0.85,41500,0,1004300
PNB30Jan2068CE.NFO,07/01/2020,11:00:08,0.8,0.75,83000,0.8,16600,0,1004300
PNB30Jan2068CE.NFO,07/01/2020,11:00:22,0.8,0.75,74700,0.8,16600,0,1004300
PNB30Jan2068CE.NFO,07/01/2020,11:00:28,0.8,0.75,83000,0.8,16600,0,1004300
PNB30Jan2068CE.NFO,07/01/2020,11:00:49,0.8,0.75,83000,0.85,33200,0,1004300
PNB30Jan2068CE.NFO,07/01/2020,11:01:04,0.8,0.75,83000,0.8,16600,0,1004300
PNB30Jan2068CE.NFO,07/01/2020,11:01:11,0.8,0.75,83000,0.85,49800,0,1004300
PNB30Jan2068CE.NFO,07/01/2020,11:01:19,0.8,0.75,74700,0.8,16600,0,1004300
PNB30Jan2068CE.NFO,07/01/2020,11:01:33,0.8,0.75,74700,0.85,49800,8300,1020900
PNB30Jan2068CE.NFO,07/01/2020,11:01:49,0.8,0.75,74700,0.85,49800,0,1020900
PNB30Jan2068CE.NFO,07/01/2020,11:01:57,0.8,0.75,74700,0.85,33200,0,1020900
PNB30Jan2068CE.NFO,07/01/2020,11:02:24,0.8,0.75,74700,0.85,41500,0,1020900
PNB30Jan2068CE.NFO,07/01/2020,11:02:31,0.8,0.75,66400,0.85,41500,0,1020900
PNB30Jan2068CE.NFO,07/01/2020,11:02:38,0.8,0.75,74700,0.85,41500,0,1020900
PNB30Jan2068CE.NFO,07/01/2020,11:04:42,0.8,0.75,74700,0.8,16600,0,1020900
PNB30Jan2068CE.NFO,07/01/2020,11:04:56,0.8,0.75,74700,0.85,41500,0,1020900
PNB30Jan2068CE.NFO,07/01/2020,11:06:03,0.8,0.8,41500,0.85,33200,0,1020900
PNB30Jan2068CE.NFO,07/01/2020,11:06:10,0.8,0.8,58100,0.85,33200,0,1020900
PNB30Jan2068CE.NFO,07/01/2020,11:06:23,0.8,0.8,8300,0.85,33200,0,1020900
PNB30Jan2068CE.NFO,07/01/2020,11:06:29,0.8,0.75,74700,0.85,33200,0,1020900
PNB30Jan2068CE.NFO,07/01/2020,11:06:35,0.8,0.8,8300,0.85,33200,0,1020900
PNB30Jan2068CE.NFO,07/01/2020,11:06:40,0.8,0.75,74700,0.85,33200,0,1020900
PNB30Jan2068CE.NFO,07/01/2020,11:06:45,0.8,0.75,74700,0.85,49800,0,1020900
PNB30Jan2068CE.NFO,07/01/2020,11:07:07,0.8,0.75,74700,0.85,41500,0,1020900
PNB30Jan2068CE.NFO,07/01/2020,11:07:38,0.8,0.8,16600,0.85,33200,0,1020900
PNB30Jan2068CE.NFO,07/01/2020,11:07:49,0.8,0.8,8300,0.85,33200,0,1020900
PNB30Jan2068CE.NFO,07/01/2020,11:07:54,0.8,0.75,74700,0.85,49800,0,1020900
PNB30Jan2068CE.NFO,07/01/2020,11:08:33,0.8,0.75,74700,0.85,41500,0,1020900
PNB30Jan2068CE.NFO,07/01/2020,11:09:15,0.8,0.8,24900,0.85,33200,0,1020900
PNB30Jan2068CE.NFO,07/01/2020,11:09:20,0.8,0.8,8300,0.85,33200,0,1020900
PNB30Jan2068CE.NFO,07/01/2020,11:09:26,0.8,0.8,8300,0.85,41500,0,1020900
PNB30Jan2068CE.NFO,07/01/2020,11:09:42,0.8,0.75,74700,0.85,41500,0,1020900
PNB30Jan2068CE.NFO,07/01/2020,11:09:51,0.8,0.75,66400,0.8,16600,0,1020900
PNB30Jan2068CE.NFO,07/01/2020,11:09:58,0.8,0.75,74700,0.8,16600,0,1020900
PNB30Jan2068CE.NFO,07/01/2020,11:10:30,0.8,0.75,74700,0.85,41500,0,1020900
PNB30Jan2068CE.NFO,07/01/2020,11:11:19,0.8,0.75,66400,0.8,16600,0,1020900
PNB30Jan2068CE.NFO,07/01/2020,11:11:26,0.8,0.75,49800,0.8,16600,0,1020900
PNB30Jan2068CE.NFO,07/01/2020,11:11:42,0.8,0.75,66400,0.8,16600,0,1020900
PNB30Jan2068CE.NFO,07/01/2020,11:13:18,0.8,0.75,58100,0.8,16600,0,1020900
PNB30Jan2068CE.NFO,07/01/2020,11:13:41,0.8,0.75,66400,0.8,16600,0,1020900
PNB30Jan2068CE.NFO,07/01/2020,11:14:33,0.8,0.75,58100,0.8,16600,0,1020900
PNB30Jan2068CE.NFO,07/01/2020,11:14:37,0.8,0.75,66400,0.8,16600,0,1020900
PNB30Jan2068CE.NFO,07/01/2020,11:15:03,0.8,0.75,49800,0.8,16600,0,1020900
PNB30Jan2068CE.NFO,07/01/2020,11:15:16,0.8,0.75,66400,0.8,16600,0,1020900
PNB30Jan2068CE.NFO,07/01/2020,11:15:21,0.8,0.75,49800,0.8,16600,0,1020900
PNB30Jan2068CE.NFO,07/01/2020,11:15:46,0.8,0.75,66400,0.8,16600,0,1020900
PNB30Jan2068CE.NFO,07/01/2020,11:15:54,0.8,0.75,58100,0.8,16600,0,1020900
PNB30Jan2068CE.NFO,07/01/2020,11:16:17,0.8,0.75,66400,0.8,16600,0,1020900
PNB30Jan2068CE.NFO,07/01/2020,11:18:45,0.8,0.75,66400,0.85,49800,0,1020900
PNB30Jan2068CE.NFO,07/01/2020,11:18:52,0.8,0.75,66400,0.85,41500,0,1020900
PNB30Jan2068CE.NFO,07/01/2020,11:19:24,0.8,0.75,66400,0.8,16600,0,1020900
PNB30Jan2068CE.NFO,07/01/2020,11:20:13,0.8,0.75,66400,0.85,41500,0,1020900
PNB30Jan2068CE.NFO,07/01/2020,11:20:46,0.8,0.8,8300,0.85,41500,0,1020900
PNB30Jan2068CE.NFO,07/01/2020,11:21:31,0.8,0.75,66400,0.85,41500,0,1020900
PNB30Jan2068CE.NFO,07/01/2020,11:23:04,0.8,0.8,8300,0.85,41500,0,1020900
PNB30Jan2068CE.NFO,07/01/2020,11:23:55,0.8,0.8,8300,0.85,8300,0,1020900
PNB30Jan2068CE.NFO,07/01/2020,11:25:29,0.8,0.75,66400,0.85,8300,0,1020900
PNB30Jan2068CE.NFO,07/01/2020,11:26:45,0.8,0.75,66400,0.8,16600,0,1020900
PNB30Jan2068CE.NFO,07/01/2020,11:30:17,0.8,0.75,74700,0.8,16600,0,1020900
PNB30Jan2068CE.NFO,07/01/2020,11:31:34,0.8,0.75,66400,0.8,16600,0,1020900
PNB30Jan2068CE.NFO,07/01/2020,11:31:46,0.8,0.75,66400,0.85,8300,0,1020900
PNB30Jan2068CE.NFO,07/01/2020,11:32:04,0.8,0.8,16600,0.9,41500,0,1020900
PNB30Jan2068CE.NFO,07/01/2020,11:32:10,0.8,0.75,66400,0.9,41500,0,1020900
PNB30Jan2068CE.NFO,07/01/2020,11:32:52,0.8,0.75,66400,0.85,33200,0,1020900
PNB30Jan2068CE.NFO,07/01/2020,11:33:55,0.8,0.75,66400,0.85,24900,0,1020900
PNB30Jan2068CE.NFO,07/01/2020,11:34:08,0.8,0.8,58100,0.85,8300,0,1020900
PNB30Jan2068CE.NFO,07/01/2020,11:34:16,0.8,0.8,41500,0.85,8300,0,1020900
PNB30Jan2068CE.NFO,07/01/2020,11:34:22,0.8,0.8,24900,0.85,8300,0,1020900
PNB30Jan2068CE.NFO,07/01/2020,11:34:35,0.8,0.8,41500,0.85,8300,0,1020900
PNB30Jan2068CE.NFO,07/01/2020,11:34:41,0.8,0.8,33200,0.85,8300,0,1020900
PNB30Jan2068CE.NFO,07/01/2020,11:34:47,0.8,0.8,24900,0.85,8300,0,1020900
PNB30Jan2068CE.NFO,07/01/2020,11:34:54,0.8,0.8,16600,0.85,8300,0,1020900
PNB30Jan2068CE.NFO,07/01/2020,11:35:12,0.8,0.8,33200,0.85,8300,0,1020900
PNB30Jan2068CE.NFO,07/01/2020,11:35:18,0.8,0.75,58100,0.85,16600,0,1020900
PNB30Jan2068CE.NFO,07/01/2020,11:35:25,0.8,0.8,33200,0.85,8300,0,1020900
PNB30Jan2068CE.NFO,07/01/2020,11:35:30,0.8,0.8,24900,0.85,8300,0,1020900
PNB30Jan2068CE.NFO,07/01/2020,11:35:54,0.8,0.8,16600,0.85,8300,0,1020900
PNB30Jan2068CE.NFO,07/01/2020,11:36:29,0.8,0.8,24900,0.85,8300,0,1020900
PNB30Jan2068CE.NFO,07/01/2020,11:36:39,0.8,0.8,8300,0.85,16600,0,1020900
PNB30Jan2068CE.NFO,07/01/2020,11:39:23,0.8,0.75,58100,0.85,16600,8300,1020900
PNB30Jan2068CE.NFO,07/01/2020,11:39:33,0.8,0.75,49800,0.8,16600,0,1020900
PNB30Jan2068CE.NFO,07/01/2020,11:39:38,0.8,0.75,58100,0.8,16600,0,1020900
PNB30Jan2068CE.NFO,07/01/2020,11:39:43,0.8,0.75,58100,0.85,16600,0,1020900
PNB30Jan2068CE.NFO,07/01/2020,11:39:56,0.8,0.75,58100,0.8,16600,0,1020900
PNB30Jan2068CE.NFO,07/01/2020,11:42:22,0.8,0.75,58100,0.85,16600,0,1020900
PNB30Jan2068CE.NFO,07/01/2020,11:42:36,0.8,0.75,49800,0.85,16600,0,1020900
PNB30Jan2068CE.NFO,07/01/2020,11:42:43,0.8,0.75,58100,0.85,16600,0,1020900
PNB30Jan2068CE.NFO,07/01/2020,11:42:47,0.8,0.75,66400,0.85,16600,0,1020900
PNB30Jan2068CE.NFO,07/01/2020,11:43:20,0.8,0.75,58100,0.85,16600,0,1020900
PNB30Jan2068CE.NFO,07/01/2020,11:43:24,0.8,0.75,66400,0.85,16600,0,1020900
PNB30Jan2068CE.NFO,07/01/2020,11:50:13,0.8,0.75,66400,0.8,16600,0,1020900
PNB30Jan2068CE.NFO,07/01/2020,11:50:30,0.8,0.75,66400,0.85,16600,0,1020900
PNB30Jan2068CE.NFO,07/01/2020,11:50:52,0.8,0.75,66400,0.85,33200,0,1020900
PNB30Jan2068CE.NFO,07/01/2020,11:51:04,0.8,0.75,66400,0.8,16600,0,1020900
PNB30Jan2068CE.NFO,07/01/2020,11:51:09,0.8,0.75,66400,0.85,33200,0,1020900
PNB30Jan2068CE.NFO,07/01/2020,11:55:10,0.8,0.75,66400,0.85,33200,8300,1029200
PNB30Jan2068CE.NFO,07/01/2020,11:55:13,0.8,0.75,66400,0.85,33200,0,1029200
PNB30Jan2068CE.NFO,07/01/2020,11:55:33,0.8,0.75,66400,0.8,8300,0,1029200
PNB30Jan2068CE.NFO,07/01/2020,11:56:44,0.8,0.75,66400,0.85,33200,0,1029200
PNB30Jan2068CE.NFO,07/01/2020,11:57:11,0.8,0.8,66400,0.85,24900,0,1029200
PNB30Jan2068CE.NFO,07/01/2020,11:57:15,0.8,0.8,74700,0.85,24900,0,1029200
PNB30Jan2068CE.NFO,07/01/2020,11:57:22,0.8,0.8,74700,0.85,16600,0,1029200
PNB30Jan2068CE.NFO,07/01/2020,11:57:34,0.8,0.8,58100,0.85,16600,0,1029200
PNB30Jan2068CE.NFO,07/01/2020,11:57:39,0.8,0.75,74700,0.85,16600,0,1029200
PNB30Jan2068CE.NFO,07/01/2020,11:58:47,0.8,0.8,8300,0.85,16600,0,1029200
PNB30Jan2068CE.NFO,07/01/2020,11:59:18,0.8,0.75,74700,0.85,16600,0,1029200
PNB30Jan2068CE.NFO,07/01/2020,12:02:42,0.8,0.8,24900,0.85,8300,0,1029200
PNB30Jan2068CE.NFO,07/01/2020,12:02:49,0.8,0.8,24900,0.85,33200,0,1029200
PNB30Jan2068CE.NFO,07/01/2020,12:02:54,0.8,0.8,16600,0.85,33200,0,1029200
PNB30Jan2068CE.NFO,07/01/2020,12:03:10,0.8,0.75,74700,0.85,33200,0,1029200
PNB30Jan2068CE.NFO,07/01/2020,12:05:28,0.8,0.75,74700,0.85,24900,0,1029200
PNB30Jan2068CE.NFO,07/01/2020,12:06:19,0.8,0.8,24900,0.85,24900,0,1029200
PNB30Jan2068CE.NFO,07/01/2020,12:06:36,0.8,0.8,8300,0.85,24900,0,1029200
PNB30Jan2068CE.NFO,07/01/2020,12:07:44,0.8,0.75,74700,0.85,24900,0,1029200
PNB30Jan2068CE.NFO,07/01/2020,12:08:20,0.8,0.75,74700,0.85,24900,8300,1029200
PNB30Jan2068CE.NFO,07/01/2020,12:08:26,0.8,0.75,74700,0.85,24900,0,1029200
PNB30Jan2068CE.NFO,07/01/2020,12:09:04,0.8,0.8,33200,0.85,24900,0,1029200
PNB30Jan2068CE.NFO,07/01/2020,12:13:22,0.8,0.8,58100,0.85,8300,0,1029200
PNB30Jan2068CE.NFO,07/01/2020,12:13:28,0.8,0.8,66400,0.85,8300,0,1029200
PNB30Jan2068CE.NFO,07/01/2020,12:13:38,0.8,0.8,58100,0.85,8300,0,1029200
PNB30Jan2068CE.NFO,07/01/2020,12:13:58,0.8,0.8,33200,0.85,8300,0,1029200
PNB30Jan2068CE.NFO,07/01/2020,12:14:04,0.8,0.8,33200,0.85,24900,0,1029200
PNB30Jan2068CE.NFO,07/01/2020,12:14:23,0.8,0.8,41500,0.85,24900,0,1029200
PNB30Jan2068CE.NFO,07/01/2020,12:15:11,0.8,0.8,49800,0.85,24900,0,1029200
PNB30Jan2068CE.NFO,07/01/2020,12:15:23,0.8,0.8,16600,0.85,24900,0,1029200
PNB30Jan2068CE.NFO,07/01/2020,12:19:10,0.8,0.8,33200,0.85,16600,0,1029200
PNB30Jan2068CE.NFO,07/01/2020,12:19:28,0.8,0.8,24900,0.85,16600,0,1029200
PNB30Jan2068CE.NFO,07/01/2020,12:19:40,0.8,0.8,41500,0.85,8300,0,1029200
PNB30Jan2068CE.NFO,07/01/2020,12:19:59,0.8,0.8,33200,0.85,24900,0,1029200
PNB30Jan2068CE.NFO,07/01/2020,12:20:13,0.8,0.8,33200,0.85,8300,0,1029200
PNB30Jan2068CE.NFO,07/01/2020,12:20:26,0.8,0.8,16600,0.85,16600,0,1029200
PNB30Jan2068CE.NFO,07/01/2020,12:20:29,0.8,0.8,24900,0.85,16600,0,1029200
PNB30Jan2068CE.NFO,07/01/2020,12:20:54,0.8,0.8,16600,0.85,16600,0,1029200
PNB30Jan2068CE.NFO,07/01/2020,12:20:58,0.8,0.8,24900,0.85,16600,0,1029200
PNB30Jan2068CE.NFO,07/01/2020,12:21:53,0.8,0.8,16600,0.85,16600,0,1029200
PNB30Jan2068CE.NFO,07/01/2020,12:22:52,0.8,0.75,74700,0.85,16600,0,1029200
PNB30Jan2068CE.NFO,07/01/2020,12:23:26,0.8,0.8,16600,0.85,16600,0,1029200
PNB30Jan2068CE.NFO,07/01/2020,12:25:06,0.8,0.75,74700,0.85,16600,0,1029200
PNB30Jan2068CE.NFO,07/01/2020,12:25:53,0.8,0.8,16600,0.85,33200,0,1029200
PNB30Jan2068CE.NFO,07/01/2020,12:26:52,0.8,0.75,66400,0.85,33200,0,1029200
PNB30Jan2068CE.NFO,07/01/2020,12:26:56,0.8,0.75,74700,0.85,33200,0,1029200
PNB30Jan2068CE.NFO,07/01/2020,12:28:17,0.8,0.8,16600,0.85,33200,0,1029200
PNB30Jan2068CE.NFO,07/01/2020,12:28:58,0.8,0.75,74700,0.85,33200,0,1029200
PNB30Jan2068CE.NFO,07/01/2020,12:35:01,0.8,0.8,16600,0.85,33200,0,1029200
PNB30Jan2068CE.NFO,07/01/2020,12:35:15,0.8,0.75,74700,0.85,33200,0,1029200
PNB30Jan2068CE.NFO,07/01/2020,12:38:49,0.8,0.8,24900,0.85,33200,0,1029200
PNB30Jan2068CE.NFO,07/01/2020,12:39:21,0.8,0.75,74700,0.85,33200,0,1029200
PNB30Jan2068CE.NFO,07/01/2020,12:40:44,0.8,0.75,66400,0.85,33200,0,1029200
PNB30Jan2068CE.NFO,07/01/2020,12:41:23,0.8,0.75,74700,0.85,33200,0,1029200
PNB30Jan2068CE.NFO,07/01/2020,12:45:51,0.8,0.75,66400,0.85,33200,0,1029200
PNB30Jan2068CE.NFO,07/01/2020,12:45:58,0.8,0.75,74700,0.85,33200,0,1029200
PNB30Jan2068CE.NFO,07/01/2020,12:46:06,0.8,0.8,8300,0.85,33200,0,1029200
PNB30Jan2068CE.NFO,07/01/2020,12:46:18,0.8,0.75,74700,0.85,33200,0,1029200
PNB30Jan2068CE.NFO,07/01/2020,12:46:23,0.8,0.8,8300,0.85,33200,0,1029200
PNB30Jan2068CE.NFO,07/01/2020,12:46:31,0.8,0.75,74700,0.85,33200,0,1029200
PNB30Jan2068CE.NFO,07/01/2020,12:48:14,0.8,0.8,8300,0.85,33200,0,1029200
PNB30Jan2068CE.NFO,07/01/2020,12:48:21,0.8,0.8,16600,0.85,33200,0,1029200
PNB30Jan2068CE.NFO,07/01/2020,12:48:27,0.8,0.75,66400,0.85,33200,0,1029200
PNB30Jan2068CE.NFO,07/01/2020,12:57:39,0.8,0.75,24900,0.8,16600,0,1029200
PNB30Jan2068CE.NFO,07/01/2020,12:57:44,0.8,0.75,24900,0.8,33200,0,1029200
PNB30Jan2068CE.NFO,07/01/2020,12:58:18,0.8,0.75,41500,0.8,24900,0,1029200
PNB30Jan2068CE.NFO,07/01/2020,12:58:23,0.8,0.75,33200,0.8,24900,0,1029200
PNB30Jan2068CE.NFO,07/01/2020,12:58:27,0.8,0.75,49800,0.8,24900,0,1029200
PNB30Jan2068CE.NFO,07/01/2020,12:58:49,0.8,0.75,41500,0.8,16600,0,1029200
PNB30Jan2068CE.NFO,07/01/2020,12:58:52,0.8,0.75,33200,0.8,16600,0,1029200
PNB30Jan2068CE.NFO,07/01/2020,12:59:13,0.8,0.75,41500,0.8,16600,0,1029200
PNB30Jan2068CE.NFO,07/01/2020,12:59:41,0.8,0.75,49800,0.8,16600,0,1029200
PNB30Jan2068CE.NFO,07/01/2020,13:00:08,0.8,0.75,24900,0.8,16600,0,1029200
PNB30Jan2068CE.NFO,07/01/2020,13:00:15,0.8,0.75,16600,0.8,33200,0,1029200
PNB30Jan2068CE.NFO,07/01/2020,13:01:14,0.8,0.75,24900,0.8,33200,0,1029200
PNB30Jan2068CE.NFO,07/01/2020,13:01:21,0.8,0.75,16600,0.8,24900,0,1029200
PNB30Jan2068CE.NFO,07/01/2020,13:01:35,0.8,0.75,41500,0.8,24900,0,1029200
PNB30Jan2068CE.NFO,07/01/2020,13:01:46,0.8,0.75,41500,0.8,16600,0,1029200
PNB30Jan2068CE.NFO,07/01/2020,13:02:04,0.8,0.75,66400,0.85,41500,0,1029200
PNB30Jan2068CE.NFO,07/01/2020,13:02:19,0.8,0.75,41500,0.8,24900,0,1029200
PNB30Jan2068CE.NFO,07/01/2020,13:02:24,0.8,0.75,41500,0.8,16600,0,1029200
PNB30Jan2068CE.NFO,07/01/2020,13:02:29,0.8,0.75,24900,0.8,16600,0,1029200
PNB30Jan2068CE.NFO,07/01/2020,13:02:34,0.8,0.75,41500,0.8,16600,0,1029200
PNB30Jan2068CE.NFO,07/01/2020,13:02:45,0.8,0.75,49800,0.8,16600,0,1029200
PNB30Jan2068CE.NFO,07/01/2020,13:03:21,0.8,0.75,58100,0.85,41500,0,1029200
PNB30Jan2068CE.NFO,07/01/2020,13:03:37,0.8,0.75,16600,0.8,49800,0,1029200
PNB30Jan2068CE.NFO,07/01/2020,13:04:18,0.8,0.75,24900,0.8,33200,0,1029200
PNB30Jan2068CE.NFO,07/01/2020,13:04:22,0.8,0.75,16600,0.8,33200,0,1029200
PNB30Jan2068CE.NFO,07/01/2020,13:06:42,0.8,0.75,24900,0.8,33200,0,1029200
PNB30Jan2068CE.NFO,07/01/2020,13:07:30,0.8,0.75,16600,0.8,33200,0,1029200
PNB30Jan2068CE.NFO,07/01/2020,13:08:10,0.75,0.7,107900,0.8,33200,16600,1029200
PNB30Jan2068CE.NFO,07/01/2020,13:08:10,0.75,0.7,107900,0.8,33200,0,1029200
PNB30Jan2068CE.NFO,07/01/2020,13:08:17,0.75,0.7,107900,0.8,33200,0,1029200
PNB30Jan2068CE.NFO,07/01/2020,13:10:13,0.75,0.7,107900,0.75,8300,0,1029200
PNB30Jan2068CE.NFO,07/01/2020,13:10:20,0.75,0.7,74700,0.75,24900,0,1029200
PNB30Jan2068CE.NFO,07/01/2020,13:10:25,0.75,0.7,83000,0.75,24900,0,1029200
PNB30Jan2068CE.NFO,07/01/2020,13:10:31,0.75,0.7,99600,0.75,24900,0,1029200
PNB30Jan2068CE.NFO,07/01/2020,13:10:36,0.75,0.7,74700,0.75,24900,0,1029200
PNB30Jan2068CE.NFO,07/01/2020,13:11:34,0.75,0.7,83000,0.75,24900,0,1029200
PNB30Jan2068CE.NFO,07/01/2020,13:11:56,0.75,0.7,83000,0.75,33200,0,1029200
PNB30Jan2068CE.NFO,07/01/2020,13:12:02,0.75,0.7,83000,0.75,16600,0,1029200
PNB30Jan2068CE.NFO,07/01/2020,13:12:08,0.75,0.7,91300,0.75,16600,0,1029200
PNB30Jan2068CE.NFO,07/01/2020,13:13:27,0.75,0.7,83000,0.75,33200,0,1029200
PNB30Jan2068CE.NFO,07/01/2020,13:13:42,0.75,0.7,83000,0.75,24900,0,1029200
PNB30Jan2068CE.NFO,07/01/2020,13:13:51,0.75,0.7,58100,0.75,24900,0,1029200
PNB30Jan2068CE.NFO,07/01/2020,13:14:02,0.75,0.7,83000,0.75,24900,0,1029200
PNB30Jan2068CE.NFO,07/01/2020,13:14:06,0.75,0.7,58100,0.75,24900,0,1029200
PNB30Jan2068CE.NFO,07/01/2020,13:14:12,0.75,0.7,49800,0.75,24900,0,1029200
PNB30Jan2068CE.NFO,07/01/2020,13:15:08,0.75,0.65,66400,0.75,24900,0,1029200
PNB30Jan2068CE.NFO,07/01/2020,13:15:43,0.75,0.7,16600,0.75,24900,0,1029200
PNB30Jan2068CE.NFO,07/01/2020,13:15:49,0.75,0.65,66400,0.75,24900,0,1029200
PNB30Jan2068CE.NFO,07/01/2020,13:16:00,0.75,0.7,16600,0.75,24900,0,1029200
PNB30Jan2068CE.NFO,07/01/2020,13:16:31,0.75,0.7,24900,0.75,24900,0,1029200
PNB30Jan2068CE.NFO,07/01/2020,13:16:41,0.75,0.7,33200,0.75,24900,0,1029200
PNB30Jan2068CE.NFO,07/01/2020,13:16:47,0.75,0.7,24900,0.75,24900,0,1029200
PNB30Jan2068CE.NFO,07/01/2020,13:16:52,0.75,0.7,33200,0.75,24900,0,1029200
PNB30Jan2068CE.NFO,07/01/2020,13:17:01,0.75,0.7,24900,0.75,24900,0,1029200
PNB30Jan2068CE.NFO,07/01/2020,13:17:05,0.75,0.7,16600,0.75,24900,0,1029200
PNB30Jan2068CE.NFO,07/01/2020,13:17:09,0.75,0.7,49800,0.75,24900,0,1029200
PNB30Jan2068CE.NFO,07/01/2020,13:17:27,0.75,0.7,41500,0.75,24900,0,1029200
PNB30Jan2068CE.NFO,07/01/2020,13:17:40,0.75,0.7,33200,0.75,24900,0,1029200
PNB30Jan2068CE.NFO,07/01/2020,13:18:44,0.75,0.7,58100,0.75,24900,0,1029200
PNB30Jan2068CE.NFO,07/01/2020,13:19:19,0.75,0.7,41500,0.75,24900,0,1029200
PNB30Jan2068CE.NFO,07/01/2020,13:19:29,0.75,0.7,49800,0.75,24900,0,1029200
PNB30Jan2068CE.NFO,07/01/2020,13:19:42,0.75,0.7,41500,0.75,24900,0,1029200
PNB30Jan2068CE.NFO,07/01/2020,13:19:51,0.75,0.7,49800,0.75,24900,0,1029200
PNB30Jan2068CE.NFO,07/01/2020,13:20:00,0.75,0.7,58100,0.75,24900,0,1029200
PNB30Jan2068CE.NFO,07/01/2020,13:20:17,0.75,0.7,58100,0.8,33200,24900,1045800
PNB30Jan2068CE.NFO,07/01/2020,13:20:23,0.75,0.7,58100,0.8,41500,0,1045800
PNB30Jan2068CE.NFO,07/01/2020,13:21:14,0.75,0.7,49800,0.8,41500,0,1045800
PNB30Jan2068CE.NFO,07/01/2020,13:21:23,0.75,0.7,41500,0.75,24900,0,1045800
PNB30Jan2068CE.NFO,07/01/2020,13:21:34,0.75,0.7,33200,0.75,16600,0,1045800
PNB30Jan2068CE.NFO,07/01/2020,13:21:38,0.75,0.7,41500,0.75,16600,0,1045800
PNB30Jan2068CE.NFO,07/01/2020,13:21:43,0.75,0.7,33200,0.75,16600,0,1045800
PNB30Jan2068CE.NFO,07/01/2020,13:21:47,0.75,0.7,49800,0.75,16600,0,1045800
PNB30Jan2068CE.NFO,07/01/2020,13:21:56,0.75,0.7,49800,0.75,8300,0,1045800
PNB30Jan2068CE.NFO,07/01/2020,13:22:05,0.75,0.7,41500,0.75,8300,0,1045800
PNB30Jan2068CE.NFO,07/01/2020,13:22:10,0.75,0.7,49800,0.75,8300,0,1045800
PNB30Jan2068CE.NFO,07/01/2020,13:22:25,0.75,0.7,58100,0.8,41500,0,1045800
PNB30Jan2068CE.NFO,07/01/2020,13:22:39,0.75,0.7,49800,0.75,8300,0,1045800
PNB30Jan2068CE.NFO,07/01/2020,13:22:43,0.75,0.7,58100,0.75,8300,0,1045800
PNB30Jan2068CE.NFO,07/01/2020,13:22:48,0.75,0.7,58100,0.75,24900,0,1045800
PNB30Jan2068CE.NFO,07/01/2020,13:22:53,0.75,0.7,49800,0.75,24900,0,1045800
PNB30Jan2068CE.NFO,07/01/2020,13:24:06,0.75,0.7,58100,0.75,24900,0,1045800
PNB30Jan2068CE.NFO,07/01/2020,13:24:12,0.75,0.7,58100,0.75,16600,0,1045800
PNB30Jan2068CE.NFO,07/01/2020,13:24:32,0.75,0.7,49800,0.75,16600,0,1045800
PNB30Jan2068CE.NFO,07/01/2020,13:25:11,0.75,0.7,49800,0.75,8300,0,1045800
PNB30Jan2068CE.NFO,07/01/2020,13:25:18,0.75,0.7,58100,0.75,8300,0,1045800
PNB30Jan2068CE.NFO,07/01/2020,13:26:26,0.75,0.7,58100,0.8,41500,8300,1029200
PNB30Jan2068CE.NFO,07/01/2020,13:26:42,0.75,0.7,58100,0.8,41500,0,1029200
PNB30Jan2068CE.NFO,07/01/2020,13:27:46,0.75,0.7,49800,0.75,8300,0,1029200
PNB30Jan2068CE.NFO,07/01/2020,13:27:52,0.75,0.7,49800,0.8,41500,0,1029200
PNB30Jan2068CE.NFO,07/01/2020,13:27:59,0.7,0.7,49800,0.8,41500,8300,1020900
PNB30Jan2068CE.NFO,07/01/2020,13:27:59,0.7,0.7,49800,0.8,41500,0,1020900
PNB30Jan2068CE.NFO,07/01/2020,13:28:10,0.7,0.7,41500,0.8,41500,0,1020900
PNB30Jan2068CE.NFO,07/01/2020,13:28:21,0.7,0.7,49800,0.8,41500,0,1020900
PNB30Jan2068CE.NFO,07/01/2020,13:28:56,0.7,0.7,33200,0.75,33200,0,1020900
PNB30Jan2068CE.NFO,07/01/2020,13:29:04,0.7,0.7,41500,0.75,16600,0,1020900
PNB30Jan2068CE.NFO,07/01/2020,13:29:12,0.7,0.7,49800,0.8,41500,0,1020900
PNB30Jan2068CE.NFO,07/01/2020,13:29:26,0.7,0.7,41500,0.75,8300,0,1020900
PNB30Jan2068CE.NFO,07/01/2020,13:29:32,0.7,0.7,41500,0.75,24900,0,1020900
PNB30Jan2068CE.NFO,07/01/2020,13:29:51,0.7,0.7,24900,0.75,24900,0,1020900
PNB30Jan2068CE.NFO,07/01/2020,13:29:58,0.7,0.7,41500,0.75,24900,0,1020900
PNB30Jan2068CE.NFO,07/01/2020,13:30:05,0.7,0.7,24900,0.75,24900,0,1020900
PNB30Jan2068CE.NFO,07/01/2020,13:30:12,0.7,0.7,41500,0.75,24900,0,1020900
PNB30Jan2068CE.NFO,07/01/2020,13:30:30,0.7,0.7,33200,0.75,24900,0,1020900
PNB30Jan2068CE.NFO,07/01/2020,13:30:52,0.7,0.7,8300,0.75,24900,0,1020900
PNB30Jan2068CE.NFO,07/01/2020,13:31:34,0.7,0.7,49800,0.75,33200,0,1020900
PNB30Jan2068CE.NFO,07/01/2020,13:31:49,0.7,0.7,49800,0.75,16600,0,1020900
PNB30Jan2068CE.NFO,07/01/2020,13:31:57,0.7,0.7,58100,0.8,41500,0,1020900
PNB30Jan2068CE.NFO,07/01/2020,13:32:12,0.7,0.7,58100,0.75,8300,0,1020900
PNB30Jan2068CE.NFO,07/01/2020,13:32:28,0.7,0.7,58100,0.8,41500,0,1020900
PNB30Jan2068CE.NFO,07/01/2020,13:32:52,0.7,0.7,33200,0.75,33200,0,1020900
PNB30Jan2068CE.NFO,07/01/2020,13:32:58,0.7,0.7,24900,0.75,24900,0,1020900
PNB30Jan2068CE.NFO,07/01/2020,13:33:10,0.7,0.7,49800,0.75,8300,0,1020900
PNB30Jan2068CE.NFO,07/01/2020,13:33:38,0.7,0.7,41500,0.75,24900,0,1020900
PNB30Jan2068CE.NFO,07/01/2020,13:33:48,0.7,0.7,41500,0.75,8300,0,1020900
PNB30Jan2068CE.NFO,07/01/2020,13:34:04,0.7,0.7,41500,0.75,24900,0,1020900
PNB30Jan2068CE.NFO,07/01/2020,13:34:09,0.7,0.7,33200,0.75,24900,0,1020900
PNB30Jan2068CE.NFO,07/01/2020,13:34:14,0.7,0.7,33200,0.75,8300,0,1020900
PNB30Jan2068CE.NFO,07/01/2020,13:34:49,0.7,0.7,41500,0.8,16600,0,1020900
PNB30Jan2068CE.NFO,07/01/2020,13:36:35,0.7,0.7,99600,0.8,74700,0,1020900
PNB30Jan2068CE.NFO,07/01/2020,13:38:42,0.7,0.7,91300,0.8,74700,0,1020900
PNB30Jan2068CE.NFO,07/01/2020,13:39:42,0.7,0.7,74700,0.8,74700,0,1020900
PNB30Jan2068CE.NFO,07/01/2020,13:39:49,0.7,0.7,91300,0.8,74700,0,1020900
PNB30Jan2068CE.NFO,07/01/2020,13:40:09,0.7,0.7,99600,0.8,74700,0,1020900
PNB30Jan2068CE.NFO,07/01/2020,13:43:55,0.7,0.7,107900,0.8,74700,0,1020900
PNB30Jan2068CE.NFO,07/01/2020,13:45:08,0.7,0.7,99600,0.8,74700,0,1020900
PNB30Jan2068CE.NFO,07/01/2020,13:47:15,0.7,0.75,8300,0.8,74700,0,1020900
PNB30Jan2068CE.NFO,07/01/2020,13:48:42,0.7,0.75,8300,0.8,83000,0,1020900
PNB30Jan2068CE.NFO,07/01/2020,13:50:09,0.7,0.75,8300,0.8,74700,0,1020900
PNB30Jan2068CE.NFO,07/01/2020,13:50:17,0.8,0.75,41500,0.85,49800,8300,1012600
PNB30Jan2068CE.NFO,07/01/2020,13:50:24,0.8,0.75,41500,0.85,49800,0,1012600
PNB30Jan2068CE.NFO,07/01/2020,13:50:46,0.8,0.75,33200,0.85,49800,0,1012600
PNB30Jan2068CE.NFO,07/01/2020,13:51:20,0.8,0.75,24900,0.85,49800,0,1012600
PNB30Jan2068CE.NFO,07/01/2020,13:51:26,0.8,0.75,8300,0.8,33200,0,1012600
PNB30Jan2068CE.NFO,07/01/2020,13:51:36,0.8,0.75,8300,0.8,41500,0,1012600
PNB30Jan2068CE.NFO,07/01/2020,13:51:56,0.75,0.7,83000,0.8,41500,8300,1004300
PNB30Jan2068CE.NFO,07/01/2020,13:52:02,0.75,0.7,83000,0.8,41500,0,1004300
PNB30Jan2068CE.NFO,07/01/2020,13:52:06,0.75,0.7,74700,0.8,41500,0,1004300
PNB30Jan2068CE.NFO,07/01/2020,13:52:47,0.75,0.7,83000,0.8,41500,0,1004300
PNB30Jan2068CE.NFO,07/01/2020,13:53:51,0.75,0.7,83000,0.75,8300,0,1004300
PNB30Jan2068CE.NFO,07/01/2020,13:54:51,0.75,0.7,91300,0.75,8300,0,1004300
PNB30Jan2068CE.NFO,07/01/2020,13:55:01,0.75,0.7,83000,0.8,33200,0,1004300
PNB30Jan2068CE.NFO,07/01/2020,13:55:21,0.75,0.7,83000,0.8,41500,0,1004300
PNB30Jan2068CE.NFO,07/01/2020,13:56:21,0.75,0.7,107900,0.8,41500,0,1004300
PNB30Jan2068CE.NFO,07/01/2020,13:56:38,0.75,0.7,107900,0.75,8300,0,1004300
PNB30Jan2068CE.NFO,07/01/2020,13:56:44,0.75,0.7,99600,0.75,8300,0,1004300
PNB30Jan2068CE.NFO,07/01/2020,13:56:48,0.75,0.7,99600,0.8,41500,0,1004300
PNB30Jan2068CE.NFO,07/01/2020,13:56:53,0.75,0.7,83000,0.8,41500,0,1004300
PNB30Jan2068CE.NFO,07/01/2020,13:57:57,0.75,0.7,83000,0.8,49800,0,1004300
PNB30Jan2068CE.NFO,07/01/2020,13:58:27,0.75,0.7,83000,0.75,8300,0,1004300
PNB30Jan2068CE.NFO,07/01/2020,13:58:34,0.75,0.7,107900,0.75,8300,0,1004300
PNB30Jan2068CE.NFO,07/01/2020,13:58:39,0.75,0.7,107900,0.8,49800,0,1004300
PNB30Jan2068CE.NFO,07/01/2020,13:59:28,0.75,0.7,107900,0.75,8300,0,1004300
PNB30Jan2068CE.NFO,07/01/2020,14:00:10,0.75,0.7,107900,0.75,16600,0,1004300
PNB30Jan2068CE.NFO,07/01/2020,14:00:41,0.75,0.7,107900,0.75,8300,0,1004300
PNB30Jan2068CE.NFO,07/01/2020,14:00:48,0.75,0.7,107900,0.8,49800,8300,1012600
PNB30Jan2068CE.NFO,07/01/2020,14:00:55,0.75,0.7,107900,0.8,49800,0,1012600
PNB30Jan2068CE.NFO,07/01/2020,14:07:56,0.75,0.7,107900,0.8,41500,0,1012600
PNB30Jan2068CE.NFO,07/01/2020,14:08:38,0.7,0.7,124500,0.8,41500,8300,1012600
PNB30Jan2068CE.NFO,07/01/2020,14:08:47,0.7,0.7,124500,0.8,41500,0,1012600
PNB30Jan2068CE.NFO,07/01/2020,14:09:33,0.7,0.7,99600,0.8,41500,0,1012600
PNB30Jan2068CE.NFO,07/01/2020,14:09:41,0.7,0.7,124500,0.8,41500,0,1012600
PNB30Jan2068CE.NFO,07/01/2020,14:11:57,0.7,0.7,124500,0.8,49800,0,1012600
PNB30Jan2068CE.NFO,07/01/2020,14:15:31,0.7,0.75,33200,0.8,41500,0,1012600
PNB30Jan2068CE.NFO,07/01/2020,14:15:37,0.7,0.75,24900,0.8,33200,0,1012600
PNB30Jan2068CE.NFO,07/01/2020,14:15:58,0.7,0.75,8300,0.8,33200,0,1012600
PNB30Jan2068CE.NFO,07/01/2020,14:16:04,0.7,0.7,124500,0.8,33200,0,1012600
PNB30Jan2068CE.NFO,07/01/2020,14:16:39,0.7,0.75,8300,0.8,33200,0,1012600
PNB30Jan2068CE.NFO,07/01/2020,14:16:45,0.7,0.75,16600,0.8,33200,0,1012600
PNB30Jan2068CE.NFO,07/01/2020,14:17:12,0.7,0.7,124500,0.8,33200,0,1012600
PNB30Jan2068CE.NFO,07/01/2020,14:17:28,0.7,0.7,124500,0.8,41500,0,1012600
PNB30Jan2068CE.NFO,07/01/2020,14:17:52,0.7,0.7,124500,0.8,33200,0,1012600
PNB30Jan2068CE.NFO,07/01/2020,14:18:21,0.7,0.75,33200,0.8,24900,0,1012600
PNB30Jan2068CE.NFO,07/01/2020,14:18:36,0.7,0.75,41500,0.8,24900,0,1012600
PNB30Jan2068CE.NFO,07/01/2020,14:18:55,0.7,0.75,33200,0.8,24900,0,1012600
PNB30Jan2068CE.NFO,07/01/2020,14:19:13,0.7,0.75,8300,0.8,58100,0,1012600
PNB30Jan2068CE.NFO,07/01/2020,14:19:58,0.7,0.7,124500,0.8,58100,0,1012600
PNB30Jan2068CE.NFO,07/01/2020,14:20:08,0.7,0.75,8300,0.8,58100,0,1012600
PNB30Jan2068CE.NFO,07/01/2020,14:20:13,0.7,0.7,124500,0.8,58100,0,1012600
PNB30Jan2068CE.NFO,07/01/2020,14:20:25,0.7,0.7,116200,0.8,58100,0,1012600
PNB30Jan2068CE.NFO,07/01/2020,14:20:28,0.7,0.7,124500,0.8,58100,0,1012600
PNB30Jan2068CE.NFO,07/01/2020,14:20:47,0.7,0.75,49800,0.8,24900,0,1012600
PNB30Jan2068CE.NFO,07/01/2020,14:20:52,0.7,0.75,33200,0.8,24900,0,1012600
PNB30Jan2068CE.NFO,07/01/2020,14:21:00,0.7,0.75,41500,0.8,24900,0,1012600
PNB30Jan2068CE.NFO,07/01/2020,14:21:03,0.7,0.75,33200,0.8,24900,0,1012600
PNB30Jan2068CE.NFO,07/01/2020,14:21:12,0.7,0.75,24900,0.8,49800,0,1012600
PNB30Jan2068CE.NFO,07/01/2020,14:21:17,0.7,0.75,24900,0.8,33200,0,1012600
PNB30Jan2068CE.NFO,07/01/2020,14:21:29,0.7,0.75,8300,0.8,33200,0,1012600
PNB30Jan2068CE.NFO,07/01/2020,14:21:37,0.7,0.75,33200,0.8,33200,0,1012600
PNB30Jan2068CE.NFO,07/01/2020,14:21:45,0.7,0.75,8300,0.8,33200,0,1012600
PNB30Jan2068CE.NFO,07/01/2020,14:22:06,0.7,0.75,33200,0.8,33200,0,1012600
PNB30Jan2068CE.NFO,07/01/2020,14:22:10,0.7,0.75,24900,0.8,33200,0,1012600
PNB30Jan2068CE.NFO,07/01/2020,14:22:26,0.7,0.75,8300,0.8,33200,0,1012600
PNB30Jan2068CE.NFO,07/01/2020,14:22:39,0.7,0.75,24900,0.8,33200,0,1012600
PNB30Jan2068CE.NFO,07/01/2020,14:22:44,0.7,0.75,16600,0.8,33200,0,1012600
PNB30Jan2068CE.NFO,07/01/2020,14:23:05,0.7,0.75,8300,0.8,33200,0,1012600
PNB30Jan2068CE.NFO,07/01/2020,14:23:09,0.7,0.75,16600,0.8,33200,0,1012600
PNB30Jan2068CE.NFO,07/01/2020,14:23:31,0.7,0.75,8300,0.8,33200,0,1012600
PNB30Jan2068CE.NFO,07/01/2020,14:24:02,0.7,0.7,99600,0.8,41500,0,1012600
PNB30Jan2068CE.NFO,07/01/2020,14:25:47,0.7,0.7,107900,0.8,41500,0,1012600
PNB30Jan2068CE.NFO,07/01/2020,14:26:39,0.7,0.7,116200,0.8,41500,0,1012600
PNB30Jan2068CE.NFO,07/01/2020,14:26:50,0.7,0.7,124500,0.8,41500,0,1012600
PNB30Jan2068CE.NFO,07/01/2020,14:27:12,0.7,0.75,8300,0.8,41500,0,1012600
PNB30Jan2068CE.NFO,07/01/2020,14:27:20,0.7,0.75,8300,0.8,33200,0,1012600
PNB30Jan2068CE.NFO,07/01/2020,14:27:37,0.7,0.7,124500,0.8,33200,0,1012600
PNB30Jan2068CE.NFO,07/01/2020,14:28:06,0.7,0.7,124500,0.8,41500,0,1012600
PNB30Jan2068CE.NFO,07/01/2020,14:30:27,0.7,0.75,8300,0.8,41500,0,1012600
PNB30Jan2068CE.NFO,07/01/2020,14:30:36,0.7,0.75,16600,0.8,41500,0,1012600
PNB30Jan2068CE.NFO,07/01/2020,14:30:55,0.7,0.75,58100,0.8,24900,0,1012600
PNB30Jan2068CE.NFO,07/01/2020,14:31:12,0.7,0.75,58100,0.8,8300,0,1012600
PNB30Jan2068CE.NFO,07/01/2020,14:32:23,0.7,0.75,58100,0.8,16600,0,1012600
PNB30Jan2068CE.NFO,07/01/2020,14:32:58,0.7,0.75,58100,0.8,8300,0,1012600
PNB30Jan2068CE.NFO,07/01/2020,14:33:12,0.8,0.75,58100,0.85,41500,8300,1004300
PNB30Jan2068CE.NFO,07/01/2020,14:33:20,0.8,0.75,58100,0.85,33200,0,1004300
PNB30Jan2068CE.NFO,07/01/2020,14:33:41,0.8,0.75,66400,0.85,33200,0,1004300
PNB30Jan2068CE.NFO,07/01/2020,14:35:07,0.8,0.75,66400,0.85,41500,0,1004300
PNB30Jan2068CE.NFO,07/01/2020,14:35:19,0.8,0.75,66400,0.8,16600,0,1004300
PNB30Jan2068CE.NFO,07/01/2020,14:36:02,0.8,0.75,58100,0.8,16600,0,1004300
PNB30Jan2068CE.NFO,07/01/2020,14:36:13,0.8,0.75,41500,0.8,24900,0,1004300
PNB30Jan2068CE.NFO,07/01/2020,14:36:36,0.8,0.75,58100,0.8,24900,0,1004300
PNB30Jan2068CE.NFO,07/01/2020,14:36:41,0.8,0.75,58100,0.8,16600,0,1004300
PNB30Jan2068CE.NFO,07/01/2020,14:36:50,0.8,0.75,58100,0.8,24900,0,1004300
PNB30Jan2068CE.NFO,07/01/2020,14:37:03,0.8,0.75,58100,0.8,16600,0,1004300
PNB30Jan2068CE.NFO,07/01/2020,14:37:18,0.8,0.75,58100,0.8,24900,0,1004300
PNB30Jan2068CE.NFO,07/01/2020,14:37:23,0.8,0.75,58100,0.8,16600,0,1004300
PNB30Jan2068CE.NFO,07/01/2020,14:37:28,0.8,0.75,58100,0.85,41500,0,1004300
PNB30Jan2068CE.NFO,07/01/2020,14:38:25,0.8,0.75,58100,0.8,16600,0,1004300
PNB30Jan2068CE.NFO,07/01/2020,14:38:43,0.8,0.75,58100,0.85,41500,0,1004300
PNB30Jan2068CE.NFO,07/01/2020,14:39:13,0.8,0.75,58100,0.8,16600,0,1004300
PNB30Jan2068CE.NFO,07/01/2020,14:39:25,0.8,0.75,58100,0.85,41500,8300,1004300
PNB30Jan2068CE.NFO,07/01/2020,14:39:32,0.8,0.75,58100,0.85,41500,0,1004300
PNB30Jan2068CE.NFO,07/01/2020,14:40:44,0.8,0.75,49800,0.8,16600,0,1004300
PNB30Jan2068CE.NFO,07/01/2020,14:40:52,0.8,0.75,41500,0.8,16600,0,1004300
PNB30Jan2068CE.NFO,07/01/2020,14:40:55,0.8,0.75,33200,0.8,16600,0,1004300
PNB30Jan2068CE.NFO,07/01/2020,14:41:02,0.8,0.75,33200,0.8,8300,8300,1004300
PNB30Jan2068CE.NFO,07/01/2020,14:41:11,0.8,0.75,33200,0.8,8300,0,1004300
PNB30Jan2068CE.NFO,07/01/2020,14:41:33,0.8,0.75,33200,0.8,16600,0,1004300
PNB30Jan2068CE.NFO,07/01/2020,14:42:05,0.8,0.75,33200,0.8,8300,0,1004300
PNB30Jan2068CE.NFO,07/01/2020,14:43:22,0.8,0.75,24900,0.8,8300,0,1004300
PNB30Jan2068CE.NFO,07/01/2020,14:43:38,0.8,0.75,33200,0.8,8300,0,1004300
PNB30Jan2068CE.NFO,07/01/2020,14:45:27,0.8,0.75,33200,0.8,16600,0,1004300
PNB30Jan2068CE.NFO,07/01/2020,14:46:01,0.8,0.75,8300,0.8,33200,0,1004300
PNB30Jan2068CE.NFO,07/01/2020,14:46:07,0.8,0.7,116200,0.8,33200,0,1004300
PNB30Jan2068CE.NFO,07/01/2020,14:46:14,0.8,0.75,41500,0.8,16600,0,1004300
PNB30Jan2068CE.NFO,07/01/2020,14:46:21,0.8,0.75,33200,0.8,16600,0,1004300
PNB30Jan2068CE.NFO,07/01/2020,14:46:27,0.8,0.75,41500,0.8,16600,0,1004300
PNB30Jan2068CE.NFO,07/01/2020,14:46:37,0.8,0.75,33200,0.8,16600,0,1004300
PNB30Jan2068CE.NFO,07/01/2020,14:47:28,0.8,0.75,41500,0.8,16600,0,1004300
PNB30Jan2068CE.NFO,07/01/2020,14:47:33,0.8,0.75,41500,0.8,8300,0,1004300
PNB30Jan2068CE.NFO,07/01/2020,14:47:38,0.8,0.75,49800,0.8,8300,0,1004300
PNB30Jan2068CE.NFO,07/01/2020,14:49:10,0.8,0.75,33200,0.8,16600,0,1004300
PNB30Jan2068CE.NFO,07/01/2020,14:49:14,0.8,0.75,41500,0.8,16600,0,1004300
PNB30Jan2068CE.NFO,07/01/2020,14:49:22,0.8,0.75,49800,0.85,41500,0,1004300
PNB30Jan2068CE.NFO,07/01/2020,14:49:25,0.8,0.75,49800,0.8,24900,0,1004300
PNB30Jan2068CE.NFO,07/01/2020,14:49:29,0.8,0.75,49800,0.8,16600,0,1004300
PNB30Jan2068CE.NFO,07/01/2020,14:49:58,0.8,0.75,49800,0.85,41500,0,1004300
PNB30Jan2068CE.NFO,07/01/2020,14:50:09,0.8,0.75,58100,0.85,41500,0,1004300
PNB30Jan2068CE.NFO,07/01/2020,14:50:24,0.8,0.75,49800,0.85,41500,0,1004300
PNB30Jan2068CE.NFO,07/01/2020,14:50:38,0.8,0.75,49800,0.8,16600,0,1004300
PNB30Jan2068CE.NFO,07/01/2020,14:50:42,0.8,0.75,49800,0.85,41500,0,1004300
PNB30Jan2068CE.NFO,07/01/2020,14:51:02,0.8,0.75,49800,0.8,16600,0,1004300
PNB30Jan2068CE.NFO,07/01/2020,14:53:03,0.8,0.75,49800,0.85,41500,0,1004300
PNB30Jan2068CE.NFO,07/01/2020,14:53:24,0.8,0.75,49800,0.85,33200,0,1004300
PNB30Jan2068CE.NFO,07/01/2020,14:53:56,0.8,0.75,49800,0.85,24900,0,1004300
PNB30Jan2068CE.NFO,07/01/2020,14:54:34,0.8,0.75,49800,0.8,8300,0,1004300
PNB30Jan2068CE.NFO,07/01/2020,14:54:41,0.8,0.75,49800,0.8,24900,0,1004300
PNB30Jan2068CE.NFO,07/01/2020,14:54:46,0.8,0.75,49800,0.85,24900,0,1004300
PNB30Jan2068CE.NFO,07/01/2020,14:55:34,0.8,0.75,49800,0.85,33200,0,1004300
PNB30Jan2068CE.NFO,07/01/2020,14:59:03,0.8,0.75,49800,0.8,16600,0,1004300
PNB30Jan2068CE.NFO,07/01/2020,14:59:35,0.8,0.75,41500,0.8,16600,0,1004300
PNB30Jan2068CE.NFO,07/01/2020,14:59:39,0.8,0.75,33200,0.8,16600,0,1004300
PNB30Jan2068CE.NFO,07/01/2020,15:00:05,0.8,0.75,33200,0.85,33200,0,1004300
PNB30Jan2068CE.NFO,07/01/2020,15:00:16,0.8,0.75,33200,0.8,8300,0,1004300
PNB30Jan2068CE.NFO,07/01/2020,15:00:24,0.8,0.75,41500,0.8,24900,0,1004300
PNB30Jan2068CE.NFO,07/01/2020,15:00:31,0.8,0.75,41500,0.8,8300,0,1004300
PNB30Jan2068CE.NFO,07/01/2020,15:00:53,0.8,0.75,49800,0.8,8300,0,1004300
PNB30Jan2068CE.NFO,07/01/2020,15:01:09,0.8,0.75,49800,0.85,33200,0,1004300
PNB30Jan2068CE.NFO,07/01/2020,15:02:01,0.8,0.75,49800,0.8,8300,0,1004300
PNB30Jan2068CE.NFO,07/01/2020,15:02:24,0.8,0.75,24900,0.8,24900,0,1004300
PNB30Jan2068CE.NFO,07/01/2020,15:02:30,0.8,0.75,41500,0.8,24900,0,1004300
PNB30Jan2068CE.NFO,07/01/2020,15:02:39,0.8,0.75,24900,0.8,24900,0,1004300
PNB30Jan2068CE.NFO,07/01/2020,15:02:53,0.8,0.75,41500,0.8,24900,0,1004300
PNB30Jan2068CE.NFO,07/01/2020,15:03:43,0.8,0.75,33200,0.8,24900,0,1004300
PNB30Jan2068CE.NFO,07/01/2020,15:03:52,0.8,0.75,41500,0.8,24900,0,1004300
PNB30Jan2068CE.NFO,07/01/2020,15:04:11,0.8,0.75,8300,0.8,33200,0,1004300
PNB30Jan2068CE.NFO,07/01/2020,15:04:18,0.8,0.75,8300,0.8,24900,0,1004300
PNB30Jan2068CE.NFO,07/01/2020,15:04:55,0.8,0.75,16600,0.8,24900,0,1004300
PNB30Jan2068CE.NFO,07/01/2020,15:05:04,0.8,0.75,24900,0.8,24900,0,1004300
PNB30Jan2068CE.NFO,07/01/2020,15:05:41,0.8,0.75,24900,0.8,16600,0,1004300
PNB30Jan2068CE.NFO,07/01/2020,15:05:55,0.8,0.75,24900,0.85,24900,0,1004300
PNB30Jan2068CE.NFO,07/01/2020,15:06:28,0.8,0.75,33200,0.85,24900,0,1004300
PNB30Jan2068CE.NFO,07/01/2020,15:08:15,0.8,0.75,33200,0.85,33200,0,1004300
PNB30Jan2068CE.NFO,07/01/2020,15:08:32,0.8,0.75,41500,0.85,33200,0,1004300
PNB30Jan2068CE.NFO,07/01/2020,15:09:34,0.8,0.8,16600,0.85,33200,0,1004300
PNB30Jan2068CE.NFO,07/01/2020,15:10:05,0.8,0.75,41500,0.85,33200,0,1004300
PNB30Jan2068CE.NFO,07/01/2020,15:11:28,0.8,0.75,33200,0.85,33200,0,1004300
PNB30Jan2068CE.NFO,07/01/2020,15:11:35,0.8,0.75,41500,0.85,33200,0,1004300
PNB30Jan2068CE.NFO,07/01/2020,15:13:06,0.8,0.8,16600,0.85,33200,0,1004300
PNB30Jan2068CE.NFO,07/01/2020,15:14:51,0.8,0.8,33200,0.85,33200,0,1004300
PNB30Jan2068CE.NFO,07/01/2020,15:15:01,0.8,0.8,24900,0.85,33200,0,1004300
PNB30Jan2068CE.NFO,07/01/2020,15:15:08,0.8,0.8,74700,0.85,16600,0,1004300
PNB30Jan2068CE.NFO,07/01/2020,15:15:41,0.8,0.8,58100,0.85,24900,0,1004300
PNB30Jan2068CE.NFO,07/01/2020,15:15:48,0.8,0.8,66400,0.85,24900,0,1004300
PNB30Jan2068CE.NFO,07/01/2020,15:16:09,0.8,0.8,16600,0.85,24900,0,1004300
PNB30Jan2068CE.NFO,07/01/2020,15:16:29,0.8,0.8,24900,0.85,24900,0,1004300
PNB30Jan2068CE.NFO,07/01/2020,15:16:36,0.8,0.8,41500,0.85,24900,0,1004300
PNB30Jan2068CE.NFO,07/01/2020,15:16:42,0.8,0.8,33200,0.85,24900,0,1004300
PNB30Jan2068CE.NFO,07/01/2020,15:17:48,0.8,0.8,49800,0.85,16600,0,1004300
PNB30Jan2068CE.NFO,07/01/2020,15:18:03,0.8,0.8,41500,0.85,16600,0,1004300
PNB30Jan2068CE.NFO,07/01/2020,15:19:09,0.8,0.8,49800,0.85,16600,0,1004300
PNB30Jan2068CE.NFO,07/01/2020,15:19:20,0.8,0.8,41500,0.85,16600,0,1004300
PNB30Jan2068CE.NFO,07/01/2020,15:19:26,0.8,0.8,49800,0.85,16600,0,1004300
PNB30Jan2068CE.NFO,07/01/2020,15:20:09,0.8,0.8,41500,0.85,16600,0,1004300
PNB30Jan2068CE.NFO,07/01/2020,15:20:17,0.8,0.8,16600,0.85,24900,0,1004300
PNB30Jan2068CE.NFO,07/01/2020,15:20:25,0.8,0.8,24900,0.85,41500,0,1004300
PNB30Jan2068CE.NFO,07/01/2020,15:21:07,0.8,0.8,8300,0.85,41500,0,1004300
PNB30Jan2068CE.NFO,07/01/2020,15:21:28,0.8,0.75,33200,0.85,41500,0,1004300
PNB30Jan2068CE.NFO,07/01/2020,15:21:34,0.8,0.75,33200,0.85,49800,0,1004300
PNB30Jan2068CE.NFO,07/01/2020,15:22:28,0.8,0.75,41500,0.85,49800,0,1004300
PNB30Jan2068CE.NFO,07/01/2020,15:22:59,0.8,0.75,41500,0.8,8300,0,1004300
PNB30Jan2068CE.NFO,07/01/2020,15:23:06,0.8,0.75,41500,0.85,41500,8300,1004300
PNB30Jan2068CE.NFO,07/01/2020,15:23:13,0.8,0.75,41500,0.85,41500,0,1004300
PNB30Jan2068CE.NFO,07/01/2020,15:23:21,0.8,0.75,33200,0.8,16600,0,1004300
PNB30Jan2068CE.NFO,07/01/2020,15:23:49,0.8,0.75,41500,0.85,41500,0,1004300
PNB30Jan2068CE.NFO,07/01/2020,15:24:18,0.8,0.75,33200,0.85,41500,0,1004300
PNB30Jan2068CE.NFO,07/01/2020,15:24:43,0.8,0.75,24900,0.85,41500,0,1004300
PNB30Jan2068CE.NFO,07/01/2020,15:24:57,0.8,0.75,33200,0.85,41500,0,1004300
PNB30Jan2068CE.NFO,07/01/2020,15:25:27,0.8,0.75,24900,0.85,41500,0,1004300
PNB30Jan2068CE.NFO,07/01/2020,15:25:32,0.8,0.75,33200,0.8,8300,0,1004300
PNB30Jan2068CE.NFO,07/01/2020,15:25:50,0.8,0.75,33200,0.85,41500,8300,1004300
PNB30Jan2068CE.NFO,07/01/2020,15:26:11,0.8,0.75,33200,0.85,41500,0,1004300
PNB30Jan2068CE.NFO,07/01/2020,15:26:34,0.8,0.75,33200,0.8,16600,0,1004300
PNB30Jan2068CE.NFO,07/01/2020,15:26:38,0.8,0.75,24900,0.8,16600,0,1004300
PNB30Jan2068CE.NFO,07/01/2020,15:26:52,0.8,0.75,24900,0.85,24900,0,1004300
PNB30Jan2068CE.NFO,07/01/2020,15:27:02,0.75,0.75,24900,0.85,24900,8300,1004300
PNB30Jan2068CE.NFO,07/01/2020,15:27:07,0.75,0.75,24900,0.85,24900,0,1004300
PNB30Jan2068CE.NFO,07/01/2020,15:27:23,0.75,0.75,16600,0.85,24900,0,1004300
PNB30Jan2068CE.NFO,07/01/2020,15:27:35,0.75,0.75,16600,0.8,16600,0,1004300
PNB30Jan2068CE.NFO,07/01/2020,15:28:03,0.75,0.75,8300,0.8,16600,0,1004300
PNB30Jan2068CE.NFO,07/01/2020,15:28:19,0.75,0.75,8300,0.8,24900,0,1004300
PNB30Jan2068CE.NFO,07/01/2020,15:28:24,0.75,0.75,16600,0.8,24900,0,1004300
PNB30Jan2068CE.NFO,07/01/2020,15:28:36,0.75,0.75,8300,0.8,24900,0,1004300
PNB30Jan2068CE.NFO,07/01/2020,15:28:48,0.75,0.75,8300,0.8,16600,0,1004300
PNB30Jan2068CE.NFO,07/01/2020,15:29:28,0.75,0.75,24900,0.85,24900,0,1004300
PNB30Jan2068CE.NFO,07/01/2020,15:29:48,0.75,0.8,8300,0.85,24900,0,1004300
PNB30Jan2068CE.NFO,07/01/2020,15:29:54,0.75,0.75,24900,0.85,24900,0,1004300
PNB30Jan2068CE.NFO,07/01/2020,15:30:01,0.75,0.75,33200,0.85,24900,0,1004300
