Ticker,Date,Time,LTP,BuyPrice,BuyQty,SellPrice,SellQty,LTQ,OpenInterest
POWERGRID30Jan20190CE.NFO,07/01/2020,09:21:08,6.75,6.55,4000,6.95,4000,4000,264000
POWERGRID30Jan20190CE.NFO,07/01/2020,09:21:08,6.75,6.55,4000,6.95,4000,0,264000
POWERGRID30Jan20190CE.NFO,07/01/2020,09:21:08,6.75,6.55,4000,6.95,4000,0,264000
POWERGRID30Jan20190CE.NFO,07/01/2020,09:21:08,6.75,6.55,4000,6.95,4000,0,264000
POWERGRID30Jan20190CE.NFO,07/01/2020,09:21:16,6.75,6.5,4000,6.95,4000,0,264000
POWERGRID30Jan20190CE.NFO,07/01/2020,09:21:31,6.75,6.4,8000,6.85,4000,0,264000
POWERGRID30Jan20190CE.NFO,07/01/2020,09:21:39,6.75,6.3,4000,6.85,4000,0,264000
POWERGRID30Jan20190CE.NFO,07/01/2020,09:21:47,6.75,6.5,4000,6.95,4000,0,264000
POWERGRID30Jan20190CE.NFO,07/01/2020,09:21:55,6.75,6.5,4000,6.85,4000,0,264000
POWERGRID30Jan20190CE.NFO,07/01/2020,09:22:03,6.75,6.45,4000,6.85,4000,0,264000
POWERGRID30Jan20190CE.NFO,07/01/2020,09:22:11,6.75,6.5,4000,6.85,4000,0,264000
POWERGRID30Jan20190CE.NFO,07/01/2020,09:22:20,6.75,6.35,4000,6.7,4000,0,264000
POWERGRID30Jan20190CE.NFO,07/01/2020,09:22:27,6.75,6.35,4000,6.75,4000,0,264000
POWERGRID30Jan20190CE.NFO,07/01/2020,09:22:41,6.75,6.35,4000,6.8,4000,0,264000
POWERGRID30Jan20190CE.NFO,07/01/2020,09:23:03,6.75,6.4,4000,6.8,4000,0,264000
POWERGRID30Jan20190CE.NFO,07/01/2020,09:23:11,6.75,6.45,8000,6.85,4000,0,264000
POWERGRID30Jan20190CE.NFO,07/01/2020,09:23:18,6.75,6.45,4000,6.85,4000,0,264000
POWERGRID30Jan20190CE.NFO,07/01/2020,09:23:31,6.75,6.35,4000,6.75,4000,0,264000
POWERGRID30Jan20190CE.NFO,07/01/2020,09:23:37,6.75,6.4,4000,6.8,4000,0,264000
POWERGRID30Jan20190CE.NFO,07/01/2020,09:23:43,6.75,6.4,4000,6.75,4000,0,264000
POWERGRID30Jan20190CE.NFO,07/01/2020,09:23:56,6.75,6.5,4000,6.85,4000,0,264000
POWERGRID30Jan20190CE.NFO,07/01/2020,09:24:10,6.75,6.55,4000,6.95,4000,0,264000
POWERGRID30Jan20190CE.NFO,07/01/2020,09:24:17,6.75,6.55,4000,6.85,4000,0,264000
POWERGRID30Jan20190CE.NFO,07/01/2020,09:24:50,6.75,6.4,4000,6.75,4000,0,264000
POWERGRID30Jan20190CE.NFO,07/01/2020,09:24:56,6.75,6.25,12000,6.75,4000,0,264000
POWERGRID30Jan20190CE.NFO,07/01/2020,09:25:03,6.75,6.4,4000,6.8,4000,0,264000
POWERGRID30Jan20190CE.NFO,07/01/2020,09:25:11,6.75,6.4,8000,6.8,4000,0,264000
POWERGRID30Jan20190CE.NFO,07/01/2020,09:25:18,6.75,6.4,4000,6.8,4000,0,264000
POWERGRID30Jan20190CE.NFO,07/01/2020,09:25:31,6.75,6.4,4000,6.7,4000,0,264000
POWERGRID30Jan20190CE.NFO,07/01/2020,09:25:39,6.75,6.35,12000,6.8,4000,0,264000
POWERGRID30Jan20190CE.NFO,07/01/2020,09:25:47,6.75,6.5,8000,6.75,4000,0,264000
POWERGRID30Jan20190CE.NFO,07/01/2020,09:26:01,6.75,6.5,8000,6.8,4000,0,264000
POWERGRID30Jan20190CE.NFO,07/01/2020,09:26:10,6.75,6.4,8000,6.75,4000,0,264000
POWERGRID30Jan20190CE.NFO,07/01/2020,09:26:18,6.75,6.45,4000,6.7,4000,0,264000
POWERGRID30Jan20190CE.NFO,07/01/2020,09:26:30,6.75,6.45,8000,6.8,4000,0,264000
POWERGRID30Jan20190CE.NFO,07/01/2020,09:26:37,6.75,6.45,8000,6.65,4000,0,264000
POWERGRID30Jan20190CE.NFO,07/01/2020,09:26:44,6.75,6.45,8000,6.7,8000,0,264000
POWERGRID30Jan20190CE.NFO,07/01/2020,09:26:50,6.75,6.4,8000,6.65,4000,0,264000
POWERGRID30Jan20190CE.NFO,07/01/2020,09:26:55,6.75,6.35,8000,6.75,4000,0,264000
POWERGRID30Jan20190CE.NFO,07/01/2020,09:27:01,6.75,6.35,8000,6.65,4000,0,264000
POWERGRID30Jan20190CE.NFO,07/01/2020,09:27:06,6.75,6.35,4000,6.65,4000,0,264000
POWERGRID30Jan20190CE.NFO,07/01/2020,09:27:17,6.75,6.35,8000,6.65,4000,0,264000
POWERGRID30Jan20190CE.NFO,07/01/2020,09:27:24,6.75,6.3,4000,6.5,4000,0,264000
POWERGRID30Jan20190CE.NFO,07/01/2020,09:27:31,6.75,6.4,4000,6.6,4000,0,264000
POWERGRID30Jan20190CE.NFO,07/01/2020,09:27:43,6.65,6.5,4000,6.8,4000,4000,264000
POWERGRID30Jan20190CE.NFO,07/01/2020,09:27:43,6.65,6.5,4000,6.8,4000,0,264000
POWERGRID30Jan20190CE.NFO,07/01/2020,09:27:48,6.65,6.5,12000,6.75,4000,0,264000
POWERGRID30Jan20190CE.NFO,07/01/2020,09:27:57,6.65,6.55,4000,6.9,4000,0,264000
POWERGRID30Jan20190CE.NFO,07/01/2020,09:28:11,6.65,6.55,12000,6.9,8000,0,264000
POWERGRID30Jan20190CE.NFO,07/01/2020,09:28:19,6.65,6.55,12000,6.9,4000,0,264000
POWERGRID30Jan20190CE.NFO,07/01/2020,09:28:31,6.65,6.55,8000,6.9,4000,0,264000
POWERGRID30Jan20190CE.NFO,07/01/2020,09:28:43,6.65,6.6,4000,6.9,4000,0,264000
POWERGRID30Jan20190CE.NFO,07/01/2020,09:28:48,6.65,6.6,4000,6.8,4000,0,264000
POWERGRID30Jan20190CE.NFO,07/01/2020,09:28:54,6.65,6.65,8000,6.95,4000,0,264000
POWERGRID30Jan20190CE.NFO,07/01/2020,09:29:00,6.65,6.7,4000,6.95,4000,0,264000
POWERGRID30Jan20190CE.NFO,07/01/2020,09:29:13,6.65,6.75,8000,7,8000,0,264000
POWERGRID30Jan20190CE.NFO,07/01/2020,09:29:18,6.65,6.8,4000,7,8000,0,264000
POWERGRID30Jan20190CE.NFO,07/01/2020,09:29:24,6.65,6.8,4000,7,4000,0,264000
POWERGRID30Jan20190CE.NFO,07/01/2020,09:29:31,6.65,6.8,8000,7,4000,0,264000
POWERGRID30Jan20190CE.NFO,07/01/2020,09:29:43,6.65,6.8,4000,6.95,4000,0,264000
POWERGRID30Jan20190CE.NFO,07/01/2020,09:29:49,6.9,6.7,8000,6.95,4000,4000,268000
POWERGRID30Jan20190CE.NFO,07/01/2020,09:29:49,6.9,6.7,8000,6.95,4000,0,268000
POWERGRID30Jan20190CE.NFO,07/01/2020,09:29:55,6.9,6.75,4000,6.95,4000,0,268000
POWERGRID30Jan20190CE.NFO,07/01/2020,09:30:22,6.9,6.75,8000,7,8000,0,268000
POWERGRID30Jan20190CE.NFO,07/01/2020,09:30:28,6.9,6.75,4000,6.95,4000,0,268000
POWERGRID30Jan20190CE.NFO,07/01/2020,09:31:10,6.9,6.7,4000,6.95,4000,0,268000
POWERGRID30Jan20190CE.NFO,07/01/2020,09:31:28,6.9,6.65,4000,6.9,4000,0,268000
POWERGRID30Jan20190CE.NFO,07/01/2020,09:31:34,6.9,6.65,4000,6.85,4000,0,268000
POWERGRID30Jan20190CE.NFO,07/01/2020,09:31:40,6.9,6.65,4000,6.9,4000,0,268000
POWERGRID30Jan20190CE.NFO,07/01/2020,09:31:56,6.9,6.65,4000,6.85,4000,0,268000
POWERGRID30Jan20190CE.NFO,07/01/2020,09:32:16,6.9,6.65,4000,6.9,4000,0,268000
POWERGRID30Jan20190CE.NFO,07/01/2020,09:32:23,6.9,6.7,4000,6.95,4000,0,268000
POWERGRID30Jan20190CE.NFO,07/01/2020,09:32:48,6.9,6.75,4000,6.95,4000,0,268000
POWERGRID30Jan20190CE.NFO,07/01/2020,09:33:42,6.9,6.6,8000,6.95,4000,0,268000
POWERGRID30Jan20190CE.NFO,07/01/2020,09:33:47,6.9,6.7,8000,6.95,4000,0,268000
POWERGRID30Jan20190CE.NFO,07/01/2020,09:33:52,6.9,6.7,4000,6.95,4000,0,268000
POWERGRID30Jan20190CE.NFO,07/01/2020,09:33:58,6.9,6.55,12000,6.95,4000,0,268000
POWERGRID30Jan20190CE.NFO,07/01/2020,09:34:03,6.9,6.65,8000,6.9,4000,0,268000
POWERGRID30Jan20190CE.NFO,07/01/2020,09:34:09,6.9,6.65,4000,6.9,4000,0,268000
POWERGRID30Jan20190CE.NFO,07/01/2020,09:34:15,6.9,6.45,12000,6.85,4000,0,268000
POWERGRID30Jan20190CE.NFO,07/01/2020,09:34:20,6.9,6.7,4000,6.9,4000,0,268000
POWERGRID30Jan20190CE.NFO,07/01/2020,09:34:33,6.9,6.6,4000,6.8,4000,0,268000
POWERGRID30Jan20190CE.NFO,07/01/2020,09:34:39,6.9,6.4,12000,6.85,4000,0,268000
POWERGRID30Jan20190CE.NFO,07/01/2020,09:35:02,6.9,6.45,12000,6.9,4000,0,268000
POWERGRID30Jan20190CE.NFO,07/01/2020,09:35:07,6.9,6.45,12000,6.8,4000,0,268000
POWERGRID30Jan20190CE.NFO,07/01/2020,09:35:13,6.9,6.6,4000,6.85,4000,0,268000
POWERGRID30Jan20190CE.NFO,07/01/2020,09:35:18,6.9,6.6,4000,6.8,4000,0,268000
POWERGRID30Jan20190CE.NFO,07/01/2020,09:35:24,6.9,6.45,12000,6.85,4000,0,268000
POWERGRID30Jan20190CE.NFO,07/01/2020,09:35:35,6.9,6.6,4000,6.85,4000,0,268000
POWERGRID30Jan20190CE.NFO,07/01/2020,09:35:42,6.9,6.55,4000,6.85,4000,0,268000
POWERGRID30Jan20190CE.NFO,07/01/2020,09:35:50,6.9,6.55,4000,6.8,4000,0,268000
POWERGRID30Jan20190CE.NFO,07/01/2020,09:36:05,6.9,6.55,4000,6.85,4000,0,268000
POWERGRID30Jan20190CE.NFO,07/01/2020,09:36:29,6.9,6.55,4000,6.8,4000,0,268000
POWERGRID30Jan20190CE.NFO,07/01/2020,09:36:40,6.9,6.55,4000,6.85,4000,0,268000
POWERGRID30Jan20190CE.NFO,07/01/2020,09:36:51,6.9,6.55,4000,6.8,4000,0,268000
POWERGRID30Jan20190CE.NFO,07/01/2020,09:37:02,6.9,6.55,4000,6.85,4000,0,268000
POWERGRID30Jan20190CE.NFO,07/01/2020,09:37:33,6.9,6.55,4000,6.8,4000,0,268000
POWERGRID30Jan20190CE.NFO,07/01/2020,09:37:38,6.9,6.55,4000,6.85,4000,0,268000
POWERGRID30Jan20190CE.NFO,07/01/2020,09:37:43,6.9,6.4,8000,6.75,8000,0,268000
POWERGRID30Jan20190CE.NFO,07/01/2020,09:37:48,6.9,6.45,4000,6.7,4000,0,268000
POWERGRID30Jan20190CE.NFO,07/01/2020,09:38:41,6.9,6.45,8000,6.7,4000,0,268000
POWERGRID30Jan20190CE.NFO,07/01/2020,09:39:43,6.9,6.45,4000,6.7,4000,0,268000
POWERGRID30Jan20190CE.NFO,07/01/2020,09:40:11,6.9,6.45,8000,6.7,4000,0,268000
POWERGRID30Jan20190CE.NFO,07/01/2020,09:40:23,6.9,6.45,12000,6.7,4000,0,268000
POWERGRID30Jan20190CE.NFO,07/01/2020,09:41:08,6.9,6.5,20000,6.7,4000,0,268000
POWERGRID30Jan20190CE.NFO,07/01/2020,09:41:13,6.9,6.55,12000,6.8,4000,0,268000
POWERGRID30Jan20190CE.NFO,07/01/2020,09:41:18,6.9,6.8,8000,7,4000,0,268000
POWERGRID30Jan20190CE.NFO,07/01/2020,09:41:23,6.9,6.85,8000,7,4000,0,268000
POWERGRID30Jan20190CE.NFO,07/01/2020,09:41:29,6.9,6.9,4000,7,4000,0,268000
POWERGRID30Jan20190CE.NFO,07/01/2020,09:41:48,6.9,6.8,8000,7,4000,0,268000
POWERGRID30Jan20190CE.NFO,07/01/2020,09:42:51,6.9,6.8,8000,6.95,4000,0,268000
POWERGRID30Jan20190CE.NFO,07/01/2020,09:42:58,6.9,6.8,8000,7,4000,0,268000
POWERGRID30Jan20190CE.NFO,07/01/2020,09:44:07,6.9,6.8,12000,7,4000,0,268000
POWERGRID30Jan20190CE.NFO,07/01/2020,09:45:04,6.9,6.85,4000,7,4000,0,268000
POWERGRID30Jan20190CE.NFO,07/01/2020,09:45:11,6.9,6.85,8000,7,4000,0,268000
POWERGRID30Jan20190CE.NFO,07/01/2020,09:45:18,6.9,6.8,8000,6.95,4000,0,268000
POWERGRID30Jan20190CE.NFO,07/01/2020,09:45:25,6.9,6.75,12000,6.95,4000,0,268000
POWERGRID30Jan20190CE.NFO,07/01/2020,09:45:36,6.9,6.8,8000,6.95,4000,0,268000
POWERGRID30Jan20190CE.NFO,07/01/2020,09:45:42,6.9,6.75,8000,6.95,4000,0,268000
POWERGRID30Jan20190CE.NFO,07/01/2020,09:45:58,6.9,6.7,12000,6.95,4000,0,268000
POWERGRID30Jan20190CE.NFO,07/01/2020,09:46:04,6.9,6.65,12000,6.85,4000,0,268000
POWERGRID30Jan20190CE.NFO,07/01/2020,09:46:25,6.9,6.7,8000,6.9,4000,0,268000
POWERGRID30Jan20190CE.NFO,07/01/2020,09:46:30,6.9,6.6,8000,6.8,4000,0,268000
POWERGRID30Jan20190CE.NFO,07/01/2020,09:46:37,6.9,6.55,8000,6.8,8000,0,268000
POWERGRID30Jan20190CE.NFO,07/01/2020,09:46:43,6.9,6.55,8000,6.8,12000,0,268000
POWERGRID30Jan20190CE.NFO,07/01/2020,09:46:48,6.9,6.55,4000,6.8,12000,0,268000
POWERGRID30Jan20190CE.NFO,07/01/2020,09:46:59,6.9,6.55,8000,6.8,12000,0,268000
POWERGRID30Jan20190CE.NFO,07/01/2020,09:47:04,6.9,6.55,8000,6.75,4000,0,268000
POWERGRID30Jan20190CE.NFO,07/01/2020,09:47:09,6.9,6.55,12000,6.75,4000,0,268000
POWERGRID30Jan20190CE.NFO,07/01/2020,09:47:13,6.9,6.55,8000,6.75,4000,0,268000
POWERGRID30Jan20190CE.NFO,07/01/2020,09:47:28,6.9,6.6,12000,6.75,4000,0,268000
POWERGRID30Jan20190CE.NFO,07/01/2020,09:48:09,6.9,6.6,8000,6.75,4000,0,268000
POWERGRID30Jan20190CE.NFO,07/01/2020,09:48:29,6.9,6.6,4000,6.75,4000,0,268000
POWERGRID30Jan20190CE.NFO,07/01/2020,09:48:41,6.9,6.6,12000,6.75,4000,0,268000
POWERGRID30Jan20190CE.NFO,07/01/2020,09:48:47,6.9,6.6,8000,6.75,4000,0,268000
POWERGRID30Jan20190CE.NFO,07/01/2020,09:49:06,6.9,6.6,12000,6.75,4000,0,268000
POWERGRID30Jan20190CE.NFO,07/01/2020,09:49:12,6.9,6.6,8000,6.75,4000,0,268000
POWERGRID30Jan20190CE.NFO,07/01/2020,09:49:17,6.9,6.6,12000,6.75,4000,0,268000
POWERGRID30Jan20190CE.NFO,07/01/2020,09:49:28,6.9,6.6,8000,6.75,4000,0,268000
POWERGRID30Jan20190CE.NFO,07/01/2020,09:49:34,6.9,6.55,8000,6.7,4000,0,268000
POWERGRID30Jan20190CE.NFO,07/01/2020,09:49:39,6.9,6.55,8000,6.75,4000,0,268000
POWERGRID30Jan20190CE.NFO,07/01/2020,09:49:45,6.9,6.55,8000,6.7,4000,0,268000
POWERGRID30Jan20190CE.NFO,07/01/2020,09:49:50,6.9,6.5,8000,6.7,4000,0,268000
POWERGRID30Jan20190CE.NFO,07/01/2020,09:50:04,6.9,6.5,8000,6.65,4000,0,268000
POWERGRID30Jan20190CE.NFO,07/01/2020,09:50:09,6.9,6.5,4000,6.65,4000,0,268000
POWERGRID30Jan20190CE.NFO,07/01/2020,09:50:15,6.9,6.45,12000,6.65,4000,0,268000
POWERGRID30Jan20190CE.NFO,07/01/2020,09:50:37,6.9,6.45,8000,6.6,4000,0,268000
POWERGRID30Jan20190CE.NFO,07/01/2020,09:51:08,6.9,6.5,8000,6.65,4000,0,268000
POWERGRID30Jan20190CE.NFO,07/01/2020,09:51:53,6.9,6.55,4000,6.65,4000,0,268000
POWERGRID30Jan20190CE.NFO,07/01/2020,09:52:28,6.9,6.45,8000,6.6,4000,0,268000
POWERGRID30Jan20190CE.NFO,07/01/2020,09:52:56,6.9,6.45,8000,6.5,4000,0,268000
POWERGRID30Jan20190CE.NFO,07/01/2020,09:53:07,6.5,6.45,12000,6.6,4000,4000,268000
POWERGRID30Jan20190CE.NFO,07/01/2020,09:53:07,6.5,6.45,12000,6.6,4000,0,268000
POWERGRID30Jan20190CE.NFO,07/01/2020,09:53:14,6.5,6.45,12000,6.6,4000,0,268000
POWERGRID30Jan20190CE.NFO,07/01/2020,09:53:24,6.5,6.5,4000,6.65,4000,0,268000
POWERGRID30Jan20190CE.NFO,07/01/2020,09:53:33,6.5,6.45,12000,6.6,4000,0,268000
POWERGRID30Jan20190CE.NFO,07/01/2020,09:53:39,6.5,6.35,16000,6.55,4000,0,268000
POWERGRID30Jan20190CE.NFO,07/01/2020,09:53:44,6.5,6.3,16000,6.55,8000,0,268000
POWERGRID30Jan20190CE.NFO,07/01/2020,09:53:49,6.5,6.25,16000,6.45,4000,0,268000
POWERGRID30Jan20190CE.NFO,07/01/2020,09:53:54,6.5,6.3,16000,6.5,4000,0,268000
POWERGRID30Jan20190CE.NFO,07/01/2020,09:54:04,6.5,6.3,8000,6.5,4000,0,268000
POWERGRID30Jan20190CE.NFO,07/01/2020,09:54:09,6.5,6.25,16000,6.45,4000,0,268000
POWERGRID30Jan20190CE.NFO,07/01/2020,09:54:15,6.5,6.3,4000,6.45,4000,0,268000
POWERGRID30Jan20190CE.NFO,07/01/2020,09:54:35,6.5,6.35,4000,6.5,4000,0,268000
POWERGRID30Jan20190CE.NFO,07/01/2020,09:54:40,6.5,6.3,16000,6.5,4000,0,268000
POWERGRID30Jan20190CE.NFO,07/01/2020,09:55:12,6.5,6.3,4000,6.4,4000,0,268000
POWERGRID30Jan20190CE.NFO,07/01/2020,09:55:48,6.5,6.3,16000,6.5,4000,0,268000
POWERGRID30Jan20190CE.NFO,07/01/2020,09:55:52,6.5,6.3,12000,6.5,4000,0,268000
POWERGRID30Jan20190CE.NFO,07/01/2020,09:55:56,6.5,6.3,12000,6.45,4000,0,268000
POWERGRID30Jan20190CE.NFO,07/01/2020,09:56:01,6.5,6.3,16000,6.4,4000,0,268000
POWERGRID30Jan20190CE.NFO,07/01/2020,09:56:13,6.5,6.25,12000,6.45,4000,0,268000
POWERGRID30Jan20190CE.NFO,07/01/2020,09:56:20,6.5,6.3,4000,6.45,4000,0,268000
POWERGRID30Jan20190CE.NFO,07/01/2020,09:56:26,6.5,6.25,16000,6.45,4000,0,268000
POWERGRID30Jan20190CE.NFO,07/01/2020,09:56:38,6.5,6.3,4000,6.45,4000,0,268000
POWERGRID30Jan20190CE.NFO,07/01/2020,09:57:14,6.5,6.3,12000,6.5,4000,0,268000
POWERGRID30Jan20190CE.NFO,07/01/2020,09:57:26,6.5,6.25,12000,6.45,4000,0,268000
POWERGRID30Jan20190CE.NFO,07/01/2020,09:57:31,6.5,6.2,16000,6.4,4000,0,268000
POWERGRID30Jan20190CE.NFO,07/01/2020,09:57:37,6.5,6.1,8000,6.3,4000,0,268000
POWERGRID30Jan20190CE.NFO,07/01/2020,09:57:41,6.5,6.1,4000,6.3,4000,0,268000
POWERGRID30Jan20190CE.NFO,07/01/2020,09:57:53,6.5,6.1,8000,6.3,4000,0,268000
POWERGRID30Jan20190CE.NFO,07/01/2020,09:57:58,6.5,6.1,12000,6.35,8000,0,268000
POWERGRID30Jan20190CE.NFO,07/01/2020,09:58:03,6.5,6.1,12000,6.3,4000,0,268000
POWERGRID30Jan20190CE.NFO,07/01/2020,09:58:19,6.5,6.15,16000,6.3,4000,0,268000
POWERGRID30Jan20190CE.NFO,07/01/2020,09:58:24,6.5,6.1,12000,6.3,4000,0,268000
POWERGRID30Jan20190CE.NFO,07/01/2020,09:58:33,6.5,6.15,8000,6.3,4000,0,268000
POWERGRID30Jan20190CE.NFO,07/01/2020,09:58:38,6.5,6.1,12000,6.3,4000,0,268000
POWERGRID30Jan20190CE.NFO,07/01/2020,09:58:47,6.5,6.1,4000,6.3,4000,0,268000
POWERGRID30Jan20190CE.NFO,07/01/2020,09:58:53,6.5,6.1,4000,6.35,4000,0,268000
POWERGRID30Jan20190CE.NFO,07/01/2020,09:58:59,6.5,6.15,4000,6.4,4000,0,268000
POWERGRID30Jan20190CE.NFO,07/01/2020,09:59:05,6.5,6.1,4000,6.3,4000,0,268000
POWERGRID30Jan20190CE.NFO,07/01/2020,09:59:11,6.5,6.1,8000,6.3,4000,0,268000
POWERGRID30Jan20190CE.NFO,07/01/2020,09:59:17,6.5,6,4000,6.1,8000,0,268000
POWERGRID30Jan20190CE.NFO,07/01/2020,09:59:28,6.5,5.95,12000,6.05,8000,0,268000
POWERGRID30Jan20190CE.NFO,07/01/2020,09:59:33,6.5,5.95,12000,6.05,4000,0,268000
POWERGRID30Jan20190CE.NFO,07/01/2020,10:00:12,6.5,5.95,8000,6.05,4000,0,268000
POWERGRID30Jan20190CE.NFO,07/01/2020,10:00:20,6.5,5.95,4000,6.05,4000,0,268000
POWERGRID30Jan20190CE.NFO,07/01/2020,10:00:59,5.95,5.95,12000,6.1,8000,4000,264000
POWERGRID30Jan20190CE.NFO,07/01/2020,10:00:59,5.95,5.95,12000,6.1,8000,0,264000
POWERGRID30Jan20190CE.NFO,07/01/2020,10:01:05,5.95,5.95,4000,6.05,4000,0,264000
POWERGRID30Jan20190CE.NFO,07/01/2020,10:01:11,5.95,5.9,4000,6.15,8000,0,264000
POWERGRID30Jan20190CE.NFO,07/01/2020,10:01:18,5.95,5.95,4000,6.05,4000,0,264000
POWERGRID30Jan20190CE.NFO,07/01/2020,10:01:31,5.95,5.9,12000,6.05,4000,4000,264000
POWERGRID30Jan20190CE.NFO,07/01/2020,10:01:47,5.95,5.9,12000,6.05,4000,0,264000
POWERGRID30Jan20190CE.NFO,07/01/2020,10:02:11,5.95,5.9,16000,6.05,4000,0,264000
POWERGRID30Jan20190CE.NFO,07/01/2020,10:02:41,5.95,5.95,12000,6.1,8000,0,264000
POWERGRID30Jan20190CE.NFO,07/01/2020,10:02:46,5.95,5.95,8000,6.1,8000,0,264000
POWERGRID30Jan20190CE.NFO,07/01/2020,10:02:51,5.95,5.95,12000,6.1,8000,0,264000
POWERGRID30Jan20190CE.NFO,07/01/2020,10:03:19,5.95,5.95,8000,6.15,8000,0,264000
POWERGRID30Jan20190CE.NFO,07/01/2020,10:03:25,5.95,5.95,8000,6.1,8000,0,264000
POWERGRID30Jan20190CE.NFO,07/01/2020,10:03:30,5.95,5.95,12000,6.1,12000,0,264000
POWERGRID30Jan20190CE.NFO,07/01/2020,10:03:57,5.95,5.95,12000,6.1,8000,0,264000
POWERGRID30Jan20190CE.NFO,07/01/2020,10:04:03,5.95,6.05,12000,6.2,12000,0,264000
POWERGRID30Jan20190CE.NFO,07/01/2020,10:04:08,5.95,6.05,12000,6.2,8000,0,264000
POWERGRID30Jan20190CE.NFO,07/01/2020,10:04:23,5.95,6.15,4000,6.3,12000,0,264000
POWERGRID30Jan20190CE.NFO,07/01/2020,10:04:39,5.95,6.05,8000,6.2,4000,0,264000
POWERGRID30Jan20190CE.NFO,07/01/2020,10:04:44,5.95,6.1,4000,6.25,4000,0,264000
POWERGRID30Jan20190CE.NFO,07/01/2020,10:04:49,5.95,6.05,8000,6.2,4000,0,264000
POWERGRID30Jan20190CE.NFO,07/01/2020,10:04:55,5.95,6.05,4000,6.2,4000,0,264000
POWERGRID30Jan20190CE.NFO,07/01/2020,10:05:00,5.95,6.15,4000,6.25,4000,0,264000
POWERGRID30Jan20190CE.NFO,07/01/2020,10:05:06,5.95,6.15,4000,6.35,8000,0,264000
POWERGRID30Jan20190CE.NFO,07/01/2020,10:05:11,5.95,6.15,4000,6.3,4000,0,264000
POWERGRID30Jan20190CE.NFO,07/01/2020,10:05:30,5.95,6.2,12000,6.35,8000,0,264000
POWERGRID30Jan20190CE.NFO,07/01/2020,10:05:37,5.95,6.2,12000,6.35,4000,0,264000
POWERGRID30Jan20190CE.NFO,07/01/2020,10:05:43,5.95,6.2,12000,6.35,8000,0,264000
POWERGRID30Jan20190CE.NFO,07/01/2020,10:05:55,5.95,6.15,4000,6.3,4000,0,264000
POWERGRID30Jan20190CE.NFO,07/01/2020,10:06:00,5.95,6.15,4000,6.35,8000,0,264000
POWERGRID30Jan20190CE.NFO,07/01/2020,10:06:06,5.95,6.15,4000,6.3,8000,0,264000
POWERGRID30Jan20190CE.NFO,07/01/2020,10:06:24,5.95,6.2,4000,6.3,8000,0,264000
POWERGRID30Jan20190CE.NFO,07/01/2020,10:06:40,5.95,6.2,4000,6.35,8000,0,264000
POWERGRID30Jan20190CE.NFO,07/01/2020,10:06:45,5.95,6.2,4000,6.3,4000,0,264000
POWERGRID30Jan20190CE.NFO,07/01/2020,10:06:51,5.95,6.2,4000,6.3,8000,0,264000
POWERGRID30Jan20190CE.NFO,07/01/2020,10:07:00,5.95,6.2,4000,6.3,4000,0,264000
POWERGRID30Jan20190CE.NFO,07/01/2020,10:07:05,5.95,6.2,8000,6.35,8000,0,264000
POWERGRID30Jan20190CE.NFO,07/01/2020,10:07:34,5.95,6.2,12000,6.35,8000,0,264000
POWERGRID30Jan20190CE.NFO,07/01/2020,10:07:47,5.95,6.25,4000,6.35,8000,0,264000
POWERGRID30Jan20190CE.NFO,07/01/2020,10:07:53,5.95,6.2,4000,6.35,8000,0,264000
POWERGRID30Jan20190CE.NFO,07/01/2020,10:07:58,5.95,6.4,8000,6.55,4000,0,264000
POWERGRID30Jan20190CE.NFO,07/01/2020,10:08:18,5.95,6.4,12000,6.55,4000,0,264000
POWERGRID30Jan20190CE.NFO,07/01/2020,10:08:30,5.95,6.45,4000,6.55,4000,0,264000
POWERGRID30Jan20190CE.NFO,07/01/2020,10:08:44,5.95,6.4,8000,6.55,4000,0,264000
POWERGRID30Jan20190CE.NFO,07/01/2020,10:08:49,5.95,6.4,4000,6.55,4000,0,264000
POWERGRID30Jan20190CE.NFO,07/01/2020,10:09:01,5.95,6.35,4000,6.5,4000,0,264000
POWERGRID30Jan20190CE.NFO,07/01/2020,10:09:16,5.95,6.3,4000,6.45,4000,0,264000
POWERGRID30Jan20190CE.NFO,07/01/2020,10:09:22,5.95,6.35,8000,6.5,4000,0,264000
POWERGRID30Jan20190CE.NFO,07/01/2020,10:09:27,5.95,6.35,4000,6.45,4000,0,264000
POWERGRID30Jan20190CE.NFO,07/01/2020,10:10:05,5.95,6.4,4000,6.5,4000,0,264000
POWERGRID30Jan20190CE.NFO,07/01/2020,10:10:12,5.95,6.35,8000,6.5,4000,0,264000
POWERGRID30Jan20190CE.NFO,07/01/2020,10:10:33,5.95,6.4,4000,6.5,4000,0,264000
POWERGRID30Jan20190CE.NFO,07/01/2020,10:11:11,5.95,6.35,4000,6.5,4000,0,264000
POWERGRID30Jan20190CE.NFO,07/01/2020,10:11:17,5.95,6.4,4000,6.5,4000,0,264000
POWERGRID30Jan20190CE.NFO,07/01/2020,10:11:28,5.95,6.45,4000,6.55,4000,0,264000
POWERGRID30Jan20190CE.NFO,07/01/2020,10:11:32,5.95,6.4,4000,6.5,4000,0,264000
POWERGRID30Jan20190CE.NFO,07/01/2020,10:11:38,5.95,6.45,4000,6.55,4000,0,264000
POWERGRID30Jan20190CE.NFO,07/01/2020,10:11:44,5.95,6.4,4000,6.5,4000,0,264000
POWERGRID30Jan20190CE.NFO,07/01/2020,10:12:57,5.95,6.45,12000,6.6,4000,0,264000
POWERGRID30Jan20190CE.NFO,07/01/2020,10:13:14,5.95,6.45,8000,6.55,4000,0,264000
POWERGRID30Jan20190CE.NFO,07/01/2020,10:13:21,5.95,6.45,20000,6.55,4000,0,264000
POWERGRID30Jan20190CE.NFO,07/01/2020,10:13:33,5.95,6.35,12000,6.45,4000,0,264000
POWERGRID30Jan20190CE.NFO,07/01/2020,10:13:39,5.95,6.35,12000,6.5,8000,0,264000
POWERGRID30Jan20190CE.NFO,07/01/2020,10:14:01,5.95,6.4,4000,6.55,8000,0,264000
POWERGRID30Jan20190CE.NFO,07/01/2020,10:14:07,5.95,6.35,12000,6.5,8000,0,264000
POWERGRID30Jan20190CE.NFO,07/01/2020,10:14:17,5.95,6.35,4000,6.45,4000,0,264000
POWERGRID30Jan20190CE.NFO,07/01/2020,10:14:35,5.95,6.35,4000,6.5,8000,0,264000
POWERGRID30Jan20190CE.NFO,07/01/2020,10:14:41,5.95,6.35,12000,6.5,8000,0,264000
POWERGRID30Jan20190CE.NFO,07/01/2020,10:15:14,5.95,6.4,4000,6.55,8000,0,264000
POWERGRID30Jan20190CE.NFO,07/01/2020,10:15:19,5.95,6.35,12000,6.5,8000,0,264000
POWERGRID30Jan20190CE.NFO,07/01/2020,10:15:24,5.95,6.4,4000,6.5,8000,0,264000
POWERGRID30Jan20190CE.NFO,07/01/2020,10:15:35,5.95,6.35,4000,6.5,8000,0,264000
POWERGRID30Jan20190CE.NFO,07/01/2020,10:16:20,5.95,6.35,12000,6.5,8000,0,264000
POWERGRID30Jan20190CE.NFO,07/01/2020,10:16:35,5.95,6.35,12000,6.55,8000,0,264000
POWERGRID30Jan20190CE.NFO,07/01/2020,10:16:49,5.95,6.35,12000,6.5,8000,0,264000
POWERGRID30Jan20190CE.NFO,07/01/2020,10:17:00,5.95,6.35,12000,6.55,8000,0,264000
POWERGRID30Jan20190CE.NFO,07/01/2020,10:17:32,5.95,6.35,8000,6.5,12000,0,264000
POWERGRID30Jan20190CE.NFO,07/01/2020,10:18:02,5.95,6.35,12000,6.55,8000,0,264000
POWERGRID30Jan20190CE.NFO,07/01/2020,10:18:06,5.95,6.45,4000,6.55,8000,0,264000
POWERGRID30Jan20190CE.NFO,07/01/2020,10:18:10,5.95,6.45,4000,6.6,8000,0,264000
POWERGRID30Jan20190CE.NFO,07/01/2020,10:18:14,5.95,6.45,4000,6.55,4000,0,264000
POWERGRID30Jan20190CE.NFO,07/01/2020,10:18:18,5.95,6.45,8000,6.55,4000,0,264000
POWERGRID30Jan20190CE.NFO,07/01/2020,10:18:33,5.95,6.4,12000,6.55,8000,0,264000
POWERGRID30Jan20190CE.NFO,07/01/2020,10:18:43,5.95,6.4,4000,6.5,4000,0,264000
POWERGRID30Jan20190CE.NFO,07/01/2020,10:19:02,5.95,6.4,12000,6.55,8000,0,264000
POWERGRID30Jan20190CE.NFO,07/01/2020,10:19:52,5.95,6.5,8000,6.6,4000,0,264000
POWERGRID30Jan20190CE.NFO,07/01/2020,10:20:08,5.95,6.5,8000,6.65,8000,0,264000
POWERGRID30Jan20190CE.NFO,07/01/2020,10:20:12,5.95,6.5,8000,6.6,8000,0,264000
POWERGRID30Jan20190CE.NFO,07/01/2020,10:20:17,5.95,6.5,8000,6.65,8000,0,264000
POWERGRID30Jan20190CE.NFO,07/01/2020,10:20:22,5.95,6.5,12000,6.65,8000,0,264000
POWERGRID30Jan20190CE.NFO,07/01/2020,10:21:20,5.95,6.55,4000,6.8,8000,0,264000
POWERGRID30Jan20190CE.NFO,07/01/2020,10:21:30,5.95,6.45,4000,6.7,12000,0,264000
POWERGRID30Jan20190CE.NFO,07/01/2020,10:21:35,5.95,6.4,4000,6.6,8000,0,264000
POWERGRID30Jan20190CE.NFO,07/01/2020,10:21:40,5.95,6.35,8000,6.6,8000,0,264000
POWERGRID30Jan20190CE.NFO,07/01/2020,10:21:44,5.95,6.35,8000,6.5,8000,0,264000
POWERGRID30Jan20190CE.NFO,07/01/2020,10:21:48,5.95,6.4,8000,6.6,8000,0,264000
POWERGRID30Jan20190CE.NFO,07/01/2020,10:22:02,5.95,6.45,4000,6.6,8000,0,264000
POWERGRID30Jan20190CE.NFO,07/01/2020,10:22:06,5.95,6.45,4000,6.6,12000,0,264000
POWERGRID30Jan20190CE.NFO,07/01/2020,10:22:11,5.95,6.45,4000,6.55,4000,0,264000
POWERGRID30Jan20190CE.NFO,07/01/2020,10:22:21,5.95,6.45,4000,6.6,8000,0,264000
POWERGRID30Jan20190CE.NFO,07/01/2020,10:22:25,5.95,6.45,12000,6.65,4000,0,264000
POWERGRID30Jan20190CE.NFO,07/01/2020,10:22:29,5.95,6.5,4000,6.65,12000,0,264000
POWERGRID30Jan20190CE.NFO,07/01/2020,10:22:38,5.95,6.5,4000,6.6,4000,0,264000
POWERGRID30Jan20190CE.NFO,07/01/2020,10:22:43,5.95,6.45,8000,6.6,4000,0,264000
POWERGRID30Jan20190CE.NFO,07/01/2020,10:22:50,5.95,6.5,4000,6.65,12000,0,264000
POWERGRID30Jan20190CE.NFO,07/01/2020,10:23:06,5.95,6.5,4000,6.7,4000,0,264000
POWERGRID30Jan20190CE.NFO,07/01/2020,10:23:16,5.95,6.5,4000,6.65,8000,0,264000
POWERGRID30Jan20190CE.NFO,07/01/2020,10:23:30,5.95,6.45,8000,6.6,4000,0,264000
POWERGRID30Jan20190CE.NFO,07/01/2020,10:23:36,5.95,6.45,8000,6.65,8000,0,264000
POWERGRID30Jan20190CE.NFO,07/01/2020,10:23:40,5.95,6.45,4000,6.6,4000,0,264000
POWERGRID30Jan20190CE.NFO,07/01/2020,10:23:50,5.95,6.45,4000,6.65,4000,0,264000
POWERGRID30Jan20190CE.NFO,07/01/2020,10:23:58,5.95,6.45,8000,6.65,4000,0,264000
POWERGRID30Jan20190CE.NFO,07/01/2020,10:24:15,5.95,6.5,4000,6.65,4000,0,264000
POWERGRID30Jan20190CE.NFO,07/01/2020,10:24:47,5.95,6.45,8000,6.65,4000,0,264000
POWERGRID30Jan20190CE.NFO,07/01/2020,10:24:55,5.95,6.5,4000,6.65,4000,0,264000
POWERGRID30Jan20190CE.NFO,07/01/2020,10:25:27,5.95,6.5,4000,6.65,8000,0,264000
POWERGRID30Jan20190CE.NFO,07/01/2020,10:25:36,5.95,6.5,4000,6.6,4000,0,264000
POWERGRID30Jan20190CE.NFO,07/01/2020,10:25:45,5.95,6.5,8000,6.6,4000,0,264000
POWERGRID30Jan20190CE.NFO,07/01/2020,10:25:50,5.95,6.5,4000,6.6,4000,0,264000
POWERGRID30Jan20190CE.NFO,07/01/2020,10:27:35,5.95,6.4,8000,6.55,4000,0,264000
POWERGRID30Jan20190CE.NFO,07/01/2020,10:27:53,5.95,6.4,8000,6.6,8000,0,264000
POWERGRID30Jan20190CE.NFO,07/01/2020,10:29:22,5.95,6.4,8000,6.6,8000,0,256000
POWERGRID30Jan20190CE.NFO,07/01/2020,10:30:03,5.95,6.35,4000,6.6,12000,0,256000
POWERGRID30Jan20190CE.NFO,07/01/2020,10:30:37,5.95,6.4,4000,6.6,12000,0,256000
POWERGRID30Jan20190CE.NFO,07/01/2020,10:31:33,5.95,6.4,4000,6.55,4000,0,256000
POWERGRID30Jan20190CE.NFO,07/01/2020,10:32:30,5.95,6.35,8000,6.55,4000,0,256000
POWERGRID30Jan20190CE.NFO,07/01/2020,10:32:34,6.3,6.3,8000,6.55,4000,12000,256000
POWERGRID30Jan20190CE.NFO,07/01/2020,10:32:39,6.3,6.3,8000,6.55,4000,0,256000
POWERGRID30Jan20190CE.NFO,07/01/2020,10:33:01,6.3,6.3,4000,6.55,4000,0,256000
POWERGRID30Jan20190CE.NFO,07/01/2020,10:33:27,6.3,6.3,8000,6.55,4000,0,256000
POWERGRID30Jan20190CE.NFO,07/01/2020,10:34:14,6.3,6.35,4000,6.55,4000,0,256000
POWERGRID30Jan20190CE.NFO,07/01/2020,10:34:22,6.3,6.45,8000,6.65,4000,0,256000
POWERGRID30Jan20190CE.NFO,07/01/2020,10:34:27,6.3,6.4,8000,6.65,8000,0,256000
POWERGRID30Jan20190CE.NFO,07/01/2020,10:34:53,6.3,6.35,12000,6.6,4000,0,256000
POWERGRID30Jan20190CE.NFO,07/01/2020,10:35:08,6.3,6.35,8000,6.6,4000,0,256000
POWERGRID30Jan20190CE.NFO,07/01/2020,10:35:11,6.3,6.35,12000,6.6,4000,0,256000
POWERGRID30Jan20190CE.NFO,07/01/2020,10:35:15,6.3,6.35,12000,6.55,4000,0,256000
POWERGRID30Jan20190CE.NFO,07/01/2020,10:35:18,6.3,6.35,8000,6.55,4000,0,256000
POWERGRID30Jan20190CE.NFO,07/01/2020,10:35:28,6.3,6.4,8000,6.55,4000,0,256000
POWERGRID30Jan20190CE.NFO,07/01/2020,10:35:42,6.3,6.35,4000,6.55,4000,0,256000
POWERGRID30Jan20190CE.NFO,07/01/2020,10:35:47,6.3,6.35,8000,6.55,4000,0,256000
POWERGRID30Jan20190CE.NFO,07/01/2020,10:36:35,6.3,6.35,12000,6.55,4000,0,256000
POWERGRID30Jan20190CE.NFO,07/01/2020,10:37:02,6.3,6.4,4000,6.6,8000,0,256000
POWERGRID30Jan20190CE.NFO,07/01/2020,10:37:10,6.3,6.4,4000,6.6,4000,0,256000
POWERGRID30Jan20190CE.NFO,07/01/2020,10:37:23,6.3,6.4,8000,6.6,4000,0,256000
POWERGRID30Jan20190CE.NFO,07/01/2020,10:37:27,6.3,6.35,12000,6.6,8000,0,256000
POWERGRID30Jan20190CE.NFO,07/01/2020,10:38:04,6.3,6.35,8000,6.6,8000,0,256000
POWERGRID30Jan20190CE.NFO,07/01/2020,10:38:07,6.3,6.35,8000,6.6,12000,0,256000
POWERGRID30Jan20190CE.NFO,07/01/2020,10:38:10,6.3,6.35,12000,6.6,12000,0,256000
POWERGRID30Jan20190CE.NFO,07/01/2020,10:38:16,6.3,6.35,8000,6.6,12000,0,256000
POWERGRID30Jan20190CE.NFO,07/01/2020,10:38:30,6.3,6.4,8000,6.6,12000,0,256000
POWERGRID30Jan20190CE.NFO,07/01/2020,10:38:53,6.3,6.35,12000,6.6,12000,0,256000
POWERGRID30Jan20190CE.NFO,07/01/2020,10:39:18,6.3,6.35,8000,6.6,12000,0,256000
POWERGRID30Jan20190CE.NFO,07/01/2020,10:39:36,6.3,6.3,12000,6.6,12000,0,256000
POWERGRID30Jan20190CE.NFO,07/01/2020,10:40:04,6.3,6.35,12000,6.6,12000,0,256000
POWERGRID30Jan20190CE.NFO,07/01/2020,10:41:14,6.3,6.4,4000,6.6,12000,0,256000
POWERGRID30Jan20190CE.NFO,07/01/2020,10:41:25,6.3,6.35,12000,6.6,12000,0,256000
POWERGRID30Jan20190CE.NFO,07/01/2020,10:41:32,6.3,6.4,4000,6.6,12000,0,256000
POWERGRID30Jan20190CE.NFO,07/01/2020,10:41:48,6.3,6.4,8000,6.6,12000,0,256000
POWERGRID30Jan20190CE.NFO,07/01/2020,10:42:03,6.3,6.4,4000,6.6,12000,0,256000
POWERGRID30Jan20190CE.NFO,07/01/2020,10:42:44,6.3,6.35,4000,6.6,12000,0,256000
POWERGRID30Jan20190CE.NFO,07/01/2020,10:42:47,6.3,6.25,12000,6.5,8000,0,256000
POWERGRID30Jan20190CE.NFO,07/01/2020,10:43:27,6.3,6.3,8000,6.5,12000,0,256000
POWERGRID30Jan20190CE.NFO,07/01/2020,10:43:46,6.3,6.25,8000,6.5,12000,0,256000
POWERGRID30Jan20190CE.NFO,07/01/2020,10:44:04,6.3,6.35,8000,6.55,4000,0,256000
POWERGRID30Jan20190CE.NFO,07/01/2020,10:44:07,6.3,6.45,8000,6.65,4000,0,256000
POWERGRID30Jan20190CE.NFO,07/01/2020,10:44:20,6.3,6.4,8000,6.6,4000,0,256000
POWERGRID30Jan20190CE.NFO,07/01/2020,10:45:05,6.3,6.45,8000,6.65,4000,0,256000
POWERGRID30Jan20190CE.NFO,07/01/2020,10:47:36,6.3,6.45,12000,6.7,4000,0,256000
POWERGRID30Jan20190CE.NFO,07/01/2020,10:47:40,6.3,6.5,8000,6.7,4000,0,256000
POWERGRID30Jan20190CE.NFO,07/01/2020,10:47:55,6.3,6.55,4000,6.75,4000,0,256000
POWERGRID30Jan20190CE.NFO,07/01/2020,10:48:02,6.3,6.5,8000,6.7,4000,0,256000
POWERGRID30Jan20190CE.NFO,07/01/2020,10:48:11,6.3,6.5,8000,6.75,4000,0,256000
POWERGRID30Jan20190CE.NFO,07/01/2020,10:48:16,6.3,6.5,8000,6.7,4000,0,256000
POWERGRID30Jan20190CE.NFO,07/01/2020,10:50:16,6.3,6.5,12000,6.75,4000,0,256000
POWERGRID30Jan20190CE.NFO,07/01/2020,10:51:16,6.3,6.5,8000,6.7,4000,0,256000
POWERGRID30Jan20190CE.NFO,07/01/2020,10:51:28,6.3,6.55,12000,6.8,4000,0,256000
POWERGRID30Jan20190CE.NFO,07/01/2020,10:51:32,6.3,6.55,4000,6.75,4000,0,256000
POWERGRID30Jan20190CE.NFO,07/01/2020,10:51:39,6.3,6.55,12000,6.75,4000,0,256000
POWERGRID30Jan20190CE.NFO,07/01/2020,10:52:08,6.3,6.55,4000,6.75,4000,0,256000
POWERGRID30Jan20190CE.NFO,07/01/2020,10:52:23,6.3,6.5,4000,6.65,4000,0,256000
POWERGRID30Jan20190CE.NFO,07/01/2020,10:52:28,6.3,6.45,8000,6.65,4000,0,256000
POWERGRID30Jan20190CE.NFO,07/01/2020,10:52:32,6.3,6.45,12000,6.65,4000,0,256000
POWERGRID30Jan20190CE.NFO,07/01/2020,10:52:52,6.3,6.5,8000,6.7,4000,0,256000
POWERGRID30Jan20190CE.NFO,07/01/2020,10:52:57,6.3,6.45,12000,6.65,4000,0,256000
POWERGRID30Jan20190CE.NFO,07/01/2020,10:53:16,6.3,6.4,8000,6.65,12000,0,256000
POWERGRID30Jan20190CE.NFO,07/01/2020,10:53:28,6.3,6.35,4000,6.55,8000,0,256000
POWERGRID30Jan20190CE.NFO,07/01/2020,10:53:39,6.3,6.3,12000,6.55,8000,0,256000
POWERGRID30Jan20190CE.NFO,07/01/2020,10:53:45,6.3,6.35,8000,6.55,8000,0,256000
POWERGRID30Jan20190CE.NFO,07/01/2020,10:54:04,6.3,6.3,8000,6.5,4000,0,256000
POWERGRID30Jan20190CE.NFO,07/01/2020,10:54:15,6.3,6.35,8000,6.55,4000,0,256000
POWERGRID30Jan20190CE.NFO,07/01/2020,10:54:22,6.3,6.35,4000,6.55,4000,0,256000
POWERGRID30Jan20190CE.NFO,07/01/2020,10:54:31,6.3,6.35,8000,6.55,4000,0,256000
POWERGRID30Jan20190CE.NFO,07/01/2020,10:54:36,6.3,6.35,12000,6.6,4000,0,256000
POWERGRID30Jan20190CE.NFO,07/01/2020,10:54:40,6.3,6.35,4000,6.55,4000,0,256000
POWERGRID30Jan20190CE.NFO,07/01/2020,10:54:50,6.3,6.35,8000,6.55,4000,0,256000
POWERGRID30Jan20190CE.NFO,07/01/2020,10:54:55,6.3,6.35,12000,6.6,4000,0,256000
POWERGRID30Jan20190CE.NFO,07/01/2020,10:54:59,6.3,6.3,4000,6.55,12000,0,256000
POWERGRID30Jan20190CE.NFO,07/01/2020,10:55:03,6.3,6.3,8000,6.55,12000,0,256000
POWERGRID30Jan20190CE.NFO,07/01/2020,10:55:08,6.3,6.3,12000,6.55,12000,0,256000
POWERGRID30Jan20190CE.NFO,07/01/2020,10:55:17,6.3,6.3,8000,6.55,12000,0,256000
POWERGRID30Jan20190CE.NFO,07/01/2020,10:55:21,6.3,6.25,12000,6.55,12000,0,256000
POWERGRID30Jan20190CE.NFO,07/01/2020,10:55:31,6.3,6.2,4000,6.4,4000,0,256000
POWERGRID30Jan20190CE.NFO,07/01/2020,10:55:37,6.3,6.2,12000,6.4,4000,0,256000
POWERGRID30Jan20190CE.NFO,07/01/2020,10:55:46,6.3,6.25,4000,6.45,4000,0,256000
POWERGRID30Jan20190CE.NFO,07/01/2020,10:55:50,6.3,6.15,4000,6.4,8000,0,256000
POWERGRID30Jan20190CE.NFO,07/01/2020,10:56:00,6.3,6.15,12000,6.4,8000,0,256000
POWERGRID30Jan20190CE.NFO,07/01/2020,10:56:05,6.3,6.15,4000,6.4,8000,0,256000
POWERGRID30Jan20190CE.NFO,07/01/2020,10:56:10,6.3,6.1,12000,6.3,4000,0,256000
POWERGRID30Jan20190CE.NFO,07/01/2020,10:56:16,6.3,6.15,16000,6.35,4000,0,256000
POWERGRID30Jan20190CE.NFO,07/01/2020,10:56:25,6.3,6.1,16000,6.3,4000,0,256000
POWERGRID30Jan20190CE.NFO,07/01/2020,10:56:34,6.3,6.1,4000,6.25,4000,0,256000
POWERGRID30Jan20190CE.NFO,07/01/2020,10:56:39,6.3,6.1,16000,6.3,4000,0,256000
POWERGRID30Jan20190CE.NFO,07/01/2020,10:56:44,6.3,6.15,8000,6.3,4000,0,256000
POWERGRID30Jan20190CE.NFO,07/01/2020,10:56:49,6.3,6.15,16000,6.35,4000,0,256000
POWERGRID30Jan20190CE.NFO,07/01/2020,10:56:58,6.3,6.15,8000,6.35,4000,0,256000
POWERGRID30Jan20190CE.NFO,07/01/2020,10:57:02,6.3,6.15,16000,6.35,4000,0,256000
POWERGRID30Jan20190CE.NFO,07/01/2020,10:57:18,6.3,6.1,16000,6.3,4000,0,256000
POWERGRID30Jan20190CE.NFO,07/01/2020,10:57:32,6.3,6.15,16000,6.35,4000,0,256000
POWERGRID30Jan20190CE.NFO,07/01/2020,10:57:59,6.3,6.15,8000,6.35,4000,0,256000
POWERGRID30Jan20190CE.NFO,07/01/2020,10:58:03,6.3,6.15,16000,6.35,4000,0,256000
POWERGRID30Jan20190CE.NFO,07/01/2020,10:58:09,6.3,6.15,8000,6.35,4000,0,256000
POWERGRID30Jan20190CE.NFO,07/01/2020,10:58:14,6.3,6.15,16000,6.35,4000,0,256000
POWERGRID30Jan20190CE.NFO,07/01/2020,10:58:19,6.3,6.1,8000,6.3,4000,0,256000
POWERGRID30Jan20190CE.NFO,07/01/2020,10:58:24,6.3,6.05,16000,6.25,4000,0,256000
POWERGRID30Jan20190CE.NFO,07/01/2020,10:58:30,6.3,6,16000,6.2,4000,0,256000
POWERGRID30Jan20190CE.NFO,07/01/2020,10:58:36,6.3,6.05,8000,6.2,4000,0,256000
POWERGRID30Jan20190CE.NFO,07/01/2020,10:58:41,6.3,6.05,4000,6.15,4000,0,256000
POWERGRID30Jan20190CE.NFO,07/01/2020,10:58:46,6.3,6.05,8000,6.2,4000,0,256000
POWERGRID30Jan20190CE.NFO,07/01/2020,10:58:52,6.3,6,16000,6.2,4000,0,256000
POWERGRID30Jan20190CE.NFO,07/01/2020,10:58:58,6.3,6.05,16000,6.2,4000,0,256000
POWERGRID30Jan20190CE.NFO,07/01/2020,10:59:03,6.3,6.05,16000,6.25,4000,0,256000
POWERGRID30Jan20190CE.NFO,07/01/2020,10:59:14,6.3,6.05,8000,6.25,4000,0,256000
POWERGRID30Jan20190CE.NFO,07/01/2020,10:59:19,6.3,6.05,16000,6.25,4000,0,256000
POWERGRID30Jan20190CE.NFO,07/01/2020,10:59:24,6.3,5.95,16000,6.1,8000,0,256000
POWERGRID30Jan20190CE.NFO,07/01/2020,10:59:35,6.3,6,16000,6.15,8000,0,256000
POWERGRID30Jan20190CE.NFO,07/01/2020,10:59:41,6.3,6,8000,6.1,8000,0,256000
POWERGRID30Jan20190CE.NFO,07/01/2020,10:59:46,6.3,6,8000,6.1,4000,0,256000
POWERGRID30Jan20190CE.NFO,07/01/2020,10:59:52,6.3,6,8000,6.1,8000,0,256000
POWERGRID30Jan20190CE.NFO,07/01/2020,10:59:57,6.3,6.05,8000,6.15,8000,0,256000
POWERGRID30Jan20190CE.NFO,07/01/2020,11:00:02,6.3,6.1,4000,6.2,8000,0,256000
POWERGRID30Jan20190CE.NFO,07/01/2020,11:00:08,6.3,6.05,16000,6.2,8000,0,256000
POWERGRID30Jan20190CE.NFO,07/01/2020,11:00:15,6.3,6,8000,6.1,4000,0,256000
POWERGRID30Jan20190CE.NFO,07/01/2020,11:00:28,6.3,6,16000,6.15,8000,0,256000
POWERGRID30Jan20190CE.NFO,07/01/2020,11:00:36,6.3,6.05,8000,6.15,8000,0,256000
POWERGRID30Jan20190CE.NFO,07/01/2020,11:00:49,6.3,6.05,8000,6.15,4000,0,256000
POWERGRID30Jan20190CE.NFO,07/01/2020,11:00:56,6.3,6.05,16000,6.2,8000,0,256000
POWERGRID30Jan20190CE.NFO,07/01/2020,11:01:04,6.3,6.1,8000,6.2,8000,0,256000
POWERGRID30Jan20190CE.NFO,07/01/2020,11:01:12,5.95,5.85,16000,6,12000,24000,248000
POWERGRID30Jan20190CE.NFO,07/01/2020,11:01:19,5.95,5.9,4000,6,8000,0,248000
POWERGRID30Jan20190CE.NFO,07/01/2020,11:01:33,5.95,5.95,8000,6.1,8000,0,248000
POWERGRID30Jan20190CE.NFO,07/01/2020,11:01:41,5.95,6,4000,6.1,8000,0,248000
POWERGRID30Jan20190CE.NFO,07/01/2020,11:01:49,5.95,6,8000,6.1,8000,0,248000
POWERGRID30Jan20190CE.NFO,07/01/2020,11:01:57,5.95,6,8000,6.15,12000,0,248000
POWERGRID30Jan20190CE.NFO,07/01/2020,11:02:18,5.95,6.05,8000,6.15,8000,0,248000
POWERGRID30Jan20190CE.NFO,07/01/2020,11:02:31,5.95,6.05,8000,6.15,4000,0,248000
POWERGRID30Jan20190CE.NFO,07/01/2020,11:02:38,5.95,6.05,8000,6.15,8000,0,248000
POWERGRID30Jan20190CE.NFO,07/01/2020,11:02:44,5.95,6.05,8000,6.15,4000,0,248000
POWERGRID30Jan20190CE.NFO,07/01/2020,11:02:50,5.95,6,8000,6.15,8000,0,248000
POWERGRID30Jan20190CE.NFO,07/01/2020,11:02:57,5.95,6,8000,6.15,12000,0,248000
POWERGRID30Jan20190CE.NFO,07/01/2020,11:03:04,5.95,6,8000,6.1,8000,0,248000
POWERGRID30Jan20190CE.NFO,07/01/2020,11:03:11,5.95,5.9,8000,6,4000,0,248000
POWERGRID30Jan20190CE.NFO,07/01/2020,11:03:42,5.95,5.95,4000,6,4000,0,248000
POWERGRID30Jan20190CE.NFO,07/01/2020,11:03:56,5.95,5.9,8000,6,4000,4000,252000
POWERGRID30Jan20190CE.NFO,07/01/2020,11:04:02,5.95,5.9,12000,6.05,12000,0,252000
POWERGRID30Jan20190CE.NFO,07/01/2020,11:04:10,5.95,5.9,8000,6,4000,0,252000
POWERGRID30Jan20190CE.NFO,07/01/2020,11:04:29,5.95,5.85,8000,5.95,4000,0,252000
POWERGRID30Jan20190CE.NFO,07/01/2020,11:04:35,5.95,5.9,12000,6.05,8000,0,252000
POWERGRID30Jan20190CE.NFO,07/01/2020,11:05:16,5.95,5.9,8000,6,4000,0,252000
POWERGRID30Jan20190CE.NFO,07/01/2020,11:05:36,5.95,5.9,8000,6,8000,0,252000
POWERGRID30Jan20190CE.NFO,07/01/2020,11:05:49,5.95,5.9,8000,6,4000,0,252000
POWERGRID30Jan20190CE.NFO,07/01/2020,11:06:10,5.95,5.9,12000,6.05,12000,0,252000
POWERGRID30Jan20190CE.NFO,07/01/2020,11:06:16,5.95,5.95,8000,6.1,12000,0,252000
POWERGRID30Jan20190CE.NFO,07/01/2020,11:06:50,5.95,5.95,8000,6.05,4000,0,252000
POWERGRID30Jan20190CE.NFO,07/01/2020,11:07:18,5.95,5.95,8000,6.1,12000,0,252000
POWERGRID30Jan20190CE.NFO,07/01/2020,11:07:33,5.95,6,12000,6.15,8000,0,252000
POWERGRID30Jan20190CE.NFO,07/01/2020,11:08:03,5.95,6.05,8000,6.15,4000,0,252000
POWERGRID30Jan20190CE.NFO,07/01/2020,11:08:38,5.95,6.05,12000,6.2,8000,0,252000
POWERGRID30Jan20190CE.NFO,07/01/2020,11:09:51,5.95,6.1,8000,6.2,8000,0,252000
POWERGRID30Jan20190CE.NFO,07/01/2020,11:10:03,5.95,6.05,12000,6.2,8000,0,252000
POWERGRID30Jan20190CE.NFO,07/01/2020,11:11:07,5.95,6.05,8000,6.15,8000,0,252000
POWERGRID30Jan20190CE.NFO,07/01/2020,11:11:19,5.95,6.05,8000,6.2,12000,0,252000
POWERGRID30Jan20190CE.NFO,07/01/2020,11:11:42,5.95,6.05,12000,6.2,4000,0,252000
POWERGRID30Jan20190CE.NFO,07/01/2020,11:12:24,5.95,6.05,8000,6.15,4000,0,252000
POWERGRID30Jan20190CE.NFO,07/01/2020,11:13:02,5.95,6.05,8000,6.2,12000,0,252000
POWERGRID30Jan20190CE.NFO,07/01/2020,11:13:41,5.95,6.1,4000,6.2,8000,0,252000
POWERGRID30Jan20190CE.NFO,07/01/2020,11:13:53,5.95,6.1,8000,6.2,8000,0,252000
POWERGRID30Jan20190CE.NFO,07/01/2020,11:14:03,5.95,6.1,12000,6.25,12000,0,252000
POWERGRID30Jan20190CE.NFO,07/01/2020,11:14:57,5.95,6.1,12000,6.15,4000,0,252000
POWERGRID30Jan20190CE.NFO,07/01/2020,11:15:54,6.1,6.1,4000,6.15,4000,4000,252000
POWERGRID30Jan20190CE.NFO,07/01/2020,11:15:59,6.1,6.1,4000,6.15,4000,0,252000
POWERGRID30Jan20190CE.NFO,07/01/2020,11:16:05,6.15,6.1,12000,6.2,4000,4000,252000
POWERGRID30Jan20190CE.NFO,07/01/2020,11:16:11,6.15,6.1,12000,6.2,4000,0,252000
POWERGRID30Jan20190CE.NFO,07/01/2020,11:16:23,6.15,6.15,12000,6.25,4000,0,252000
POWERGRID30Jan20190CE.NFO,07/01/2020,11:16:39,6.15,6.15,4000,6.25,16000,0,252000
POWERGRID30Jan20190CE.NFO,07/01/2020,11:16:44,6.15,6.1,4000,6.2,12000,0,252000
POWERGRID30Jan20190CE.NFO,07/01/2020,11:16:49,6.15,6.05,12000,6.15,8000,0,252000
POWERGRID30Jan20190CE.NFO,07/01/2020,11:16:55,6.15,6,12000,6.15,12000,0,252000
POWERGRID30Jan20190CE.NFO,07/01/2020,11:17:00,6.15,6,12000,6.1,12000,0,252000
POWERGRID30Jan20190CE.NFO,07/01/2020,11:17:50,6.15,5.95,12000,6.1,16000,0,252000
POWERGRID30Jan20190CE.NFO,07/01/2020,11:17:55,6.15,5.95,12000,6.05,4000,0,252000
POWERGRID30Jan20190CE.NFO,07/01/2020,11:18:18,6.15,5.95,12000,6.1,12000,0,252000
POWERGRID30Jan20190CE.NFO,07/01/2020,11:18:23,6.15,5.95,12000,6.05,4000,0,252000
POWERGRID30Jan20190CE.NFO,07/01/2020,11:18:27,6.15,5.9,16000,6.05,12000,0,252000
POWERGRID30Jan20190CE.NFO,07/01/2020,11:18:32,6.15,5.9,4000,6,12000,0,252000
POWERGRID30Jan20190CE.NFO,07/01/2020,11:18:38,5.9,5.7,12000,5.85,16000,4000,256000
POWERGRID30Jan20190CE.NFO,07/01/2020,11:18:38,5.9,5.7,12000,5.85,16000,0,256000
POWERGRID30Jan20190CE.NFO,07/01/2020,11:18:46,5.9,5.8,8000,5.9,28000,0,256000
POWERGRID30Jan20190CE.NFO,07/01/2020,11:18:52,5.9,5.7,16000,5.85,32000,0,256000
POWERGRID30Jan20190CE.NFO,07/01/2020,11:18:59,5.9,5.7,4000,5.8,32000,0,256000
POWERGRID30Jan20190CE.NFO,07/01/2020,11:19:05,5.9,5.65,12000,5.8,32000,0,256000
POWERGRID30Jan20190CE.NFO,07/01/2020,11:19:10,5.9,5.75,12000,5.9,28000,0,256000
POWERGRID30Jan20190CE.NFO,07/01/2020,11:19:15,5.9,5.8,12000,5.95,24000,0,256000
POWERGRID30Jan20190CE.NFO,07/01/2020,11:19:24,5.9,5.8,12000,5.9,8000,0,256000
POWERGRID30Jan20190CE.NFO,07/01/2020,11:19:32,5.9,5.75,12000,5.85,24000,0,256000
POWERGRID30Jan20190CE.NFO,07/01/2020,11:19:43,5.85,5.75,12000,5.85,24000,4000,256000
POWERGRID30Jan20190CE.NFO,07/01/2020,11:19:43,5.85,5.75,12000,5.85,24000,0,256000
POWERGRID30Jan20190CE.NFO,07/01/2020,11:19:49,5.85,5.8,12000,5.9,20000,0,256000
POWERGRID30Jan20190CE.NFO,07/01/2020,11:19:54,5.85,5.85,12000,5.95,4000,0,256000
POWERGRID30Jan20190CE.NFO,07/01/2020,11:19:58,5.85,5.9,8000,6,20000,0,256000
POWERGRID30Jan20190CE.NFO,07/01/2020,11:20:02,5.85,5.85,16000,5.95,4000,0,256000
POWERGRID30Jan20190CE.NFO,07/01/2020,11:20:07,5.85,5.8,12000,5.95,24000,0,256000
POWERGRID30Jan20190CE.NFO,07/01/2020,11:20:13,5.85,5.8,12000,5.9,20000,0,256000
POWERGRID30Jan20190CE.NFO,07/01/2020,11:20:24,5.85,5.85,12000,5.95,20000,0,256000
POWERGRID30Jan20190CE.NFO,07/01/2020,11:20:29,5.85,5.8,12000,5.9,4000,0,256000
POWERGRID30Jan20190CE.NFO,07/01/2020,11:20:35,5.85,5.8,12000,5.9,20000,0,256000
POWERGRID30Jan20190CE.NFO,07/01/2020,11:20:40,5.85,5.75,12000,5.9,24000,0,256000
POWERGRID30Jan20190CE.NFO,07/01/2020,11:20:46,5.85,5.75,12000,5.85,20000,0,256000
POWERGRID30Jan20190CE.NFO,07/01/2020,11:20:58,5.85,5.8,4000,5.9,24000,0,256000
POWERGRID30Jan20190CE.NFO,07/01/2020,11:21:08,5.85,5.85,12000,5.95,24000,0,256000
POWERGRID30Jan20190CE.NFO,07/01/2020,11:21:31,5.85,5.8,12000,5.9,16000,0,256000
POWERGRID30Jan20190CE.NFO,07/01/2020,11:21:38,5.85,5.8,12000,5.9,20000,0,256000
POWERGRID30Jan20190CE.NFO,07/01/2020,11:22:05,5.85,5.8,12000,5.9,24000,0,256000
POWERGRID30Jan20190CE.NFO,07/01/2020,11:22:13,5.85,5.8,12000,5.9,20000,0,256000
POWERGRID30Jan20190CE.NFO,07/01/2020,11:22:17,5.85,5.8,12000,5.9,24000,0,256000
POWERGRID30Jan20190CE.NFO,07/01/2020,11:22:21,5.85,5.8,12000,5.9,20000,0,256000
POWERGRID30Jan20190CE.NFO,07/01/2020,11:22:30,5.85,5.85,12000,5.95,20000,0,256000
POWERGRID30Jan20190CE.NFO,07/01/2020,11:22:34,5.85,5.8,12000,5.9,20000,0,256000
POWERGRID30Jan20190CE.NFO,07/01/2020,11:24:55,5.85,5.85,4000,5.95,20000,0,256000
POWERGRID30Jan20190CE.NFO,07/01/2020,11:25:14,5.85,5.8,12000,5.9,24000,0,256000
POWERGRID30Jan20190CE.NFO,07/01/2020,11:25:18,5.85,5.9,12000,6,20000,0,256000
POWERGRID30Jan20190CE.NFO,07/01/2020,11:26:07,5.85,5.9,4000,6,16000,0,256000
POWERGRID30Jan20190CE.NFO,07/01/2020,11:26:11,5.85,5.9,12000,6,20000,0,256000
POWERGRID30Jan20190CE.NFO,07/01/2020,11:26:27,5.85,5.9,16000,6,4000,0,256000
POWERGRID30Jan20190CE.NFO,07/01/2020,11:26:31,5.85,5.95,12000,6.1,28000,0,256000
POWERGRID30Jan20190CE.NFO,07/01/2020,11:26:40,5.85,5.95,12000,6.05,24000,0,256000
POWERGRID30Jan20190CE.NFO,07/01/2020,11:26:50,5.85,5.95,12000,6.05,4000,0,256000
POWERGRID30Jan20190CE.NFO,07/01/2020,11:26:57,5.85,5.95,12000,6.1,28000,0,256000
POWERGRID30Jan20190CE.NFO,07/01/2020,11:27:05,5.85,5.95,12000,6.05,8000,0,256000
POWERGRID30Jan20190CE.NFO,07/01/2020,11:27:27,5.85,5.95,16000,6.05,8000,0,256000
POWERGRID30Jan20190CE.NFO,07/01/2020,11:27:30,5.85,5.95,16000,6.05,4000,0,256000
POWERGRID30Jan20190CE.NFO,07/01/2020,11:27:41,5.85,5.95,12000,6.05,4000,0,256000
POWERGRID30Jan20190CE.NFO,07/01/2020,11:27:44,5.85,5.95,12000,6.05,24000,0,256000
POWERGRID30Jan20190CE.NFO,07/01/2020,11:27:54,5.85,5.95,16000,6.05,4000,0,256000
POWERGRID30Jan20190CE.NFO,07/01/2020,11:28:04,5.85,6,16000,6.1,8000,0,256000
POWERGRID30Jan20190CE.NFO,07/01/2020,11:28:19,5.85,5.95,16000,6.05,8000,0,256000
POWERGRID30Jan20190CE.NFO,07/01/2020,11:28:57,5.85,6,8000,6.1,24000,0,256000
POWERGRID30Jan20190CE.NFO,07/01/2020,11:29:01,5.85,6,4000,6.1,24000,0,256000
POWERGRID30Jan20190CE.NFO,07/01/2020,11:29:05,5.85,5.95,12000,6.05,24000,0,256000
POWERGRID30Jan20190CE.NFO,07/01/2020,11:29:10,5.85,5.95,16000,6.05,24000,0,256000
POWERGRID30Jan20190CE.NFO,07/01/2020,11:29:13,5.85,6,12000,6.15,24000,0,256000
POWERGRID30Jan20190CE.NFO,07/01/2020,11:29:27,5.85,6.1,4000,6.2,24000,0,256000
POWERGRID30Jan20190CE.NFO,07/01/2020,11:30:26,6.2,6.1,12000,6.2,12000,24000,256000
POWERGRID30Jan20190CE.NFO,07/01/2020,11:30:30,6.2,6.1,4000,6.2,8000,0,256000
POWERGRID30Jan20190CE.NFO,07/01/2020,11:30:49,6.2,6.1,12000,6.2,12000,0,256000
POWERGRID30Jan20190CE.NFO,07/01/2020,11:30:55,6.2,6.1,4000,6.2,8000,0,256000
POWERGRID30Jan20190CE.NFO,07/01/2020,11:30:58,6.2,6.1,12000,6.2,12000,0,256000
POWERGRID30Jan20190CE.NFO,07/01/2020,11:31:03,6.2,6.1,28000,6.25,12000,0,256000
POWERGRID30Jan20190CE.NFO,07/01/2020,11:31:10,6.2,6.15,12000,6.3,12000,0,256000
POWERGRID30Jan20190CE.NFO,07/01/2020,11:31:34,6.2,6.15,28000,6.3,12000,0,256000
POWERGRID30Jan20190CE.NFO,07/01/2020,11:31:52,6.2,6.2,12000,6.35,8000,0,256000
POWERGRID30Jan20190CE.NFO,07/01/2020,11:32:15,6.2,6.2,12000,6.35,12000,0,256000
POWERGRID30Jan20190CE.NFO,07/01/2020,11:33:00,6.2,6.2,28000,6.35,12000,0,256000
POWERGRID30Jan20190CE.NFO,07/01/2020,11:33:04,6.2,6.25,8000,6.35,8000,0,256000
POWERGRID30Jan20190CE.NFO,07/01/2020,11:33:39,6.2,6.2,28000,6.35,8000,0,256000
POWERGRID30Jan20190CE.NFO,07/01/2020,11:33:47,6.2,6.2,12000,6.35,8000,0,256000
POWERGRID30Jan20190CE.NFO,07/01/2020,11:33:56,6.2,6.2,28000,6.35,8000,0,256000
POWERGRID30Jan20190CE.NFO,07/01/2020,11:34:41,6.2,6.2,12000,6.3,4000,0,256000
POWERGRID30Jan20190CE.NFO,07/01/2020,11:34:48,6.2,6.15,28000,6.3,16000,0,256000
POWERGRID30Jan20190CE.NFO,07/01/2020,11:34:59,6.2,6.15,28000,6.3,12000,0,256000
POWERGRID30Jan20190CE.NFO,07/01/2020,11:35:05,6.2,6.2,12000,6.35,8000,0,256000
POWERGRID30Jan20190CE.NFO,07/01/2020,11:35:18,6.2,6.15,28000,6.3,4000,0,256000
POWERGRID30Jan20190CE.NFO,07/01/2020,11:35:25,6.2,6.25,8000,6.4,12000,0,256000
POWERGRID30Jan20190CE.NFO,07/01/2020,11:35:30,6.2,6.25,4000,6.4,12000,0,256000
POWERGRID30Jan20190CE.NFO,07/01/2020,11:36:13,6.2,6.25,28000,6.4,8000,0,256000
POWERGRID30Jan20190CE.NFO,07/01/2020,11:36:18,6.2,6.25,8000,6.4,8000,0,256000
POWERGRID30Jan20190CE.NFO,07/01/2020,11:36:29,6.2,6.25,8000,6.4,12000,0,256000
POWERGRID30Jan20190CE.NFO,07/01/2020,11:36:50,6.2,6.25,28000,6.4,8000,0,256000
POWERGRID30Jan20190CE.NFO,07/01/2020,11:37:14,6.2,6.25,28000,6.4,4000,0,256000
POWERGRID30Jan20190CE.NFO,07/01/2020,11:37:19,6.2,6.3,8000,6.45,8000,0,256000
POWERGRID30Jan20190CE.NFO,07/01/2020,11:37:27,6.2,6.3,8000,6.45,4000,0,256000
POWERGRID30Jan20190CE.NFO,07/01/2020,11:37:32,6.2,6.3,28000,6.45,8000,0,256000
POWERGRID30Jan20190CE.NFO,07/01/2020,11:37:37,6.2,6.3,8000,6.45,8000,0,256000
POWERGRID30Jan20190CE.NFO,07/01/2020,11:39:18,6.2,6.3,8000,6.4,4000,0,256000
POWERGRID30Jan20190CE.NFO,07/01/2020,11:39:33,6.2,6.3,12000,6.45,12000,0,256000
POWERGRID30Jan20190CE.NFO,07/01/2020,11:39:38,6.2,6.3,12000,6.4,4000,0,256000
POWERGRID30Jan20190CE.NFO,07/01/2020,11:39:56,6.2,6.35,28000,6.5,16000,0,256000
POWERGRID30Jan20190CE.NFO,07/01/2020,11:40:03,6.2,6.35,8000,6.5,12000,0,256000
POWERGRID30Jan20190CE.NFO,07/01/2020,11:40:09,6.2,6.45,28000,6.65,8000,0,256000
POWERGRID30Jan20190CE.NFO,07/01/2020,11:40:14,6.2,6.5,8000,6.65,8000,0,256000
POWERGRID30Jan20190CE.NFO,07/01/2020,11:40:23,6.2,6.45,8000,6.55,4000,0,256000
POWERGRID30Jan20190CE.NFO,07/01/2020,11:40:28,6.2,6.45,12000,6.55,4000,0,256000
POWERGRID30Jan20190CE.NFO,07/01/2020,11:40:32,6.2,6.45,28000,6.55,4000,0,256000
POWERGRID30Jan20190CE.NFO,07/01/2020,11:40:36,6.2,6.45,8000,6.55,4000,0,256000
POWERGRID30Jan20190CE.NFO,07/01/2020,11:40:40,6.2,6.45,12000,6.55,4000,0,256000
POWERGRID30Jan20190CE.NFO,07/01/2020,11:40:47,6.55,6.5,12000,6.65,8000,4000,276000
POWERGRID30Jan20190CE.NFO,07/01/2020,11:40:50,6.55,6.5,12000,6.65,8000,0,276000
POWERGRID30Jan20190CE.NFO,07/01/2020,11:41:40,6.55,6.5,12000,6.65,4000,0,276000
POWERGRID30Jan20190CE.NFO,07/01/2020,11:41:49,6.55,6.5,8000,6.6,4000,0,276000
POWERGRID30Jan20190CE.NFO,07/01/2020,11:41:52,6.55,6.5,28000,6.65,8000,0,276000
POWERGRID30Jan20190CE.NFO,07/01/2020,11:41:59,6.55,6.5,12000,6.65,8000,0,276000
POWERGRID30Jan20190CE.NFO,07/01/2020,11:42:03,6.55,6.5,28000,6.65,8000,0,276000
POWERGRID30Jan20190CE.NFO,07/01/2020,11:42:36,6.55,6.5,12000,6.6,4000,0,276000
POWERGRID30Jan20190CE.NFO,07/01/2020,11:42:43,6.55,6.5,28000,6.65,8000,0,276000
POWERGRID30Jan20190CE.NFO,07/01/2020,11:42:55,6.55,6.45,8000,6.6,12000,0,276000
POWERGRID30Jan20190CE.NFO,07/01/2020,11:42:59,6.55,6.45,8000,6.6,8000,0,276000
POWERGRID30Jan20190CE.NFO,07/01/2020,11:43:02,6.55,6.45,28000,6.6,8000,0,276000
POWERGRID30Jan20190CE.NFO,07/01/2020,11:43:16,6.55,6.35,12000,6.5,8000,0,276000
POWERGRID30Jan20190CE.NFO,07/01/2020,11:43:24,6.55,6.4,4000,6.55,8000,0,276000
POWERGRID30Jan20190CE.NFO,07/01/2020,11:43:32,6.55,6.35,12000,6.55,8000,0,276000
POWERGRID30Jan20190CE.NFO,07/01/2020,11:43:36,6.55,6.4,4000,6.55,8000,0,276000
POWERGRID30Jan20190CE.NFO,07/01/2020,11:44:25,6.55,6.4,8000,6.55,8000,0,276000
POWERGRID30Jan20190CE.NFO,07/01/2020,11:44:34,6.55,6.4,4000,6.55,8000,0,276000
POWERGRID30Jan20190CE.NFO,07/01/2020,11:44:38,6.55,6.4,8000,6.55,8000,0,276000
POWERGRID30Jan20190CE.NFO,07/01/2020,11:45:33,6.55,6.4,12000,6.55,8000,0,276000
POWERGRID30Jan20190CE.NFO,07/01/2020,11:45:38,6.55,6.4,8000,6.55,8000,0,276000
POWERGRID30Jan20190CE.NFO,07/01/2020,11:45:42,6.55,6.35,12000,6.5,8000,0,276000
POWERGRID30Jan20190CE.NFO,07/01/2020,11:45:51,6.55,6.4,4000,6.55,8000,0,276000
POWERGRID30Jan20190CE.NFO,07/01/2020,11:45:55,6.55,6.35,12000,6.5,8000,0,276000
POWERGRID30Jan20190CE.NFO,07/01/2020,11:46:04,6.55,6.35,8000,6.5,4000,0,276000
POWERGRID30Jan20190CE.NFO,07/01/2020,11:46:08,6.55,6.35,4000,6.5,4000,0,276000
POWERGRID30Jan20190CE.NFO,07/01/2020,11:46:36,6.55,6.3,28000,6.45,4000,0,276000
POWERGRID30Jan20190CE.NFO,07/01/2020,11:46:42,6.55,6.3,28000,6.45,8000,0,276000
POWERGRID30Jan20190CE.NFO,07/01/2020,11:46:46,6.55,6.35,4000,6.45,4000,0,276000
POWERGRID30Jan20190CE.NFO,07/01/2020,11:46:50,6.55,6.3,28000,6.45,4000,0,276000
POWERGRID30Jan20190CE.NFO,07/01/2020,11:46:54,6.55,6.35,4000,6.5,4000,0,276000
POWERGRID30Jan20190CE.NFO,07/01/2020,11:47:23,6.55,6.35,8000,6.5,4000,0,276000
POWERGRID30Jan20190CE.NFO,07/01/2020,11:47:59,6.55,6.35,4000,6.5,4000,0,276000
POWERGRID30Jan20190CE.NFO,07/01/2020,11:48:12,6.55,6.35,8000,6.5,4000,0,276000
POWERGRID30Jan20190CE.NFO,07/01/2020,11:48:22,6.55,6.35,8000,6.6,4000,0,276000
POWERGRID30Jan20190CE.NFO,07/01/2020,11:48:26,6.55,6.35,8000,6.5,8000,0,276000
POWERGRID30Jan20190CE.NFO,07/01/2020,11:48:30,6.55,6.35,24000,6.5,8000,0,276000
POWERGRID30Jan20190CE.NFO,07/01/2020,11:48:38,6.55,6.35,8000,6.5,8000,0,276000
POWERGRID30Jan20190CE.NFO,07/01/2020,11:49:10,6.55,6.35,24000,6.5,8000,0,276000
POWERGRID30Jan20190CE.NFO,07/01/2020,11:49:25,6.55,6.35,8000,6.5,8000,0,276000
POWERGRID30Jan20190CE.NFO,07/01/2020,11:50:05,6.55,6.3,8000,6.5,4000,0,276000
POWERGRID30Jan20190CE.NFO,07/01/2020,11:50:20,6.55,6.3,8000,6.55,4000,0,276000
POWERGRID30Jan20190CE.NFO,07/01/2020,11:50:25,6.55,6.3,8000,6.5,4000,0,276000
POWERGRID30Jan20190CE.NFO,07/01/2020,11:50:30,6.55,6.3,8000,6.55,4000,0,276000
POWERGRID30Jan20190CE.NFO,07/01/2020,11:50:40,6.55,6.35,4000,6.5,4000,0,276000
POWERGRID30Jan20190CE.NFO,07/01/2020,11:50:47,6.55,6.3,8000,6.55,4000,0,276000
POWERGRID30Jan20190CE.NFO,07/01/2020,11:50:50,6.55,6.3,8000,6.5,4000,0,276000
POWERGRID30Jan20190CE.NFO,07/01/2020,11:50:53,6.55,6.3,8000,6.55,4000,0,276000
POWERGRID30Jan20190CE.NFO,07/01/2020,11:51:04,6.55,6.25,24000,6.45,4000,0,276000
POWERGRID30Jan20190CE.NFO,07/01/2020,11:51:09,6.55,6.25,24000,6.55,4000,0,276000
POWERGRID30Jan20190CE.NFO,07/01/2020,11:51:19,6.55,6.25,24000,6.45,4000,0,276000
POWERGRID30Jan20190CE.NFO,07/01/2020,11:51:24,6.55,6.25,24000,6.55,4000,0,276000
POWERGRID30Jan20190CE.NFO,07/01/2020,11:51:28,6.55,6.25,24000,6.4,4000,0,276000
POWERGRID30Jan20190CE.NFO,07/01/2020,11:51:34,6.55,6.35,4000,6.5,8000,0,276000
POWERGRID30Jan20190CE.NFO,07/01/2020,11:51:39,6.55,6.3,24000,6.5,8000,0,276000
POWERGRID30Jan20190CE.NFO,07/01/2020,11:51:48,6.55,6.3,8000,6.5,8000,0,276000
POWERGRID30Jan20190CE.NFO,07/01/2020,11:51:52,6.55,6.3,8000,6.45,4000,0,276000
POWERGRID30Jan20190CE.NFO,07/01/2020,11:52:01,6.55,6.3,12000,6.5,8000,0,276000
POWERGRID30Jan20190CE.NFO,07/01/2020,11:52:45,6.55,6.35,4000,6.5,8000,0,276000
POWERGRID30Jan20190CE.NFO,07/01/2020,11:52:53,6.55,6.35,8000,6.5,8000,0,276000
POWERGRID30Jan20190CE.NFO,07/01/2020,11:54:07,6.55,6.35,24000,6.5,8000,0,276000
POWERGRID30Jan20190CE.NFO,07/01/2020,11:54:33,6.55,6.35,8000,6.5,8000,0,276000
POWERGRID30Jan20190CE.NFO,07/01/2020,11:55:10,6.55,6.35,8000,6.5,4000,0,276000
POWERGRID30Jan20190CE.NFO,07/01/2020,11:55:42,6.55,6.35,8000,6.5,8000,0,276000
POWERGRID30Jan20190CE.NFO,07/01/2020,11:55:49,6.5,6.5,28000,6.7,4000,4000,272000
POWERGRID30Jan20190CE.NFO,07/01/2020,11:55:52,6.5,6.45,8000,6.6,4000,0,272000
POWERGRID30Jan20190CE.NFO,07/01/2020,11:55:56,6.5,6.5,8000,6.6,4000,0,272000
POWERGRID30Jan20190CE.NFO,07/01/2020,11:55:59,6.5,6.45,24000,6.6,4000,0,272000
POWERGRID30Jan20190CE.NFO,07/01/2020,11:56:03,6.5,6.55,8000,6.7,4000,0,272000
POWERGRID30Jan20190CE.NFO,07/01/2020,11:56:08,6.5,6.6,4000,6.7,4000,0,272000
POWERGRID30Jan20190CE.NFO,07/01/2020,11:56:23,6.5,6.65,8000,6.75,8000,0,272000
POWERGRID30Jan20190CE.NFO,07/01/2020,11:56:28,6.5,6.6,24000,6.7,4000,0,272000
POWERGRID30Jan20190CE.NFO,07/01/2020,11:56:31,6.5,6.6,4000,6.7,8000,0,272000
POWERGRID30Jan20190CE.NFO,07/01/2020,11:56:41,6.5,6.6,16000,6.75,8000,0,272000
POWERGRID30Jan20190CE.NFO,07/01/2020,11:56:50,6.5,6.6,4000,6.7,8000,0,272000
POWERGRID30Jan20190CE.NFO,07/01/2020,11:56:54,6.5,6.6,12000,6.75,8000,0,272000
POWERGRID30Jan20190CE.NFO,07/01/2020,11:57:07,6.5,6.6,4000,6.7,4000,0,272000
POWERGRID30Jan20190CE.NFO,07/01/2020,11:57:18,6.5,6.6,12000,6.75,8000,0,272000
POWERGRID30Jan20190CE.NFO,07/01/2020,11:57:26,6.5,6.6,4000,6.7,8000,0,272000
POWERGRID30Jan20190CE.NFO,07/01/2020,11:57:30,6.5,6.55,4000,6.7,8000,0,272000
POWERGRID30Jan20190CE.NFO,07/01/2020,11:57:34,6.5,6.5,4000,6.65,8000,0,272000
POWERGRID30Jan20190CE.NFO,07/01/2020,11:57:39,6.5,6.5,12000,6.65,8000,0,272000
POWERGRID30Jan20190CE.NFO,07/01/2020,11:57:44,6.5,6.45,16000,6.6,12000,0,272000
POWERGRID30Jan20190CE.NFO,07/01/2020,11:57:49,6.5,6.45,4000,6.55,4000,0,272000
POWERGRID30Jan20190CE.NFO,07/01/2020,11:58:04,6.5,6.5,4000,6.65,8000,0,272000
POWERGRID30Jan20190CE.NFO,07/01/2020,11:58:20,6.5,6.5,4000,6.6,4000,0,272000
POWERGRID30Jan20190CE.NFO,07/01/2020,11:58:27,6.5,6.55,4000,6.65,4000,0,272000
POWERGRID30Jan20190CE.NFO,07/01/2020,11:58:31,6.5,6.55,8000,6.65,4000,0,272000
POWERGRID30Jan20190CE.NFO,07/01/2020,11:58:35,6.5,6.55,24000,6.7,8000,0,272000
POWERGRID30Jan20190CE.NFO,07/01/2020,11:58:47,6.5,6.55,8000,6.65,4000,0,272000
POWERGRID30Jan20190CE.NFO,07/01/2020,11:58:51,6.5,6.55,24000,6.7,8000,0,272000
POWERGRID30Jan20190CE.NFO,07/01/2020,11:59:05,6.5,6.6,8000,6.7,4000,0,272000
POWERGRID30Jan20190CE.NFO,07/01/2020,11:59:18,6.5,6.55,24000,6.7,8000,0,272000
POWERGRID30Jan20190CE.NFO,07/01/2020,11:59:22,6.5,6.55,12000,6.7,8000,0,272000
POWERGRID30Jan20190CE.NFO,07/01/2020,11:59:34,6.5,6.45,20000,6.55,4000,0,272000
POWERGRID30Jan20190CE.NFO,07/01/2020,11:59:46,6.5,6.5,40000,6.6,8000,0,272000
POWERGRID30Jan20190CE.NFO,07/01/2020,11:59:50,6.5,6.5,36000,6.55,8000,4000,272000
POWERGRID30Jan20190CE.NFO,07/01/2020,11:59:55,6.5,6.5,36000,6.55,8000,0,272000
POWERGRID30Jan20190CE.NFO,07/01/2020,11:59:58,6.5,6.55,8000,6.75,8000,0,272000
POWERGRID30Jan20190CE.NFO,07/01/2020,12:00:02,6.5,6.55,8000,6.7,8000,0,272000
POWERGRID30Jan20190CE.NFO,07/01/2020,12:00:06,6.5,6.55,4000,6.7,4000,0,272000
POWERGRID30Jan20190CE.NFO,07/01/2020,12:00:10,6.5,6.55,12000,6.7,4000,0,272000
POWERGRID30Jan20190CE.NFO,07/01/2020,12:00:13,6.5,6.6,12000,6.75,8000,0,272000
POWERGRID30Jan20190CE.NFO,07/01/2020,12:00:17,6.5,6.75,16000,6.95,4000,0,272000
POWERGRID30Jan20190CE.NFO,07/01/2020,12:00:42,6.5,6.75,8000,6.95,4000,0,272000
POWERGRID30Jan20190CE.NFO,07/01/2020,12:01:18,6.5,6.75,4000,6.9,4000,0,272000
POWERGRID30Jan20190CE.NFO,07/01/2020,12:01:21,6.5,6.7,8000,6.9,8000,0,272000
POWERGRID30Jan20190CE.NFO,07/01/2020,12:01:24,6.5,6.75,4000,6.9,8000,0,272000
POWERGRID30Jan20190CE.NFO,07/01/2020,12:01:32,6.75,6.6,4000,6.85,4000,4000,272000
POWERGRID30Jan20190CE.NFO,07/01/2020,12:01:36,6.75,6.65,4000,6.85,4000,0,272000
POWERGRID30Jan20190CE.NFO,07/01/2020,12:01:39,6.75,6.45,4000,6.85,4000,0,272000
POWERGRID30Jan20190CE.NFO,07/01/2020,12:01:45,6.75,6.7,4000,6.85,4000,0,272000
POWERGRID30Jan20190CE.NFO,07/01/2020,12:01:48,6.75,6.65,4000,6.85,4000,0,272000
POWERGRID30Jan20190CE.NFO,07/01/2020,12:01:54,6.75,6.55,4000,6.9,4000,0,272000
POWERGRID30Jan20190CE.NFO,07/01/2020,12:01:56,6.75,6.7,4000,6.85,8000,0,272000
POWERGRID30Jan20190CE.NFO,07/01/2020,12:02:02,6.75,6.55,4000,6.9,4000,0,272000
POWERGRID30Jan20190CE.NFO,07/01/2020,12:02:05,6.75,6.45,4000,6.85,4000,0,272000
POWERGRID30Jan20190CE.NFO,07/01/2020,12:02:08,6.75,6.55,8000,6.85,8000,0,272000
POWERGRID30Jan20190CE.NFO,07/01/2020,12:02:11,6.75,6.55,8000,6.9,4000,0,272000
POWERGRID30Jan20190CE.NFO,07/01/2020,12:02:14,6.75,6.6,4000,6.85,4000,0,272000
POWERGRID30Jan20190CE.NFO,07/01/2020,12:02:17,6.75,6.45,4000,6.85,4000,0,272000
POWERGRID30Jan20190CE.NFO,07/01/2020,12:02:19,6.75,6.65,4000,6.85,4000,0,272000
POWERGRID30Jan20190CE.NFO,07/01/2020,12:02:23,6.75,6.4,8000,6.85,8000,0,272000
POWERGRID30Jan20190CE.NFO,07/01/2020,12:02:42,6.75,6.5,8000,6.85,8000,0,272000
POWERGRID30Jan20190CE.NFO,07/01/2020,12:02:49,6.75,6.6,4000,6.85,8000,0,272000
POWERGRID30Jan20190CE.NFO,07/01/2020,12:02:55,6.75,6.5,4000,6.85,8000,0,272000
POWERGRID30Jan20190CE.NFO,07/01/2020,12:02:59,6.75,6.5,8000,6.85,8000,0,272000
POWERGRID30Jan20190CE.NFO,07/01/2020,12:03:04,6.75,6.5,4000,6.85,8000,0,272000
POWERGRID30Jan20190CE.NFO,07/01/2020,12:03:10,6.75,6.4,4000,6.85,8000,0,272000
POWERGRID30Jan20190CE.NFO,07/01/2020,12:03:22,6.75,6.5,4000,6.85,8000,0,272000
POWERGRID30Jan20190CE.NFO,07/01/2020,12:03:27,6.75,6.4,4000,6.85,8000,0,272000
POWERGRID30Jan20190CE.NFO,07/01/2020,12:03:33,6.75,6.55,4000,6.85,8000,0,272000
POWERGRID30Jan20190CE.NFO,07/01/2020,12:03:38,6.75,6.5,4000,6.85,8000,0,272000
POWERGRID30Jan20190CE.NFO,07/01/2020,12:03:42,6.75,6.65,4000,6.85,4000,0,272000
POWERGRID30Jan20190CE.NFO,07/01/2020,12:03:46,6.75,6.6,4000,6.85,4000,0,272000
POWERGRID30Jan20190CE.NFO,07/01/2020,12:03:50,6.75,6.5,4000,6.85,4000,0,272000
POWERGRID30Jan20190CE.NFO,07/01/2020,12:03:53,6.75,6.6,4000,6.85,4000,0,272000
POWERGRID30Jan20190CE.NFO,07/01/2020,12:04:00,6.75,6.5,4000,6.85,4000,0,272000
POWERGRID30Jan20190CE.NFO,07/01/2020,12:04:03,6.75,6.6,4000,6.85,4000,0,272000
POWERGRID30Jan20190CE.NFO,07/01/2020,12:04:07,6.75,6.55,4000,6.85,4000,0,272000
POWERGRID30Jan20190CE.NFO,07/01/2020,12:04:10,6.75,6.6,4000,6.85,4000,0,272000
POWERGRID30Jan20190CE.NFO,07/01/2020,12:04:13,6.75,6.55,4000,6.85,4000,0,272000
POWERGRID30Jan20190CE.NFO,07/01/2020,12:04:16,6.75,6.4,4000,6.85,4000,0,272000
POWERGRID30Jan20190CE.NFO,07/01/2020,12:04:23,6.75,6.4,8000,6.85,4000,0,272000
POWERGRID30Jan20190CE.NFO,07/01/2020,12:04:26,6.75,6.55,4000,6.85,4000,0,272000
POWERGRID30Jan20190CE.NFO,07/01/2020,12:04:33,6.75,6.5,8000,6.85,4000,0,272000
POWERGRID30Jan20190CE.NFO,07/01/2020,12:04:46,6.75,6.6,4000,6.85,4000,0,272000
POWERGRID30Jan20190CE.NFO,07/01/2020,12:04:48,6.75,6.4,4000,6.85,4000,0,272000
POWERGRID30Jan20190CE.NFO,07/01/2020,12:04:50,6.75,6.55,4000,6.85,4000,0,272000
POWERGRID30Jan20190CE.NFO,07/01/2020,12:04:53,6.75,6.5,8000,6.85,4000,0,272000
POWERGRID30Jan20190CE.NFO,07/01/2020,12:04:59,6.75,6.4,4000,6.85,4000,0,272000
POWERGRID30Jan20190CE.NFO,07/01/2020,12:05:02,6.75,6.4,8000,6.85,4000,0,272000
POWERGRID30Jan20190CE.NFO,07/01/2020,12:05:11,6.75,6.55,4000,6.85,4000,0,272000
POWERGRID30Jan20190CE.NFO,07/01/2020,12:05:17,6.75,6.5,4000,6.8,4000,0,272000
POWERGRID30Jan20190CE.NFO,07/01/2020,12:05:21,6.75,6.55,4000,6.8,4000,0,272000
POWERGRID30Jan20190CE.NFO,07/01/2020,12:05:25,6.75,6.65,4000,6.8,4000,0,272000
POWERGRID30Jan20190CE.NFO,07/01/2020,12:05:28,6.75,6.4,8000,6.8,4000,0,272000
POWERGRID30Jan20190CE.NFO,07/01/2020,12:05:33,6.75,6.5,8000,6.8,4000,0,272000
POWERGRID30Jan20190CE.NFO,07/01/2020,12:05:36,6.75,6.55,4000,6.8,4000,0,272000
POWERGRID30Jan20190CE.NFO,07/01/2020,12:05:39,6.75,6.35,8000,6.8,8000,0,272000
POWERGRID30Jan20190CE.NFO,07/01/2020,12:06:59,6.75,6.55,4000,6.8,8000,0,272000
POWERGRID30Jan20190CE.NFO,07/01/2020,12:07:02,6.75,6.6,4000,6.8,8000,0,272000
POWERGRID30Jan20190CE.NFO,07/01/2020,12:07:13,6.75,6.5,4000,6.8,8000,0,272000
POWERGRID30Jan20190CE.NFO,07/01/2020,12:07:18,6.75,6.5,8000,6.8,8000,0,272000
POWERGRID30Jan20190CE.NFO,07/01/2020,12:07:23,6.75,6.55,4000,6.8,8000,0,272000
POWERGRID30Jan20190CE.NFO,07/01/2020,12:07:26,6.75,6.55,8000,6.8,8000,0,272000
POWERGRID30Jan20190CE.NFO,07/01/2020,12:07:28,6.75,6.6,8000,6.8,8000,0,272000
POWERGRID30Jan20190CE.NFO,07/01/2020,12:08:03,6.75,6.65,8000,6.8,4000,0,272000
POWERGRID30Jan20190CE.NFO,07/01/2020,12:08:09,6.75,6.7,4000,6.8,4000,0,272000
POWERGRID30Jan20190CE.NFO,07/01/2020,12:08:13,6.75,6.65,8000,6.8,4000,0,272000
POWERGRID30Jan20190CE.NFO,07/01/2020,12:08:57,6.75,6.7,4000,6.8,4000,0,272000
POWERGRID30Jan20190CE.NFO,07/01/2020,12:09:04,6.75,6.65,8000,6.8,4000,0,272000
POWERGRID30Jan20190CE.NFO,07/01/2020,12:09:24,6.75,6.65,8000,6.8,8000,0,272000
POWERGRID30Jan20190CE.NFO,07/01/2020,12:09:46,6.75,6.65,4000,6.8,8000,0,272000
POWERGRID30Jan20190CE.NFO,07/01/2020,12:10:20,6.75,6.65,12000,6.8,8000,0,272000
POWERGRID30Jan20190CE.NFO,07/01/2020,12:10:43,6.75,6.65,16000,6.8,8000,0,272000
POWERGRID30Jan20190CE.NFO,07/01/2020,12:10:48,6.75,6.8,4000,6.95,4000,0,272000
POWERGRID30Jan20190CE.NFO,07/01/2020,12:11:05,6.75,6.8,8000,6.95,4000,0,272000
POWERGRID30Jan20190CE.NFO,07/01/2020,12:11:07,6.75,6.75,16000,6.95,4000,0,272000
POWERGRID30Jan20190CE.NFO,07/01/2020,12:11:11,6.75,6.8,8000,6.95,4000,0,272000
POWERGRID30Jan20190CE.NFO,07/01/2020,12:11:24,6.75,6.8,4000,6.95,4000,0,272000
POWERGRID30Jan20190CE.NFO,07/01/2020,12:11:28,6.75,6.75,16000,6.95,4000,0,272000
POWERGRID30Jan20190CE.NFO,07/01/2020,12:11:38,6.75,6.8,4000,6.95,4000,0,272000
POWERGRID30Jan20190CE.NFO,07/01/2020,12:11:46,6.75,6.75,16000,6.9,4000,0,272000
POWERGRID30Jan20190CE.NFO,07/01/2020,12:11:49,6.75,6.75,16000,6.9,8000,0,272000
POWERGRID30Jan20190CE.NFO,07/01/2020,12:12:00,6.75,6.75,16000,6.9,4000,0,272000
POWERGRID30Jan20190CE.NFO,07/01/2020,12:12:08,6.75,6.75,16000,6.85,4000,0,272000
POWERGRID30Jan20190CE.NFO,07/01/2020,12:12:11,6.75,6.75,16000,6.9,4000,0,272000
POWERGRID30Jan20190CE.NFO,07/01/2020,12:12:25,6.75,6.75,16000,6.85,4000,0,272000
POWERGRID30Jan20190CE.NFO,07/01/2020,12:12:28,6.75,6.75,16000,6.9,4000,0,272000
POWERGRID30Jan20190CE.NFO,07/01/2020,12:12:34,6.75,6.75,16000,6.85,4000,0,272000
POWERGRID30Jan20190CE.NFO,07/01/2020,12:12:37,6.75,6.75,16000,6.9,4000,0,272000
POWERGRID30Jan20190CE.NFO,07/01/2020,12:12:43,6.75,6.75,16000,6.85,4000,0,272000
POWERGRID30Jan20190CE.NFO,07/01/2020,12:12:47,6.75,6.75,16000,6.9,4000,0,272000
POWERGRID30Jan20190CE.NFO,07/01/2020,12:12:51,6.75,6.75,16000,6.9,8000,0,272000
POWERGRID30Jan20190CE.NFO,07/01/2020,12:12:54,6.75,6.75,16000,6.85,4000,0,272000
POWERGRID30Jan20190CE.NFO,07/01/2020,12:13:01,6.75,6.75,16000,6.9,8000,0,272000
POWERGRID30Jan20190CE.NFO,07/01/2020,12:13:04,6.75,6.8,4000,6.9,8000,0,272000
POWERGRID30Jan20190CE.NFO,07/01/2020,12:13:15,6.75,6.8,24000,6.95,4000,0,272000
POWERGRID30Jan20190CE.NFO,07/01/2020,12:13:23,6.75,6.8,4000,6.95,4000,0,272000
POWERGRID30Jan20190CE.NFO,07/01/2020,12:15:18,6.75,6.75,24000,6.95,4000,0,272000
POWERGRID30Jan20190CE.NFO,07/01/2020,12:15:23,6.75,6.8,4000,6.95,4000,0,272000
POWERGRID30Jan20190CE.NFO,07/01/2020,12:16:55,6.75,6.9,4000,7,4000,0,272000
POWERGRID30Jan20190CE.NFO,07/01/2020,12:16:58,6.75,6.9,24000,7,4000,0,272000
POWERGRID30Jan20190CE.NFO,07/01/2020,12:17:35,6.75,6.9,20000,7,4000,0,272000
POWERGRID30Jan20190CE.NFO,07/01/2020,12:17:45,6.75,6.9,4000,7,4000,0,272000
POWERGRID30Jan20190CE.NFO,07/01/2020,12:17:57,6.75,6.9,8000,7,4000,0,272000
POWERGRID30Jan20190CE.NFO,07/01/2020,12:19:19,6.75,6.85,8000,7,8000,0,272000
POWERGRID30Jan20190CE.NFO,07/01/2020,12:19:51,6.75,6.85,4000,7,8000,0,272000
POWERGRID30Jan20190CE.NFO,07/01/2020,12:20:10,6.75,6.85,4000,6.95,4000,0,272000
POWERGRID30Jan20190CE.NFO,07/01/2020,12:20:35,6.75,6.8,24000,7,8000,0,272000
POWERGRID30Jan20190CE.NFO,07/01/2020,12:20:46,6.75,6.85,4000,7,8000,0,272000
POWERGRID30Jan20190CE.NFO,07/01/2020,12:21:15,6.75,6.8,4000,6.95,4000,0,272000
POWERGRID30Jan20190CE.NFO,07/01/2020,12:21:18,6.75,6.75,8000,6.9,8000,0,272000
POWERGRID30Jan20190CE.NFO,07/01/2020,12:21:39,6.75,6.75,8000,6.9,4000,0,272000
POWERGRID30Jan20190CE.NFO,07/01/2020,12:22:15,6.75,6.7,8000,6.9,8000,0,272000
POWERGRID30Jan20190CE.NFO,07/01/2020,12:22:23,6.75,6.7,8000,6.9,4000,0,272000
POWERGRID30Jan20190CE.NFO,07/01/2020,12:22:26,6.75,6.75,8000,6.9,4000,0,272000
POWERGRID30Jan20190CE.NFO,07/01/2020,12:22:38,6.75,6.75,8000,6.85,4000,0,272000
POWERGRID30Jan20190CE.NFO,07/01/2020,12:22:40,6.75,6.75,8000,6.9,4000,0,272000
POWERGRID30Jan20190CE.NFO,07/01/2020,12:22:47,6.75,6.75,8000,6.95,8000,0,272000
POWERGRID30Jan20190CE.NFO,07/01/2020,12:24:50,6.75,6.7,4000,6.85,4000,0,272000
POWERGRID30Jan20190CE.NFO,07/01/2020,12:25:01,6.75,6.75,8000,6.95,4000,0,272000
POWERGRID30Jan20190CE.NFO,07/01/2020,12:25:19,6.75,6.8,8000,6.95,4000,0,272000
POWERGRID30Jan20190CE.NFO,07/01/2020,12:25:28,6.75,6.75,8000,6.95,4000,0,272000
POWERGRID30Jan20190CE.NFO,07/01/2020,12:26:38,6.75,6.75,8000,6.95,8000,0,272000
POWERGRID30Jan20190CE.NFO,07/01/2020,12:27:04,6.75,6.8,4000,6.95,8000,0,272000
POWERGRID30Jan20190CE.NFO,07/01/2020,12:28:21,6.75,6.75,8000,6.95,8000,0,272000
POWERGRID30Jan20190CE.NFO,07/01/2020,12:29:23,6.7,6.6,4000,6.95,8000,4000,272000
POWERGRID30Jan20190CE.NFO,07/01/2020,12:29:29,6.7,6.6,4000,6.95,8000,0,272000
POWERGRID30Jan20190CE.NFO,07/01/2020,12:30:37,6.7,6.6,4000,6.9,4000,0,272000
POWERGRID30Jan20190CE.NFO,07/01/2020,12:30:41,6.7,6.6,4000,6.85,4000,0,272000
POWERGRID30Jan20190CE.NFO,07/01/2020,12:31:11,6.7,6.6,8000,6.95,4000,0,272000
POWERGRID30Jan20190CE.NFO,07/01/2020,12:32:18,6.7,6.6,8000,6.85,4000,0,272000
POWERGRID30Jan20190CE.NFO,07/01/2020,12:32:22,6.7,6.6,8000,6.9,8000,0,272000
POWERGRID30Jan20190CE.NFO,07/01/2020,12:32:35,6.7,6.65,4000,6.9,8000,0,272000
POWERGRID30Jan20190CE.NFO,07/01/2020,12:32:41,6.7,6.6,8000,6.9,8000,0,272000
POWERGRID30Jan20190CE.NFO,07/01/2020,12:32:51,6.7,6.7,4000,6.95,4000,0,272000
POWERGRID30Jan20190CE.NFO,07/01/2020,12:33:09,6.7,6.75,4000,6.95,4000,0,272000
POWERGRID30Jan20190CE.NFO,07/01/2020,12:35:05,6.7,6.7,8000,6.95,4000,0,272000
POWERGRID30Jan20190CE.NFO,07/01/2020,12:35:11,6.7,6.7,4000,6.95,4000,0,272000
POWERGRID30Jan20190CE.NFO,07/01/2020,12:35:15,6.7,6.7,8000,6.9,4000,0,272000
POWERGRID30Jan20190CE.NFO,07/01/2020,12:35:21,6.7,6.7,8000,6.95,4000,0,272000
POWERGRID30Jan20190CE.NFO,07/01/2020,12:35:41,6.7,6.7,8000,6.9,4000,0,272000
POWERGRID30Jan20190CE.NFO,07/01/2020,12:35:45,6.7,6.7,4000,6.9,4000,0,272000
POWERGRID30Jan20190CE.NFO,07/01/2020,12:35:48,6.7,6.7,8000,6.95,4000,0,272000
POWERGRID30Jan20190CE.NFO,07/01/2020,12:35:52,6.7,6.7,8000,6.9,4000,0,272000
POWERGRID30Jan20190CE.NFO,07/01/2020,12:35:55,6.7,6.7,8000,6.95,4000,0,272000
POWERGRID30Jan20190CE.NFO,07/01/2020,12:35:59,6.7,6.7,4000,6.9,8000,0,272000
POWERGRID30Jan20190CE.NFO,07/01/2020,12:36:05,6.7,6.7,8000,6.95,4000,0,272000
POWERGRID30Jan20190CE.NFO,07/01/2020,12:36:08,6.7,6.7,8000,6.9,4000,0,272000
POWERGRID30Jan20190CE.NFO,07/01/2020,12:36:11,6.7,6.7,8000,6.9,8000,0,272000
POWERGRID30Jan20190CE.NFO,07/01/2020,12:36:29,6.7,6.6,8000,6.9,8000,0,272000
POWERGRID30Jan20190CE.NFO,07/01/2020,12:36:31,6.7,6.6,8000,6.8,8000,0,272000
POWERGRID30Jan20190CE.NFO,07/01/2020,12:37:02,6.7,6.6,4000,6.8,4000,0,272000
POWERGRID30Jan20190CE.NFO,07/01/2020,12:37:08,6.7,6.6,8000,6.9,8000,0,272000
POWERGRID30Jan20190CE.NFO,07/01/2020,12:37:12,6.7,6.6,8000,6.85,4000,0,272000
POWERGRID30Jan20190CE.NFO,07/01/2020,12:37:14,6.7,6.6,8000,6.8,4000,0,272000
POWERGRID30Jan20190CE.NFO,07/01/2020,12:37:16,6.7,6.6,8000,6.85,8000,0,272000
POWERGRID30Jan20190CE.NFO,07/01/2020,12:37:18,6.7,6.6,8000,6.85,4000,0,272000
POWERGRID30Jan20190CE.NFO,07/01/2020,12:37:20,6.7,6.6,8000,6.8,4000,0,272000
POWERGRID30Jan20190CE.NFO,07/01/2020,12:37:22,6.7,6.6,8000,6.9,8000,0,272000
POWERGRID30Jan20190CE.NFO,07/01/2020,12:37:24,6.7,6.6,8000,6.85,4000,0,272000
POWERGRID30Jan20190CE.NFO,07/01/2020,12:37:29,6.7,6.6,8000,6.9,8000,0,272000
POWERGRID30Jan20190CE.NFO,07/01/2020,12:37:39,6.7,6.6,8000,6.8,4000,0,272000
POWERGRID30Jan20190CE.NFO,07/01/2020,12:37:44,6.7,6.6,8000,6.9,8000,0,272000
POWERGRID30Jan20190CE.NFO,07/01/2020,12:37:49,6.7,6.7,4000,6.85,4000,0,272000
POWERGRID30Jan20190CE.NFO,07/01/2020,12:37:52,6.7,6.7,4000,6.9,8000,0,272000
POWERGRID30Jan20190CE.NFO,07/01/2020,12:37:56,6.7,6.7,4000,6.85,4000,0,272000
POWERGRID30Jan20190CE.NFO,07/01/2020,12:38:02,6.7,6.7,4000,6.9,4000,0,272000
POWERGRID30Jan20190CE.NFO,07/01/2020,12:38:07,6.7,6.65,8000,6.9,4000,0,272000
POWERGRID30Jan20190CE.NFO,07/01/2020,12:38:11,6.7,6.65,4000,6.85,4000,0,272000
POWERGRID30Jan20190CE.NFO,07/01/2020,12:38:21,6.7,6.65,4000,6.9,8000,0,272000
POWERGRID30Jan20190CE.NFO,07/01/2020,12:38:33,6.7,6.65,4000,6.85,4000,0,272000
POWERGRID30Jan20190CE.NFO,07/01/2020,12:38:37,6.7,6.65,4000,6.9,8000,0,272000
POWERGRID30Jan20190CE.NFO,07/01/2020,12:38:49,6.7,6.65,4000,6.85,4000,0,272000
POWERGRID30Jan20190CE.NFO,07/01/2020,12:38:58,6.7,6.65,4000,6.9,8000,0,272000
POWERGRID30Jan20190CE.NFO,07/01/2020,12:39:02,6.7,6.65,4000,6.85,4000,0,272000
POWERGRID30Jan20190CE.NFO,07/01/2020,12:39:21,6.7,6.55,4000,6.9,8000,0,272000
POWERGRID30Jan20190CE.NFO,07/01/2020,12:39:31,6.7,6.55,4000,6.8,8000,0,272000
POWERGRID30Jan20190CE.NFO,07/01/2020,12:39:35,6.7,6.55,4000,6.75,4000,0,272000
POWERGRID30Jan20190CE.NFO,07/01/2020,12:39:46,6.7,6.55,8000,6.9,8000,0,272000
POWERGRID30Jan20190CE.NFO,07/01/2020,12:39:54,6.7,6.55,8000,6.75,4000,0,272000
POWERGRID30Jan20190CE.NFO,07/01/2020,12:39:58,6.7,6.55,8000,6.9,8000,0,272000
POWERGRID30Jan20190CE.NFO,07/01/2020,12:40:01,6.7,6.6,4000,6.8,8000,0,272000
POWERGRID30Jan20190CE.NFO,07/01/2020,12:40:10,6.7,6.6,4000,6.75,4000,0,272000
POWERGRID30Jan20190CE.NFO,07/01/2020,12:40:12,6.7,6.6,4000,6.8,4000,0,272000
POWERGRID30Jan20190CE.NFO,07/01/2020,12:40:15,6.7,6.6,4000,6.75,4000,0,272000
POWERGRID30Jan20190CE.NFO,07/01/2020,12:40:18,6.7,6.6,4000,6.8,4000,0,272000
POWERGRID30Jan20190CE.NFO,07/01/2020,12:40:28,6.7,6.6,4000,6.75,4000,0,272000
POWERGRID30Jan20190CE.NFO,07/01/2020,12:40:32,6.7,6.6,4000,6.8,4000,0,272000
POWERGRID30Jan20190CE.NFO,07/01/2020,12:40:39,6.7,6.6,4000,6.75,4000,0,272000
POWERGRID30Jan20190CE.NFO,07/01/2020,12:40:44,6.7,6.6,4000,6.8,8000,0,272000
POWERGRID30Jan20190CE.NFO,07/01/2020,12:40:59,6.7,6.6,4000,6.75,4000,0,272000
POWERGRID30Jan20190CE.NFO,07/01/2020,12:41:03,6.7,6.65,4000,6.85,8000,0,272000
POWERGRID30Jan20190CE.NFO,07/01/2020,12:41:08,6.7,6.65,4000,6.8,4000,0,272000
POWERGRID30Jan20190CE.NFO,07/01/2020,12:41:16,6.7,6.6,4000,6.75,4000,0,272000
POWERGRID30Jan20190CE.NFO,07/01/2020,12:41:19,6.7,6.6,4000,6.8,8000,0,272000
POWERGRID30Jan20190CE.NFO,07/01/2020,12:41:24,6.7,6.6,4000,6.9,8000,0,272000
POWERGRID30Jan20190CE.NFO,07/01/2020,12:41:26,6.7,6.6,4000,6.8,8000,0,272000
POWERGRID30Jan20190CE.NFO,07/01/2020,12:41:29,6.7,6.6,4000,6.75,4000,0,272000
POWERGRID30Jan20190CE.NFO,07/01/2020,12:41:36,6.7,6.6,4000,6.9,8000,0,272000
POWERGRID30Jan20190CE.NFO,07/01/2020,12:41:38,6.7,6.6,4000,6.75,4000,0,272000
POWERGRID30Jan20190CE.NFO,07/01/2020,12:41:39,6.7,6.6,4000,6.9,8000,0,272000
POWERGRID30Jan20190CE.NFO,07/01/2020,12:41:42,6.7,6.6,4000,6.75,4000,0,272000
POWERGRID30Jan20190CE.NFO,07/01/2020,12:41:46,6.7,6.6,4000,6.9,8000,0,272000
POWERGRID30Jan20190CE.NFO,07/01/2020,12:41:48,6.7,6.6,4000,6.8,8000,0,272000
POWERGRID30Jan20190CE.NFO,07/01/2020,12:41:50,6.7,6.6,4000,6.75,4000,0,272000
POWERGRID30Jan20190CE.NFO,07/01/2020,12:41:52,6.7,6.6,4000,6.8,8000,0,272000
POWERGRID30Jan20190CE.NFO,07/01/2020,12:41:54,6.7,6.6,4000,6.9,8000,0,272000
POWERGRID30Jan20190CE.NFO,07/01/2020,12:41:56,6.7,6.6,4000,6.8,8000,0,272000
POWERGRID30Jan20190CE.NFO,07/01/2020,12:41:57,6.7,6.6,4000,6.9,8000,0,272000
POWERGRID30Jan20190CE.NFO,07/01/2020,12:41:59,6.7,6.6,4000,6.8,8000,0,272000
POWERGRID30Jan20190CE.NFO,07/01/2020,12:42:00,6.7,6.6,4000,6.75,4000,0,272000
POWERGRID30Jan20190CE.NFO,07/01/2020,12:42:03,6.7,6.6,4000,6.9,8000,0,272000
POWERGRID30Jan20190CE.NFO,07/01/2020,12:42:07,6.7,6.6,4000,6.8,4000,0,272000
POWERGRID30Jan20190CE.NFO,07/01/2020,12:42:12,6.7,6.6,4000,6.75,4000,0,272000
POWERGRID30Jan20190CE.NFO,07/01/2020,12:42:15,6.7,6.6,4000,6.8,4000,0,272000
POWERGRID30Jan20190CE.NFO,07/01/2020,12:42:16,6.7,6.6,4000,6.75,4000,0,272000
POWERGRID30Jan20190CE.NFO,07/01/2020,12:42:17,6.7,6.6,4000,6.8,4000,0,272000
POWERGRID30Jan20190CE.NFO,07/01/2020,12:42:18,6.7,6.6,4000,6.75,4000,0,272000
POWERGRID30Jan20190CE.NFO,07/01/2020,12:42:21,6.7,6.6,4000,6.8,4000,0,272000
POWERGRID30Jan20190CE.NFO,07/01/2020,12:42:21,6.7,6.6,4000,6.75,4000,0,272000
POWERGRID30Jan20190CE.NFO,07/01/2020,12:42:23,6.7,6.6,4000,6.8,4000,0,272000
POWERGRID30Jan20190CE.NFO,07/01/2020,12:42:24,6.7,6.6,4000,6.75,4000,0,272000
POWERGRID30Jan20190CE.NFO,07/01/2020,12:42:26,6.7,6.6,4000,6.8,4000,0,272000
POWERGRID30Jan20190CE.NFO,07/01/2020,12:42:27,6.7,6.6,4000,6.75,4000,0,272000
POWERGRID30Jan20190CE.NFO,07/01/2020,12:42:27,6.7,6.6,4000,6.8,4000,0,272000
POWERGRID30Jan20190CE.NFO,07/01/2020,12:42:29,6.7,6.6,4000,6.75,4000,0,272000
POWERGRID30Jan20190CE.NFO,07/01/2020,12:42:29,6.7,6.6,4000,6.8,4000,0,272000
POWERGRID30Jan20190CE.NFO,07/01/2020,12:42:30,6.7,6.6,4000,6.75,4000,0,272000
POWERGRID30Jan20190CE.NFO,07/01/2020,12:42:31,6.7,6.6,4000,6.8,4000,0,272000
POWERGRID30Jan20190CE.NFO,07/01/2020,12:42:32,6.7,6.6,4000,6.75,4000,0,272000
POWERGRID30Jan20190CE.NFO,07/01/2020,12:42:33,6.7,6.6,4000,6.8,4000,0,272000
POWERGRID30Jan20190CE.NFO,07/01/2020,12:42:35,6.7,6.6,4000,6.75,4000,0,272000
POWERGRID30Jan20190CE.NFO,07/01/2020,12:42:35,6.7,6.65,4000,6.8,4000,0,272000
POWERGRID30Jan20190CE.NFO,07/01/2020,12:42:36,6.7,6.65,4000,6.75,4000,0,272000
POWERGRID30Jan20190CE.NFO,07/01/2020,12:42:38,6.7,6.65,4000,6.8,4000,0,272000
POWERGRID30Jan20190CE.NFO,07/01/2020,12:42:38,6.7,6.65,4000,6.75,4000,0,272000
POWERGRID30Jan20190CE.NFO,07/01/2020,12:42:41,6.7,6.6,4000,6.75,4000,0,272000
POWERGRID30Jan20190CE.NFO,07/01/2020,12:42:43,6.7,6.6,4000,6.8,4000,0,272000
POWERGRID30Jan20190CE.NFO,07/01/2020,12:42:46,6.7,6.6,4000,6.75,4000,0,272000
POWERGRID30Jan20190CE.NFO,07/01/2020,12:42:46,6.7,6.6,4000,6.8,4000,0,272000
POWERGRID30Jan20190CE.NFO,07/01/2020,12:42:48,6.7,6.6,4000,6.75,4000,0,272000
POWERGRID30Jan20190CE.NFO,07/01/2020,12:42:49,6.7,6.6,4000,6.8,4000,0,272000
POWERGRID30Jan20190CE.NFO,07/01/2020,12:42:50,6.7,6.6,4000,6.75,4000,0,272000
POWERGRID30Jan20190CE.NFO,07/01/2020,12:42:50,6.7,6.6,4000,6.8,4000,0,272000
POWERGRID30Jan20190CE.NFO,07/01/2020,12:42:51,6.7,6.6,4000,6.75,4000,0,272000
POWERGRID30Jan20190CE.NFO,07/01/2020,12:42:52,6.7,6.6,4000,6.8,4000,0,272000
POWERGRID30Jan20190CE.NFO,07/01/2020,12:42:56,6.7,6.65,4000,6.85,4000,0,272000
POWERGRID30Jan20190CE.NFO,07/01/2020,12:42:57,6.7,6.6,4000,6.8,4000,0,272000
POWERGRID30Jan20190CE.NFO,07/01/2020,12:42:59,6.7,6.65,4000,6.85,4000,0,272000
POWERGRID30Jan20190CE.NFO,07/01/2020,12:43:01,6.7,6.6,4000,6.8,4000,0,272000
POWERGRID30Jan20190CE.NFO,07/01/2020,12:43:01,6.7,6.6,4000,6.75,4000,0,272000
POWERGRID30Jan20190CE.NFO,07/01/2020,12:43:02,6.7,6.6,4000,6.8,4000,0,272000
POWERGRID30Jan20190CE.NFO,07/01/2020,12:43:03,6.7,6.6,4000,6.75,4000,0,272000
POWERGRID30Jan20190CE.NFO,07/01/2020,12:43:04,6.7,6.6,4000,6.8,4000,0,272000
POWERGRID30Jan20190CE.NFO,07/01/2020,12:43:08,6.7,6.6,4000,6.75,4000,0,272000
POWERGRID30Jan20190CE.NFO,07/01/2020,12:43:10,6.7,6.6,4000,6.8,4000,0,272000
POWERGRID30Jan20190CE.NFO,07/01/2020,12:43:12,6.7,6.6,4000,6.75,4000,0,272000
POWERGRID30Jan20190CE.NFO,07/01/2020,12:43:16,6.7,6.6,4000,6.8,4000,0,272000
POWERGRID30Jan20190CE.NFO,07/01/2020,12:43:18,6.7,6.6,4000,6.75,4000,0,272000
POWERGRID30Jan20190CE.NFO,07/01/2020,12:43:24,6.7,6.6,4000,6.8,4000,0,272000
POWERGRID30Jan20190CE.NFO,07/01/2020,12:43:31,6.7,6.6,4000,6.8,8000,0,272000
POWERGRID30Jan20190CE.NFO,07/01/2020,12:43:34,6.7,6.6,4000,6.75,4000,0,272000
POWERGRID30Jan20190CE.NFO,07/01/2020,12:43:36,6.7,6.6,4000,6.9,8000,0,272000
POWERGRID30Jan20190CE.NFO,07/01/2020,12:43:38,6.7,6.6,4000,6.75,4000,0,272000
POWERGRID30Jan20190CE.NFO,07/01/2020,12:43:44,6.7,6.65,4000,6.75,4000,0,272000
POWERGRID30Jan20190CE.NFO,07/01/2020,12:43:47,6.7,6.65,4000,6.8,4000,0,272000
POWERGRID30Jan20190CE.NFO,07/01/2020,12:43:51,6.7,6.65,4000,6.75,4000,0,272000
POWERGRID30Jan20190CE.NFO,07/01/2020,12:43:59,6.7,6.65,4000,6.8,4000,0,272000
POWERGRID30Jan20190CE.NFO,07/01/2020,12:44:05,6.7,6.6,4000,6.75,4000,0,272000
POWERGRID30Jan20190CE.NFO,07/01/2020,12:44:07,6.7,6.6,4000,6.8,4000,0,272000
POWERGRID30Jan20190CE.NFO,07/01/2020,12:44:09,6.7,6.6,4000,6.75,4000,0,272000
POWERGRID30Jan20190CE.NFO,07/01/2020,12:44:12,6.7,6.6,4000,6.8,4000,0,272000
POWERGRID30Jan20190CE.NFO,07/01/2020,12:44:20,6.7,6.6,4000,6.75,4000,0,272000
POWERGRID30Jan20190CE.NFO,07/01/2020,12:44:32,6.7,6.6,4000,6.8,4000,0,272000
POWERGRID30Jan20190CE.NFO,07/01/2020,12:44:35,6.7,6.6,4000,6.75,4000,0,272000
POWERGRID30Jan20190CE.NFO,07/01/2020,12:44:38,6.7,6.6,4000,6.8,4000,0,272000
POWERGRID30Jan20190CE.NFO,07/01/2020,12:44:40,6.7,6.6,4000,6.75,4000,0,272000
POWERGRID30Jan20190CE.NFO,07/01/2020,12:44:42,6.7,6.6,4000,6.8,4000,0,272000
POWERGRID30Jan20190CE.NFO,07/01/2020,12:44:48,6.7,6.6,4000,6.75,4000,0,272000
POWERGRID30Jan20190CE.NFO,07/01/2020,12:44:54,6.7,6.6,4000,6.8,4000,0,272000
POWERGRID30Jan20190CE.NFO,07/01/2020,12:44:59,6.7,6.65,4000,6.8,4000,0,272000
POWERGRID30Jan20190CE.NFO,07/01/2020,12:45:00,6.7,6.65,4000,6.75,4000,0,272000
POWERGRID30Jan20190CE.NFO,07/01/2020,12:45:02,6.7,6.65,4000,6.8,4000,0,272000
POWERGRID30Jan20190CE.NFO,07/01/2020,12:45:04,6.7,6.65,4000,6.75,4000,0,272000
POWERGRID30Jan20190CE.NFO,07/01/2020,12:45:07,6.7,6.65,4000,6.8,4000,0,272000
POWERGRID30Jan20190CE.NFO,07/01/2020,12:45:08,6.7,6.65,4000,6.75,4000,0,272000
POWERGRID30Jan20190CE.NFO,07/01/2020,12:45:10,6.7,6.6,4000,6.75,4000,0,272000
POWERGRID30Jan20190CE.NFO,07/01/2020,12:45:11,6.7,6.65,4000,6.8,4000,0,272000
POWERGRID30Jan20190CE.NFO,07/01/2020,12:45:12,6.7,6.65,4000,6.75,4000,0,272000
POWERGRID30Jan20190CE.NFO,07/01/2020,12:45:17,6.7,6.65,4000,6.8,4000,0,272000
POWERGRID30Jan20190CE.NFO,07/01/2020,12:45:18,6.7,6.65,4000,6.75,4000,0,272000
POWERGRID30Jan20190CE.NFO,07/01/2020,12:45:21,6.7,6.6,4000,6.75,4000,0,272000
POWERGRID30Jan20190CE.NFO,07/01/2020,12:45:23,6.7,6.65,4000,6.75,4000,0,272000
POWERGRID30Jan20190CE.NFO,07/01/2020,12:45:26,6.7,6.65,4000,6.8,4000,0,272000
POWERGRID30Jan20190CE.NFO,07/01/2020,12:45:29,6.7,6.65,4000,6.75,4000,0,272000
POWERGRID30Jan20190CE.NFO,07/01/2020,12:45:32,6.7,6.65,4000,6.8,4000,0,272000
POWERGRID30Jan20190CE.NFO,07/01/2020,12:45:43,6.7,6.6,4000,6.75,4000,0,272000
POWERGRID30Jan20190CE.NFO,07/01/2020,12:45:51,6.7,6.6,4000,6.8,8000,0,272000
POWERGRID30Jan20190CE.NFO,07/01/2020,12:45:58,6.7,6.6,4000,6.75,4000,0,272000
POWERGRID30Jan20190CE.NFO,07/01/2020,12:46:02,6.7,6.6,4000,6.8,4000,0,272000
POWERGRID30Jan20190CE.NFO,07/01/2020,12:46:13,6.7,6.6,4000,6.8,8000,0,272000
POWERGRID30Jan20190CE.NFO,07/01/2020,12:46:18,6.7,6.6,4000,6.8,4000,0,272000
POWERGRID30Jan20190CE.NFO,07/01/2020,12:46:23,6.7,6.6,4000,6.8,8000,0,272000
POWERGRID30Jan20190CE.NFO,07/01/2020,12:46:31,6.7,6.6,4000,6.75,4000,0,272000
POWERGRID30Jan20190CE.NFO,07/01/2020,12:46:37,6.7,6.6,4000,6.8,4000,0,272000
POWERGRID30Jan20190CE.NFO,07/01/2020,12:46:41,6.7,6.6,4000,6.8,8000,0,272000
POWERGRID30Jan20190CE.NFO,07/01/2020,12:46:44,6.7,6.6,4000,6.75,4000,0,272000
POWERGRID30Jan20190CE.NFO,07/01/2020,12:46:47,6.7,6.6,4000,6.8,8000,0,272000
POWERGRID30Jan20190CE.NFO,07/01/2020,12:46:49,6.7,6.6,4000,6.8,4000,0,272000
POWERGRID30Jan20190CE.NFO,07/01/2020,12:46:52,6.7,6.6,4000,6.75,4000,0,272000
POWERGRID30Jan20190CE.NFO,07/01/2020,12:46:56,6.7,6.6,4000,6.8,8000,0,272000
POWERGRID30Jan20190CE.NFO,07/01/2020,12:47:16,6.7,6.6,4000,6.8,4000,0,272000
POWERGRID30Jan20190CE.NFO,07/01/2020,12:47:21,6.7,6.6,4000,6.75,4000,0,272000
POWERGRID30Jan20190CE.NFO,07/01/2020,12:47:26,6.7,6.6,4000,6.8,4000,0,272000
POWERGRID30Jan20190CE.NFO,07/01/2020,12:47:33,6.7,6.6,4000,6.75,4000,0,272000
POWERGRID30Jan20190CE.NFO,07/01/2020,12:47:36,6.7,6.6,4000,6.8,8000,0,272000
POWERGRID30Jan20190CE.NFO,07/01/2020,12:47:42,6.7,6.6,4000,6.75,4000,0,272000
POWERGRID30Jan20190CE.NFO,07/01/2020,12:47:44,6.7,6.6,4000,6.8,4000,0,272000
POWERGRID30Jan20190CE.NFO,07/01/2020,12:47:48,6.7,6.6,4000,6.8,8000,0,272000
POWERGRID30Jan20190CE.NFO,07/01/2020,12:47:58,6.7,6.6,4000,6.8,4000,0,272000
POWERGRID30Jan20190CE.NFO,07/01/2020,12:48:03,6.7,6.6,4000,6.75,4000,0,272000
POWERGRID30Jan20190CE.NFO,07/01/2020,12:48:27,6.7,6.6,4000,6.8,8000,0,272000
POWERGRID30Jan20190CE.NFO,07/01/2020,12:48:41,6.7,6.6,4000,6.75,4000,0,272000
POWERGRID30Jan20190CE.NFO,07/01/2020,12:48:54,6.7,6.6,4000,6.8,8000,0,272000
POWERGRID30Jan20190CE.NFO,07/01/2020,12:49:04,6.7,6.6,4000,6.75,4000,0,272000
POWERGRID30Jan20190CE.NFO,07/01/2020,12:49:09,6.7,6.6,4000,6.8,8000,0,272000
POWERGRID30Jan20190CE.NFO,07/01/2020,12:49:33,6.7,6.6,4000,6.75,4000,0,272000
POWERGRID30Jan20190CE.NFO,07/01/2020,12:49:36,6.7,6.6,4000,6.8,8000,0,272000
POWERGRID30Jan20190CE.NFO,07/01/2020,12:49:39,6.7,6.6,4000,6.75,4000,0,272000
POWERGRID30Jan20190CE.NFO,07/01/2020,12:49:49,6.7,6.6,4000,6.8,8000,0,272000
POWERGRID30Jan20190CE.NFO,07/01/2020,12:49:53,6.7,6.6,4000,6.75,4000,0,272000
POWERGRID30Jan20190CE.NFO,07/01/2020,12:50:07,6.7,6.6,4000,6.8,8000,0,272000
POWERGRID30Jan20190CE.NFO,07/01/2020,12:50:13,6.7,6.6,4000,6.75,4000,0,272000
POWERGRID30Jan20190CE.NFO,07/01/2020,12:50:26,6.7,6.6,4000,6.8,8000,0,272000
POWERGRID30Jan20190CE.NFO,07/01/2020,12:50:30,6.7,6.6,4000,6.75,4000,0,272000
POWERGRID30Jan20190CE.NFO,07/01/2020,12:50:41,6.7,6.6,4000,6.8,8000,0,272000
POWERGRID30Jan20190CE.NFO,07/01/2020,12:50:54,6.7,6.6,4000,6.75,4000,0,272000
POWERGRID30Jan20190CE.NFO,07/01/2020,12:50:57,6.7,6.6,4000,6.8,8000,0,272000
POWERGRID30Jan20190CE.NFO,07/01/2020,12:51:00,6.7,6.6,4000,6.75,4000,0,272000
POWERGRID30Jan20190CE.NFO,07/01/2020,12:51:27,6.7,6.55,4000,6.9,8000,0,272000
POWERGRID30Jan20190CE.NFO,07/01/2020,12:51:31,6.7,6.55,4000,6.75,4000,0,272000
POWERGRID30Jan20190CE.NFO,07/01/2020,12:51:41,6.7,6.5,8000,6.75,4000,0,272000
POWERGRID30Jan20190CE.NFO,07/01/2020,12:51:44,6.7,6.55,4000,6.75,4000,0,272000
POWERGRID30Jan20190CE.NFO,07/01/2020,12:52:02,6.7,6.55,4000,6.7,4000,0,272000
POWERGRID30Jan20190CE.NFO,07/01/2020,12:52:08,6.7,6.55,4000,6.75,4000,0,272000
POWERGRID30Jan20190CE.NFO,07/01/2020,12:52:14,6.7,6.55,4000,6.9,8000,0,272000
POWERGRID30Jan20190CE.NFO,07/01/2020,12:52:17,6.7,6.5,4000,6.75,4000,0,272000
POWERGRID30Jan20190CE.NFO,07/01/2020,12:52:27,6.7,6.5,4000,6.8,4000,0,272000
POWERGRID30Jan20190CE.NFO,07/01/2020,12:52:34,6.7,6.5,4000,6.75,4000,0,272000
POWERGRID30Jan20190CE.NFO,07/01/2020,12:52:37,6.7,6.5,4000,6.8,4000,0,272000
POWERGRID30Jan20190CE.NFO,07/01/2020,12:52:40,6.7,6.5,4000,6.75,4000,0,272000
POWERGRID30Jan20190CE.NFO,07/01/2020,12:52:43,6.7,6.5,4000,6.8,4000,0,272000
POWERGRID30Jan20190CE.NFO,07/01/2020,12:52:54,6.7,6.45,4000,6.65,4000,0,272000
POWERGRID30Jan20190CE.NFO,07/01/2020,12:52:56,6.7,6.45,4000,6.8,4000,0,272000
POWERGRID30Jan20190CE.NFO,07/01/2020,12:52:59,6.7,6.5,4000,6.8,4000,0,272000
POWERGRID30Jan20190CE.NFO,07/01/2020,12:53:02,6.7,6.45,4000,6.7,4000,0,272000
POWERGRID30Jan20190CE.NFO,07/01/2020,12:53:10,6.7,6.45,4000,6.8,4000,0,272000
POWERGRID30Jan20190CE.NFO,07/01/2020,12:53:16,6.7,6.45,4000,6.65,4000,0,272000
POWERGRID30Jan20190CE.NFO,07/01/2020,12:53:19,6.7,6.45,4000,6.8,4000,0,272000
POWERGRID30Jan20190CE.NFO,07/01/2020,12:53:24,6.7,6.45,4000,6.65,4000,0,272000
POWERGRID30Jan20190CE.NFO,07/01/2020,12:53:34,6.7,6.5,4000,6.8,4000,0,272000
POWERGRID30Jan20190CE.NFO,07/01/2020,12:53:37,6.7,6.45,4000,6.65,4000,0,272000
POWERGRID30Jan20190CE.NFO,07/01/2020,12:53:40,6.7,6.5,4000,6.7,4000,0,272000
POWERGRID30Jan20190CE.NFO,07/01/2020,12:53:45,6.7,6.5,4000,6.8,4000,0,272000
POWERGRID30Jan20190CE.NFO,07/01/2020,12:53:52,6.7,6.5,4000,6.75,4000,0,272000
POWERGRID30Jan20190CE.NFO,07/01/2020,12:53:55,6.7,6.5,4000,6.8,4000,0,272000
POWERGRID30Jan20190CE.NFO,07/01/2020,12:53:58,6.7,6.5,4000,6.75,4000,0,272000
POWERGRID30Jan20190CE.NFO,07/01/2020,12:54:05,6.7,6.5,4000,6.8,4000,0,272000
POWERGRID30Jan20190CE.NFO,07/01/2020,12:54:07,6.7,6.5,4000,6.75,4000,0,272000
POWERGRID30Jan20190CE.NFO,07/01/2020,12:54:17,6.7,6.5,4000,6.8,4000,0,272000
POWERGRID30Jan20190CE.NFO,07/01/2020,12:54:26,6.7,6.5,4000,6.75,4000,0,272000
POWERGRID30Jan20190CE.NFO,07/01/2020,12:54:31,6.7,6.5,4000,6.8,4000,0,272000
POWERGRID30Jan20190CE.NFO,07/01/2020,12:54:34,6.7,6.45,4000,6.7,4000,0,272000
POWERGRID30Jan20190CE.NFO,07/01/2020,12:54:42,6.7,6.45,4000,6.8,4000,0,272000
POWERGRID30Jan20190CE.NFO,07/01/2020,12:54:47,6.7,6.5,4000,6.85,4000,0,272000
POWERGRID30Jan20190CE.NFO,07/01/2020,12:54:51,6.7,6.45,4000,6.85,8000,0,272000
POWERGRID30Jan20190CE.NFO,07/01/2020,12:54:55,6.7,6.45,4000,6.7,4000,0,272000
POWERGRID30Jan20190CE.NFO,07/01/2020,12:54:59,6.7,6.5,4000,6.85,8000,0,272000
POWERGRID30Jan20190CE.NFO,07/01/2020,12:55:04,6.7,6.5,4000,6.7,4000,0,272000
POWERGRID30Jan20190CE.NFO,07/01/2020,12:55:10,6.7,6.5,4000,6.75,4000,0,272000
POWERGRID30Jan20190CE.NFO,07/01/2020,12:55:13,6.7,6.5,4000,6.7,4000,0,272000
POWERGRID30Jan20190CE.NFO,07/01/2020,12:55:15,6.7,6.5,4000,6.75,4000,0,272000
POWERGRID30Jan20190CE.NFO,07/01/2020,12:55:19,6.7,6.5,4000,6.7,4000,0,272000
POWERGRID30Jan20190CE.NFO,07/01/2020,12:55:22,6.7,6.5,4000,6.75,4000,0,272000
POWERGRID30Jan20190CE.NFO,07/01/2020,12:55:26,6.7,6.5,4000,6.7,4000,0,272000
POWERGRID30Jan20190CE.NFO,07/01/2020,12:55:30,6.7,6.5,4000,6.75,4000,0,272000
POWERGRID30Jan20190CE.NFO,07/01/2020,12:55:35,6.7,6.5,4000,6.7,4000,0,272000
POWERGRID30Jan20190CE.NFO,07/01/2020,12:55:45,6.7,6.5,4000,6.8,4000,0,272000
POWERGRID30Jan20190CE.NFO,07/01/2020,12:55:51,6.7,6.5,4000,6.75,4000,0,272000
POWERGRID30Jan20190CE.NFO,07/01/2020,12:55:56,6.7,6.25,4000,6.8,4000,0,272000
POWERGRID30Jan20190CE.NFO,07/01/2020,12:56:08,6.7,6.25,24000,6.8,4000,0,272000
POWERGRID30Jan20190CE.NFO,07/01/2020,12:56:21,6.7,6.25,32000,6.8,4000,0,272000
POWERGRID30Jan20190CE.NFO,07/01/2020,12:56:24,6.7,6.25,16000,6.8,4000,0,272000
POWERGRID30Jan20190CE.NFO,07/01/2020,12:56:51,6.7,6.25,16000,6.75,8000,0,272000
POWERGRID30Jan20190CE.NFO,07/01/2020,12:57:24,6.7,6.25,16000,6.75,4000,0,272000
POWERGRID30Jan20190CE.NFO,07/01/2020,12:57:28,6.7,6.25,16000,6.75,8000,0,272000
POWERGRID30Jan20190CE.NFO,07/01/2020,12:57:36,6.7,6.25,8000,6.75,4000,0,272000
POWERGRID30Jan20190CE.NFO,07/01/2020,12:57:44,6.7,6.2,4000,6.65,4000,0,272000
POWERGRID30Jan20190CE.NFO,07/01/2020,12:57:50,6.7,6.15,12000,6.65,8000,0,272000
POWERGRID30Jan20190CE.NFO,07/01/2020,12:58:12,6.7,6.15,4000,6.65,8000,0,272000
POWERGRID30Jan20190CE.NFO,07/01/2020,12:58:18,6.7,6.15,12000,6.65,8000,0,272000
POWERGRID30Jan20190CE.NFO,07/01/2020,12:58:41,6.7,6.15,12000,6.6,4000,0,272000
POWERGRID30Jan20190CE.NFO,07/01/2020,12:58:57,6.7,6.15,28000,6.6,4000,0,272000
POWERGRID30Jan20190CE.NFO,07/01/2020,12:59:24,6.7,6.15,48000,6.6,4000,0,272000
POWERGRID30Jan20190CE.NFO,07/01/2020,12:59:31,6.7,6.15,32000,6.6,4000,0,272000
POWERGRID30Jan20190CE.NFO,07/01/2020,12:59:38,6.7,6.15,28000,6.6,4000,0,272000
POWERGRID30Jan20190CE.NFO,07/01/2020,12:59:55,6.7,6.15,32000,6.6,4000,0,272000
POWERGRID30Jan20190CE.NFO,07/01/2020,13:00:08,6.7,6.15,16000,6.6,4000,0,272000
POWERGRID30Jan20190CE.NFO,07/01/2020,13:00:15,6.7,6.1,20000,6.5,4000,0,272000
POWERGRID30Jan20190CE.NFO,07/01/2020,13:00:23,6.7,6.1,4000,6.5,4000,0,272000
POWERGRID30Jan20190CE.NFO,07/01/2020,13:00:29,6.7,6.1,28000,6.5,4000,0,272000
POWERGRID30Jan20190CE.NFO,07/01/2020,13:00:33,6.7,6.1,4000,6.5,4000,0,272000
POWERGRID30Jan20190CE.NFO,07/01/2020,13:00:47,6.7,6.35,8000,6.5,4000,0,272000
POWERGRID30Jan20190CE.NFO,07/01/2020,13:00:57,6.45,6.4,8000,6.5,4000,4000,272000
POWERGRID30Jan20190CE.NFO,07/01/2020,13:01:01,6.45,6.4,8000,6.5,4000,0,272000
POWERGRID30Jan20190CE.NFO,07/01/2020,13:01:07,6.35,6,4000,6.4,8000,8000,272000
POWERGRID30Jan20190CE.NFO,07/01/2020,13:01:14,6.35,6.15,16000,6.35,4000,0,272000
POWERGRID30Jan20190CE.NFO,07/01/2020,13:01:21,6.35,6.15,16000,6.35,8000,0,272000
POWERGRID30Jan20190CE.NFO,07/01/2020,13:01:46,6.35,6.15,4000,6.35,8000,0,272000
POWERGRID30Jan20190CE.NFO,07/01/2020,13:02:04,6.35,6.2,12000,6.35,4000,0,272000
POWERGRID30Jan20190CE.NFO,07/01/2020,13:02:34,6.35,6.2,4000,6.35,4000,0,272000
POWERGRID30Jan20190CE.NFO,07/01/2020,13:02:40,6.35,6.2,12000,6.35,4000,0,272000
POWERGRID30Jan20190CE.NFO,07/01/2020,13:02:55,6.35,6.2,12000,6.35,8000,0,272000
POWERGRID30Jan20190CE.NFO,07/01/2020,13:03:03,6.35,6.2,12000,6.45,4000,0,272000
POWERGRID30Jan20190CE.NFO,07/01/2020,13:03:07,6.35,6.2,12000,6.35,8000,0,272000
POWERGRID30Jan20190CE.NFO,07/01/2020,13:03:12,6.35,6.15,16000,6.35,4000,0,272000
POWERGRID30Jan20190CE.NFO,07/01/2020,13:03:16,6.35,6.2,12000,6.35,4000,0,272000
POWERGRID30Jan20190CE.NFO,07/01/2020,13:03:21,6.35,6.2,12000,6.35,8000,0,272000
POWERGRID30Jan20190CE.NFO,07/01/2020,13:03:33,6.35,6.2,12000,6.35,4000,0,272000
POWERGRID30Jan20190CE.NFO,07/01/2020,13:03:44,6.35,6.2,12000,6.35,8000,0,272000
POWERGRID30Jan20190CE.NFO,07/01/2020,13:04:10,6.35,6.2,4000,6.35,4000,0,272000
POWERGRID30Jan20190CE.NFO,07/01/2020,13:04:14,6.35,6.25,12000,6.45,4000,0,272000
POWERGRID30Jan20190CE.NFO,07/01/2020,13:04:18,6.35,6.2,4000,6.4,4000,0,272000
POWERGRID30Jan20190CE.NFO,07/01/2020,13:04:22,6.35,6.25,12000,6.45,4000,0,272000
POWERGRID30Jan20190CE.NFO,07/01/2020,13:04:26,6.35,6.15,16000,6.45,4000,0,272000
POWERGRID30Jan20190CE.NFO,07/01/2020,13:04:29,6.35,6.25,12000,6.45,4000,0,272000
POWERGRID30Jan20190CE.NFO,07/01/2020,13:04:32,6.35,6.2,4000,6.45,4000,0,272000
POWERGRID30Jan20190CE.NFO,07/01/2020,13:04:35,6.35,6.25,12000,6.4,4000,0,272000
POWERGRID30Jan20190CE.NFO,07/01/2020,13:04:39,6.35,6.2,12000,6.4,4000,0,272000
POWERGRID30Jan20190CE.NFO,07/01/2020,13:04:50,6.35,6.2,12000,6.45,8000,0,272000
POWERGRID30Jan20190CE.NFO,07/01/2020,13:04:57,6.35,6.2,12000,6.45,4000,0,272000
POWERGRID30Jan20190CE.NFO,07/01/2020,13:05:09,6.35,6.2,12000,6.4,4000,0,272000
POWERGRID30Jan20190CE.NFO,07/01/2020,13:05:20,6.35,6.2,4000,6.4,4000,0,272000
POWERGRID30Jan20190CE.NFO,07/01/2020,13:05:26,6.35,6.2,16000,6.4,4000,0,272000
POWERGRID30Jan20190CE.NFO,07/01/2020,13:05:31,6.35,6.25,12000,6.45,4000,0,272000
POWERGRID30Jan20190CE.NFO,07/01/2020,13:05:42,6.35,6.25,16000,6.45,4000,0,272000
POWERGRID30Jan20190CE.NFO,07/01/2020,13:05:47,6.35,6.25,16000,6.4,8000,0,272000
POWERGRID30Jan20190CE.NFO,07/01/2020,13:05:52,6.35,6.2,16000,6.4,8000,0,272000
POWERGRID30Jan20190CE.NFO,07/01/2020,13:06:09,6.35,6.2,16000,6.4,4000,0,272000
POWERGRID30Jan20190CE.NFO,07/01/2020,13:06:20,6.35,6.2,4000,6.35,8000,0,272000
POWERGRID30Jan20190CE.NFO,07/01/2020,13:06:32,6.35,6.15,16000,6.4,4000,0,272000
POWERGRID30Jan20190CE.NFO,07/01/2020,13:06:37,6.35,6.2,16000,6.4,4000,0,272000
POWERGRID30Jan20190CE.NFO,07/01/2020,13:06:51,6.35,6.2,16000,6.35,4000,0,272000
POWERGRID30Jan20190CE.NFO,07/01/2020,13:06:57,6.35,6.15,16000,6.35,4000,0,272000
POWERGRID30Jan20190CE.NFO,07/01/2020,13:07:01,6.35,6.15,4000,6.3,4000,0,272000
POWERGRID30Jan20190CE.NFO,07/01/2020,13:07:07,6.35,6.15,16000,6.35,4000,0,272000
POWERGRID30Jan20190CE.NFO,07/01/2020,13:07:13,6.35,6.2,16000,6.4,4000,0,272000
POWERGRID30Jan20190CE.NFO,07/01/2020,13:07:24,6.35,6.2,4000,6.35,4000,0,272000
POWERGRID30Jan20190CE.NFO,07/01/2020,13:07:30,6.35,6.15,16000,6.4,4000,0,272000
POWERGRID30Jan20190CE.NFO,07/01/2020,13:07:41,6.35,6.15,16000,6.35,4000,0,272000
POWERGRID30Jan20190CE.NFO,07/01/2020,13:07:51,6.35,6.15,4000,6.3,4000,0,272000
POWERGRID30Jan20190CE.NFO,07/01/2020,13:08:17,6.35,6.05,4000,6.25,4000,0,272000
POWERGRID30Jan20190CE.NFO,07/01/2020,13:08:25,6.35,5.95,20000,6.1,4000,0,272000
POWERGRID30Jan20190CE.NFO,07/01/2020,13:08:32,6.35,5.95,8000,6.15,4000,0,272000
POWERGRID30Jan20190CE.NFO,07/01/2020,13:08:39,6.35,5.9,20000,6.05,4000,0,272000
POWERGRID30Jan20190CE.NFO,07/01/2020,13:08:52,6.35,5.9,20000,6.1,4000,0,272000
POWERGRID30Jan20190CE.NFO,07/01/2020,13:08:58,6.35,5.95,8000,6.1,4000,0,272000
POWERGRID30Jan20190CE.NFO,07/01/2020,13:09:04,6.35,5.9,20000,6.1,4000,0,272000
POWERGRID30Jan20190CE.NFO,07/01/2020,13:09:11,6.35,5.85,8000,6,4000,0,272000
POWERGRID30Jan20190CE.NFO,07/01/2020,13:09:19,6.35,5.85,8000,5.95,8000,0,272000
POWERGRID30Jan20190CE.NFO,07/01/2020,13:09:34,6.35,5.85,24000,6,8000,0,272000
POWERGRID30Jan20190CE.NFO,07/01/2020,13:09:41,6.35,5.85,4000,5.95,8000,0,272000
POWERGRID30Jan20190CE.NFO,07/01/2020,13:09:53,6.35,5.85,8000,5.95,8000,0,272000
POWERGRID30Jan20190CE.NFO,07/01/2020,13:11:06,6.35,5.8,24000,5.95,8000,0,272000
POWERGRID30Jan20190CE.NFO,07/01/2020,13:11:26,6.35,5.85,8000,5.95,8000,0,272000
POWERGRID30Jan20190CE.NFO,07/01/2020,13:11:30,6.35,5.85,24000,5.95,4000,0,272000
POWERGRID30Jan20190CE.NFO,07/01/2020,13:12:02,6.35,5.9,24000,6.05,8000,0,272000
POWERGRID30Jan20190CE.NFO,07/01/2020,13:12:37,6.35,5.9,12000,6.05,8000,0,272000
POWERGRID30Jan20190CE.NFO,07/01/2020,13:12:50,6.35,5.9,12000,6,8000,0,272000
POWERGRID30Jan20190CE.NFO,07/01/2020,13:13:11,6.35,5.85,12000,6,8000,0,272000
POWERGRID30Jan20190CE.NFO,07/01/2020,13:13:23,6.35,5.8,8000,5.9,8000,0,272000
POWERGRID30Jan20190CE.NFO,07/01/2020,13:13:42,6.35,5.8,12000,5.95,8000,0,272000
POWERGRID30Jan20190CE.NFO,07/01/2020,13:13:47,6.35,5.8,16000,5.95,8000,0,272000
POWERGRID30Jan20190CE.NFO,07/01/2020,13:13:51,6.35,5.8,12000,5.9,4000,0,272000
POWERGRID30Jan20190CE.NFO,07/01/2020,13:13:57,5.9,5.8,16000,5.95,8000,4000,264000
POWERGRID30Jan20190CE.NFO,07/01/2020,13:14:02,5.9,5.8,28000,5.95,8000,0,264000
POWERGRID30Jan20190CE.NFO,07/01/2020,13:14:33,5.9,5.8,12000,5.9,4000,0,264000
POWERGRID30Jan20190CE.NFO,07/01/2020,13:14:38,5.9,5.8,28000,6,8000,0,264000
POWERGRID30Jan20190CE.NFO,07/01/2020,13:14:43,5.9,5.8,12000,5.95,4000,0,264000
POWERGRID30Jan20190CE.NFO,07/01/2020,13:14:51,5.9,5.8,16000,5.95,4000,0,264000
POWERGRID30Jan20190CE.NFO,07/01/2020,13:14:56,5.9,5.8,4000,5.95,8000,0,264000
POWERGRID30Jan20190CE.NFO,07/01/2020,13:15:02,5.9,5.75,12000,5.95,4000,0,264000
POWERGRID30Jan20190CE.NFO,07/01/2020,13:15:08,5.9,5.75,12000,5.9,4000,0,264000
POWERGRID30Jan20190CE.NFO,07/01/2020,13:15:16,5.9,5.85,16000,6,4000,0,264000
POWERGRID30Jan20190CE.NFO,07/01/2020,13:15:24,5.9,5.85,4000,5.95,8000,0,264000
POWERGRID30Jan20190CE.NFO,07/01/2020,13:15:38,5.9,5.85,8000,5.95,8000,0,264000
POWERGRID30Jan20190CE.NFO,07/01/2020,13:15:49,5.9,5.85,4000,5.95,8000,0,264000
POWERGRID30Jan20190CE.NFO,07/01/2020,13:15:55,5.9,5.9,8000,5.95,8000,0,264000
POWERGRID30Jan20190CE.NFO,07/01/2020,13:16:01,5.9,5.9,8000,5.95,4000,0,264000
POWERGRID30Jan20190CE.NFO,07/01/2020,13:16:13,5.9,5.9,8000,6,8000,0,264000
POWERGRID30Jan20190CE.NFO,07/01/2020,13:16:31,5.9,5.9,4000,5.95,4000,0,264000
POWERGRID30Jan20190CE.NFO,07/01/2020,13:16:47,5.9,5.9,4000,6,8000,0,264000
POWERGRID30Jan20190CE.NFO,07/01/2020,13:16:52,5.9,5.9,4000,5.95,4000,0,264000
POWERGRID30Jan20190CE.NFO,07/01/2020,13:17:01,5.9,5.9,4000,6,8000,0,264000
POWERGRID30Jan20190CE.NFO,07/01/2020,13:17:05,5.9,5.9,4000,5.95,4000,0,264000
POWERGRID30Jan20190CE.NFO,07/01/2020,13:17:09,5.9,5.9,4000,6,8000,0,264000
POWERGRID30Jan20190CE.NFO,07/01/2020,13:17:21,5.9,5.9,4000,5.95,4000,0,264000
POWERGRID30Jan20190CE.NFO,07/01/2020,13:17:27,5.9,5.85,4000,5.95,4000,4000,264000
POWERGRID30Jan20190CE.NFO,07/01/2020,13:17:35,5.9,5.85,16000,5.95,4000,0,264000
POWERGRID30Jan20190CE.NFO,07/01/2020,13:17:45,5.9,5.85,16000,6,8000,0,264000
POWERGRID30Jan20190CE.NFO,07/01/2020,13:17:49,5.9,5.85,16000,5.95,4000,0,264000
POWERGRID30Jan20190CE.NFO,07/01/2020,13:17:54,5.9,5.85,16000,6,8000,0,264000
POWERGRID30Jan20190CE.NFO,07/01/2020,13:18:05,5.9,5.8,16000,5.95,8000,0,264000
POWERGRID30Jan20190CE.NFO,07/01/2020,13:18:12,5.9,5.75,28000,5.9,4000,0,264000
POWERGRID30Jan20190CE.NFO,07/01/2020,13:18:19,5.9,5.75,28000,5.9,8000,0,264000
POWERGRID30Jan20190CE.NFO,07/01/2020,13:18:38,5.9,5.8,4000,5.9,8000,0,264000
POWERGRID30Jan20190CE.NFO,07/01/2020,13:18:44,5.9,5.8,4000,5.9,4000,0,264000
POWERGRID30Jan20190CE.NFO,07/01/2020,13:18:50,5.9,5.85,4000,5.95,8000,0,264000
POWERGRID30Jan20190CE.NFO,07/01/2020,13:19:01,5.9,5.8,12000,5.95,8000,0,264000
POWERGRID30Jan20190CE.NFO,07/01/2020,13:19:07,5.9,5.8,4000,5.95,4000,0,264000
POWERGRID30Jan20190CE.NFO,07/01/2020,13:19:13,5.9,5.8,4000,5.9,4000,0,264000
POWERGRID30Jan20190CE.NFO,07/01/2020,13:19:24,5.9,5.8,4000,5.9,8000,0,264000
POWERGRID30Jan20190CE.NFO,07/01/2020,13:19:34,5.9,5.75,12000,5.9,8000,0,264000
POWERGRID30Jan20190CE.NFO,07/01/2020,13:19:51,5.9,5.8,4000,5.95,4000,0,264000
POWERGRID30Jan20190CE.NFO,07/01/2020,13:21:08,5.9,5.8,8000,5.95,4000,0,264000
POWERGRID30Jan20190CE.NFO,07/01/2020,13:21:14,5.9,5.75,12000,5.9,8000,0,264000
POWERGRID30Jan20190CE.NFO,07/01/2020,13:21:23,5.9,5.75,4000,5.85,8000,0,264000
POWERGRID30Jan20190CE.NFO,07/01/2020,13:21:34,5.9,5.7,12000,5.85,8000,0,264000
POWERGRID30Jan20190CE.NFO,07/01/2020,13:22:48,5.9,5.75,4000,5.85,4000,0,264000
POWERGRID30Jan20190CE.NFO,07/01/2020,13:22:53,5.9,5.75,4000,5.85,8000,0,264000
POWERGRID30Jan20190CE.NFO,07/01/2020,13:23:10,5.9,5.75,4000,5.9,4000,0,264000
POWERGRID30Jan20190CE.NFO,07/01/2020,13:23:15,5.9,5.75,16000,5.9,4000,0,264000
POWERGRID30Jan20190CE.NFO,07/01/2020,13:23:26,5.9,5.75,8000,5.9,4000,0,264000
POWERGRID30Jan20190CE.NFO,07/01/2020,13:23:31,5.9,5.75,12000,5.9,4000,0,264000
POWERGRID30Jan20190CE.NFO,07/01/2020,13:23:35,5.9,5.75,16000,5.9,4000,0,264000
POWERGRID30Jan20190CE.NFO,07/01/2020,13:23:48,5.9,5.75,12000,5.9,4000,0,264000
POWERGRID30Jan20190CE.NFO,07/01/2020,13:24:01,5.9,5.8,4000,5.9,4000,0,264000
POWERGRID30Jan20190CE.NFO,07/01/2020,13:24:06,5.9,5.75,4000,5.9,4000,0,264000
POWERGRID30Jan20190CE.NFO,07/01/2020,13:24:13,5.9,5.75,4000,5.85,8000,0,264000
POWERGRID30Jan20190CE.NFO,07/01/2020,13:25:18,5.9,5.7,16000,5.85,12000,0,264000
POWERGRID30Jan20190CE.NFO,07/01/2020,13:25:25,5.9,5.65,16000,5.8,8000,0,264000
POWERGRID30Jan20190CE.NFO,07/01/2020,13:25:46,5.9,5.65,12000,5.75,8000,0,264000
POWERGRID30Jan20190CE.NFO,07/01/2020,13:25:59,5.9,5.55,16000,5.65,8000,0,264000
POWERGRID30Jan20190CE.NFO,07/01/2020,13:26:04,5.9,5.55,16000,5.7,8000,0,264000
POWERGRID30Jan20190CE.NFO,07/01/2020,13:26:08,5.9,5.6,12000,5.7,8000,0,264000
POWERGRID30Jan20190CE.NFO,07/01/2020,13:26:12,5.9,5.55,16000,5.7,8000,0,264000
POWERGRID30Jan20190CE.NFO,07/01/2020,13:26:22,5.9,5.6,8000,5.7,8000,0,264000
POWERGRID30Jan20190CE.NFO,07/01/2020,13:26:27,5.9,5.6,12000,5.7,8000,0,264000
POWERGRID30Jan20190CE.NFO,07/01/2020,13:26:48,5.9,5.6,8000,5.7,8000,0,264000
