Ticker,Date,Time,LTP,BuyPrice,BuyQty,SellPrice,SellQty,LTQ,OpenInterest
POWERGRID30Jan20180PE.NFO,07/01/2020,09:27:48,0.75,0.55,4000,0.75,8000,4000,308000
POWERGRID30Jan20180PE.NFO,07/01/2020,09:27:48,0.75,0.55,4000,0.75,8000,0,308000
POWERGRID30Jan20180PE.NFO,07/01/2020,09:27:48,0.75,0.55,4000,0.75,8000,0,308000
POWERGRID30Jan20180PE.NFO,07/01/2020,09:27:48,0.75,0.55,4000,0.75,8000,0,308000
POWERGRID30Jan20180PE.NFO,07/01/2020,09:27:57,0.75,0.55,4000,0.75,8000,0,308000
POWERGRID30Jan20180PE.NFO,07/01/2020,09:32:36,0.75,0.55,4000,0.75,12000,0,308000
POWERGRID30Jan20180PE.NFO,07/01/2020,09:32:48,0.75,0.55,8000,0.75,12000,0,308000
POWERGRID30Jan20180PE.NFO,07/01/2020,09:34:39,0.75,0.55,4000,0.65,16000,0,308000
POWERGRID30Jan20180PE.NFO,07/01/2020,09:34:51,0.75,0.55,4000,0.6,4000,0,308000
POWERGRID30Jan20180PE.NFO,07/01/2020,09:34:57,0.75,0.55,8000,0.6,4000,0,308000
POWERGRID30Jan20180PE.NFO,07/01/2020,09:35:13,0.55,0.5,8000,0.6,4000,4000,308000
POWERGRID30Jan20180PE.NFO,07/01/2020,09:35:13,0.55,0.5,8000,0.6,4000,0,308000
POWERGRID30Jan20180PE.NFO,07/01/2020,09:35:35,0.55,0.55,12000,0.6,4000,0,308000
POWERGRID30Jan20180PE.NFO,07/01/2020,09:37:43,0.6,0.6,8000,0.7,16000,4000,308000
POWERGRID30Jan20180PE.NFO,07/01/2020,09:37:48,0.6,0.6,4000,0.7,16000,0,308000
POWERGRID30Jan20180PE.NFO,07/01/2020,09:38:57,0.6,0.6,8000,0.7,16000,0,308000
POWERGRID30Jan20180PE.NFO,07/01/2020,09:39:02,0.6,0.6,4000,0.7,16000,0,308000
POWERGRID30Jan20180PE.NFO,07/01/2020,09:41:13,0.6,0.6,4000,0.7,20000,0,308000
POWERGRID30Jan20180PE.NFO,07/01/2020,09:41:18,0.6,0.55,8000,0.65,8000,0,308000
POWERGRID30Jan20180PE.NFO,07/01/2020,09:41:23,0.6,0.55,4000,0.65,8000,0,308000
POWERGRID30Jan20180PE.NFO,07/01/2020,09:41:48,0.6,0.55,12000,0.65,8000,0,308000
POWERGRID30Jan20180PE.NFO,07/01/2020,09:44:07,0.6,0.55,8000,0.65,8000,0,308000
POWERGRID30Jan20180PE.NFO,07/01/2020,09:44:43,0.6,0.55,12000,0.65,8000,0,308000
POWERGRID30Jan20180PE.NFO,07/01/2020,09:44:48,0.6,0.55,8000,0.65,8000,0,308000
POWERGRID30Jan20180PE.NFO,07/01/2020,09:45:18,0.6,0.55,12000,0.65,8000,0,308000
POWERGRID30Jan20180PE.NFO,07/01/2020,09:46:04,0.6,0.55,12000,0.65,4000,0,308000
POWERGRID30Jan20180PE.NFO,07/01/2020,09:46:25,0.6,0.55,12000,0.65,8000,0,308000
POWERGRID30Jan20180PE.NFO,07/01/2020,09:46:30,0.6,0.55,12000,0.65,4000,0,308000
POWERGRID30Jan20180PE.NFO,07/01/2020,09:46:37,0.6,0.55,12000,0.7,16000,0,308000
POWERGRID30Jan20180PE.NFO,07/01/2020,09:49:50,0.6,0.6,4000,0.7,12000,0,308000
POWERGRID30Jan20180PE.NFO,07/01/2020,09:50:04,0.6,0.6,4000,0.7,8000,0,308000
POWERGRID30Jan20180PE.NFO,07/01/2020,09:50:43,0.6,0.65,4000,0.7,4000,0,308000
POWERGRID30Jan20180PE.NFO,07/01/2020,09:51:25,0.6,0.6,8000,0.7,4000,0,308000
POWERGRID30Jan20180PE.NFO,07/01/2020,09:51:43,0.6,0.65,4000,0.7,4000,0,308000
POWERGRID30Jan20180PE.NFO,07/01/2020,09:52:28,0.6,0.65,8000,0.7,4000,0,308000
POWERGRID30Jan20180PE.NFO,07/01/2020,09:52:43,0.6,0.65,4000,0.7,4000,0,308000
POWERGRID30Jan20180PE.NFO,07/01/2020,09:53:39,0.6,0.65,8000,0.7,4000,0,308000
POWERGRID30Jan20180PE.NFO,07/01/2020,09:53:44,0.6,0.65,8000,0.75,16000,0,308000
POWERGRID30Jan20180PE.NFO,07/01/2020,09:57:31,0.6,0.65,12000,0.75,16000,0,308000
POWERGRID30Jan20180PE.NFO,07/01/2020,09:57:37,0.6,0.65,12000,0.8,12000,0,308000
POWERGRID30Jan20180PE.NFO,07/01/2020,09:57:58,0.6,0.65,12000,0.75,4000,0,308000
POWERGRID30Jan20180PE.NFO,07/01/2020,09:59:17,0.6,0.65,12000,0.8,12000,0,308000
POWERGRID30Jan20180PE.NFO,07/01/2020,09:59:28,0.6,0.7,4000,0.8,12000,0,308000
POWERGRID30Jan20180PE.NFO,07/01/2020,10:03:19,0.6,0.65,12000,0.8,12000,0,308000
POWERGRID30Jan20180PE.NFO,07/01/2020,10:04:23,0.6,0.65,12000,0.75,16000,0,308000
POWERGRID30Jan20180PE.NFO,07/01/2020,10:05:06,0.6,0.65,8000,0.75,16000,0,308000
POWERGRID30Jan20180PE.NFO,07/01/2020,10:06:24,0.6,0.65,4000,0.75,16000,0,308000
POWERGRID30Jan20180PE.NFO,07/01/2020,10:07:58,0.6,0.65,4000,0.7,16000,0,308000
POWERGRID30Jan20180PE.NFO,07/01/2020,10:21:20,0.65,0.55,12000,0.7,12000,4000,304000
POWERGRID30Jan20180PE.NFO,07/01/2020,10:21:25,0.65,0.55,12000,0.7,12000,0,304000
POWERGRID30Jan20180PE.NFO,07/01/2020,10:21:30,0.65,0.6,4000,0.7,12000,0,304000
POWERGRID30Jan20180PE.NFO,07/01/2020,10:21:35,0.65,0.6,8000,0.7,4000,0,304000
POWERGRID30Jan20180PE.NFO,07/01/2020,10:21:48,0.65,0.6,4000,0.7,4000,0,304000
POWERGRID30Jan20180PE.NFO,07/01/2020,10:25:55,0.65,0.6,8000,0.7,4000,0,304000
POWERGRID30Jan20180PE.NFO,07/01/2020,10:30:03,0.65,0.65,4000,0.7,4000,0,308000
POWERGRID30Jan20180PE.NFO,07/01/2020,10:31:14,0.65,0.6,8000,0.7,4000,0,308000
POWERGRID30Jan20180PE.NFO,07/01/2020,10:31:26,0.65,0.65,4000,0.7,4000,0,308000
POWERGRID30Jan20180PE.NFO,07/01/2020,10:31:37,0.65,0.6,8000,0.7,4000,0,308000
POWERGRID30Jan20180PE.NFO,07/01/2020,10:31:41,0.65,0.65,4000,0.7,4000,0,308000
POWERGRID30Jan20180PE.NFO,07/01/2020,10:31:49,0.65,0.6,8000,0.7,4000,0,308000
POWERGRID30Jan20180PE.NFO,07/01/2020,10:31:57,0.65,0.65,4000,0.7,4000,0,308000
POWERGRID30Jan20180PE.NFO,07/01/2020,10:32:07,0.65,0.6,8000,0.7,4000,0,308000
POWERGRID30Jan20180PE.NFO,07/01/2020,10:32:17,0.65,0.65,4000,0.7,4000,0,308000
POWERGRID30Jan20180PE.NFO,07/01/2020,10:34:14,0.65,0.6,8000,0.7,4000,0,308000
POWERGRID30Jan20180PE.NFO,07/01/2020,10:39:36,0.65,0.65,4000,0.7,4000,0,308000
POWERGRID30Jan20180PE.NFO,07/01/2020,10:40:04,0.65,0.6,8000,0.7,4000,0,308000
POWERGRID30Jan20180PE.NFO,07/01/2020,10:42:44,0.65,0.65,4000,0.7,4000,0,308000
POWERGRID30Jan20180PE.NFO,07/01/2020,10:43:27,0.65,0.65,4000,0.75,12000,0,308000
POWERGRID30Jan20180PE.NFO,07/01/2020,10:44:04,0.65,0.6,8000,0.75,12000,0,308000
POWERGRID30Jan20180PE.NFO,07/01/2020,10:51:28,0.65,0.6,4000,0.75,12000,0,308000
POWERGRID30Jan20180PE.NFO,07/01/2020,10:52:28,0.65,0.6,8000,0.75,12000,0,308000
POWERGRID30Jan20180PE.NFO,07/01/2020,10:55:31,0.65,0.65,4000,0.75,12000,0,308000
POWERGRID30Jan20180PE.NFO,07/01/2020,10:55:50,0.65,0.65,8000,0.75,12000,0,308000
POWERGRID30Jan20180PE.NFO,07/01/2020,10:58:30,0.65,0.65,8000,0.8,12000,0,308000
POWERGRID30Jan20180PE.NFO,07/01/2020,11:01:12,0.65,0.7,8000,0.85,16000,0,308000
POWERGRID30Jan20180PE.NFO,07/01/2020,11:01:33,0.65,0.65,8000,0.85,16000,0,308000
POWERGRID30Jan20180PE.NFO,07/01/2020,11:03:11,0.65,0.7,8000,0.85,16000,0,308000
POWERGRID30Jan20180PE.NFO,07/01/2020,11:04:35,0.65,0.7,4000,0.85,16000,0,308000
POWERGRID30Jan20180PE.NFO,07/01/2020,11:06:16,0.65,0.65,8000,0.85,16000,0,308000
POWERGRID30Jan20180PE.NFO,07/01/2020,11:08:08,0.65,0.65,8000,0.85,20000,0,308000
POWERGRID30Jan20180PE.NFO,07/01/2020,11:08:38,0.65,0.7,4000,0.85,20000,0,308000
POWERGRID30Jan20180PE.NFO,07/01/2020,11:08:43,0.65,0.65,8000,0.85,20000,0,308000
POWERGRID30Jan20180PE.NFO,07/01/2020,11:10:08,0.65,0.65,12000,0.85,20000,0,308000
POWERGRID30Jan20180PE.NFO,07/01/2020,11:13:29,0.65,0.65,8000,0.85,20000,0,308000
POWERGRID30Jan20180PE.NFO,07/01/2020,11:18:27,0.65,0.7,4000,0.85,20000,0,308000
POWERGRID30Jan20180PE.NFO,07/01/2020,11:18:32,0.65,0.7,4000,0.85,16000,0,308000
POWERGRID30Jan20180PE.NFO,07/01/2020,11:18:38,0.65,0.7,8000,0.85,16000,0,308000
POWERGRID30Jan20180PE.NFO,07/01/2020,11:18:59,0.65,0.75,4000,0.85,16000,0,308000
POWERGRID30Jan20180PE.NFO,07/01/2020,11:19:05,0.65,0.75,8000,0.85,16000,0,308000
POWERGRID30Jan20180PE.NFO,07/01/2020,11:19:10,0.65,0.7,8000,0.85,16000,0,308000
POWERGRID30Jan20180PE.NFO,07/01/2020,11:26:31,0.65,0.65,8000,0.85,16000,0,308000
POWERGRID30Jan20180PE.NFO,07/01/2020,11:31:10,0.65,0.65,4000,0.85,16000,0,308000
POWERGRID30Jan20180PE.NFO,07/01/2020,11:31:52,0.65,0.6,12000,0.85,16000,0,308000
POWERGRID30Jan20180PE.NFO,07/01/2020,11:32:15,0.65,0.65,4000,0.85,16000,0,308000
POWERGRID30Jan20180PE.NFO,07/01/2020,11:33:04,0.65,0.6,12000,0.85,16000,0,308000
POWERGRID30Jan20180PE.NFO,07/01/2020,11:34:41,0.65,0.65,4000,0.85,16000,0,308000
POWERGRID30Jan20180PE.NFO,07/01/2020,11:35:25,0.65,0.6,12000,0.85,16000,0,308000
POWERGRID30Jan20180PE.NFO,07/01/2020,11:39:33,0.65,0.65,4000,0.85,16000,0,308000
POWERGRID30Jan20180PE.NFO,07/01/2020,11:39:56,0.65,0.6,12000,0.85,16000,0,308000
POWERGRID30Jan20180PE.NFO,07/01/2020,11:40:09,0.65,0.6,8000,0.85,16000,0,308000
POWERGRID30Jan20180PE.NFO,07/01/2020,11:40:23,0.65,0.6,12000,0.85,16000,0,308000
POWERGRID30Jan20180PE.NFO,07/01/2020,11:40:47,0.65,0.6,8000,0.85,16000,0,308000
POWERGRID30Jan20180PE.NFO,07/01/2020,11:42:59,0.65,0.6,12000,0.85,16000,0,308000
POWERGRID30Jan20180PE.NFO,07/01/2020,11:50:05,0.65,0.65,4000,0.85,16000,0,308000
POWERGRID30Jan20180PE.NFO,07/01/2020,11:55:49,0.65,0.6,8000,0.8,4000,0,308000
POWERGRID30Jan20180PE.NFO,07/01/2020,11:55:52,0.65,0.6,12000,0.85,16000,0,308000
POWERGRID30Jan20180PE.NFO,07/01/2020,11:56:03,0.65,0.6,8000,0.85,16000,0,308000
POWERGRID30Jan20180PE.NFO,07/01/2020,11:57:59,0.65,0.6,12000,0.85,16000,0,308000
POWERGRID30Jan20180PE.NFO,07/01/2020,11:58:04,0.65,0.6,8000,0.85,16000,0,308000
POWERGRID30Jan20180PE.NFO,07/01/2020,11:59:50,0.65,0.6,12000,0.75,16000,0,308000
POWERGRID30Jan20180PE.NFO,07/01/2020,11:59:58,0.65,0.6,8000,0.75,16000,0,308000
POWERGRID30Jan20180PE.NFO,07/01/2020,12:00:17,0.65,0.6,4000,0.75,16000,0,308000
POWERGRID30Jan20180PE.NFO,07/01/2020,12:14:04,0.65,0.6,8000,0.75,16000,0,308000
POWERGRID30Jan20180PE.NFO,07/01/2020,12:16:55,0.65,0.6,4000,0.75,16000,0,308000
POWERGRID30Jan20180PE.NFO,07/01/2020,12:21:15,0.65,0.6,8000,0.75,16000,0,308000
POWERGRID30Jan20180PE.NFO,07/01/2020,12:21:47,0.65,0.6,8000,0.75,4000,0,308000
POWERGRID30Jan20180PE.NFO,07/01/2020,12:30:51,0.65,0.6,4000,0.75,4000,0,308000
POWERGRID30Jan20180PE.NFO,07/01/2020,12:35:01,0.65,0.55,12000,0.75,4000,0,308000
POWERGRID30Jan20180PE.NFO,07/01/2020,12:35:45,0.65,0.55,16000,0.75,4000,0,308000
POWERGRID30Jan20180PE.NFO,07/01/2020,12:36:29,0.65,0.55,20000,0.75,4000,0,308000
POWERGRID30Jan20180PE.NFO,07/01/2020,12:37:56,0.65,0.55,16000,0.75,4000,0,308000
POWERGRID30Jan20180PE.NFO,07/01/2020,12:38:07,0.65,0.55,12000,0.75,4000,0,308000
POWERGRID30Jan20180PE.NFO,07/01/2020,12:39:21,0.65,0.55,16000,0.75,4000,0,308000
POWERGRID30Jan20180PE.NFO,07/01/2020,12:39:51,0.65,0.55,12000,0.75,4000,0,308000
POWERGRID30Jan20180PE.NFO,07/01/2020,12:40:07,0.65,0.55,16000,0.75,4000,0,308000
POWERGRID30Jan20180PE.NFO,07/01/2020,12:41:03,0.65,0.55,12000,0.75,4000,0,308000
POWERGRID30Jan20180PE.NFO,07/01/2020,12:43:09,0.65,0.55,12000,0.75,4000,4000,308000
POWERGRID30Jan20180PE.NFO,07/01/2020,12:43:18,0.65,0.55,12000,0.7,12000,0,308000
POWERGRID30Jan20180PE.NFO,07/01/2020,13:01:07,0.65,0.6,4000,0.7,12000,0,308000
POWERGRID30Jan20180PE.NFO,07/01/2020,13:04:50,0.65,0.6,4000,0.7,16000,0,308000
POWERGRID30Jan20180PE.NFO,07/01/2020,13:08:02,0.65,0.6,4000,0.7,12000,0,308000
POWERGRID30Jan20180PE.NFO,07/01/2020,13:08:17,0.65,0.6,8000,0.7,12000,0,308000
POWERGRID30Jan20180PE.NFO,07/01/2020,13:08:24,0.65,0.65,4000,0.7,12000,0,308000
POWERGRID30Jan20180PE.NFO,07/01/2020,13:09:11,0.65,0.6,4000,0.7,8000,0,308000
POWERGRID30Jan20180PE.NFO,07/01/2020,13:14:33,0.65,0.6,4000,0.75,20000,0,308000
POWERGRID30Jan20180PE.NFO,07/01/2020,13:14:56,0.65,0.6,4000,0.75,16000,0,308000
POWERGRID30Jan20180PE.NFO,07/01/2020,13:15:08,0.65,0.65,8000,0.75,4000,0,308000
POWERGRID30Jan20180PE.NFO,07/01/2020,13:15:16,0.65,0.65,8000,0.75,8000,0,308000
POWERGRID30Jan20180PE.NFO,07/01/2020,13:16:52,0.65,0.65,4000,0.75,8000,0,308000
POWERGRID30Jan20180PE.NFO,07/01/2020,13:18:05,0.65,0.65,4000,0.75,4000,0,308000
POWERGRID30Jan20180PE.NFO,07/01/2020,13:18:12,0.65,0.65,8000,0.75,4000,0,308000
POWERGRID30Jan20180PE.NFO,07/01/2020,13:18:19,0.65,0.7,4000,0.75,4000,0,308000
POWERGRID30Jan20180PE.NFO,07/01/2020,13:18:50,0.65,0.65,4000,0.75,4000,0,308000
POWERGRID30Jan20180PE.NFO,07/01/2020,13:19:06,0.65,0.7,4000,0.75,4000,0,308000
POWERGRID30Jan20180PE.NFO,07/01/2020,13:19:13,0.65,0.65,4000,0.75,4000,0,308000
POWERGRID30Jan20180PE.NFO,07/01/2020,13:19:24,0.65,0.7,4000,0.75,4000,0,308000
POWERGRID30Jan20180PE.NFO,07/01/2020,13:25:59,0.75,0.7,8000,0.8,4000,4000,308000
POWERGRID30Jan20180PE.NFO,07/01/2020,13:26:04,0.75,0.7,8000,0.8,4000,0,308000
POWERGRID30Jan20180PE.NFO,07/01/2020,13:26:08,0.75,0.7,8000,0.8,12000,0,308000
POWERGRID30Jan20180PE.NFO,07/01/2020,13:26:12,0.75,0.7,8000,0.8,4000,0,308000
POWERGRID30Jan20180PE.NFO,07/01/2020,13:26:32,0.75,0.7,4000,0.8,4000,0,308000
POWERGRID30Jan20180PE.NFO,07/01/2020,13:26:37,0.75,0.7,8000,0.8,4000,0,308000
POWERGRID30Jan20180PE.NFO,07/01/2020,13:27:33,0.75,0.7,4000,0.8,4000,0,308000
POWERGRID30Jan20180PE.NFO,07/01/2020,13:27:40,0.75,0.7,8000,0.8,4000,0,308000
POWERGRID30Jan20180PE.NFO,07/01/2020,13:28:16,0.75,0.75,4000,0.8,4000,0,308000
POWERGRID30Jan20180PE.NFO,07/01/2020,13:28:26,0.75,0.75,4000,0.85,16000,0,308000
POWERGRID30Jan20180PE.NFO,07/01/2020,13:29:12,0.75,0.8,4000,0.85,16000,0,308000
POWERGRID30Jan20180PE.NFO,07/01/2020,13:30:12,0.75,0.8,8000,0.85,8000,0,308000
POWERGRID30Jan20180PE.NFO,07/01/2020,13:30:18,0.75,0.8,4000,0.85,8000,0,308000
POWERGRID30Jan20180PE.NFO,07/01/2020,13:31:14,0.75,0.75,4000,0.85,8000,0,308000
POWERGRID30Jan20180PE.NFO,07/01/2020,13:31:34,0.75,0.8,4000,0.85,8000,0,308000
POWERGRID30Jan20180PE.NFO,07/01/2020,13:31:49,0.75,0.75,4000,0.85,8000,0,308000
POWERGRID30Jan20180PE.NFO,07/01/2020,13:33:54,0.75,0.7,8000,0.85,8000,0,308000
POWERGRID30Jan20180PE.NFO,07/01/2020,13:34:38,0.75,0.7,4000,0.85,8000,0,308000
POWERGRID30Jan20180PE.NFO,07/01/2020,13:40:59,0.75,0.7,8000,0.85,8000,0,308000
POWERGRID30Jan20180PE.NFO,07/01/2020,13:41:18,0.75,0.75,4000,0.85,8000,0,308000
POWERGRID30Jan20180PE.NFO,07/01/2020,13:41:37,0.75,0.7,8000,0.85,8000,0,308000
POWERGRID30Jan20180PE.NFO,07/01/2020,13:44:22,0.75,0.7,12000,0.85,8000,0,308000
POWERGRID30Jan20180PE.NFO,07/01/2020,13:45:16,0.75,0.7,4000,0.85,8000,0,308000
POWERGRID30Jan20180PE.NFO,07/01/2020,13:45:22,0.75,0.7,8000,0.85,8000,0,308000
POWERGRID30Jan20180PE.NFO,07/01/2020,13:45:43,0.75,0.7,12000,0.85,8000,0,308000
POWERGRID30Jan20180PE.NFO,07/01/2020,13:46:44,0.75,0.7,4000,0.85,8000,0,308000
POWERGRID30Jan20180PE.NFO,07/01/2020,13:47:08,0.75,0.7,8000,0.85,8000,0,308000
POWERGRID30Jan20180PE.NFO,07/01/2020,13:47:15,0.75,0.7,4000,0.85,8000,0,308000
POWERGRID30Jan20180PE.NFO,07/01/2020,13:47:20,0.75,0.7,8000,0.85,8000,0,308000
POWERGRID30Jan20180PE.NFO,07/01/2020,13:47:30,0.75,0.7,12000,0.85,8000,0,308000
POWERGRID30Jan20180PE.NFO,07/01/2020,13:47:36,0.75,0.7,8000,0.85,8000,0,308000
POWERGRID30Jan20180PE.NFO,07/01/2020,13:48:55,0.75,0.7,12000,0.85,8000,0,308000
POWERGRID30Jan20180PE.NFO,07/01/2020,13:49:02,0.75,0.75,4000,0.85,8000,0,308000
POWERGRID30Jan20180PE.NFO,07/01/2020,13:50:10,0.75,0.7,8000,0.85,8000,0,308000
POWERGRID30Jan20180PE.NFO,07/01/2020,13:50:17,0.75,0.7,4000,0.85,8000,0,308000
POWERGRID30Jan20180PE.NFO,07/01/2020,13:53:37,0.75,0.7,4000,0.85,12000,0,308000
POWERGRID30Jan20180PE.NFO,07/01/2020,13:53:52,0.75,0.7,8000,0.85,12000,0,308000
POWERGRID30Jan20180PE.NFO,07/01/2020,13:54:22,0.75,0.75,4000,0.85,12000,0,308000
POWERGRID30Jan20180PE.NFO,07/01/2020,13:54:27,0.75,0.7,8000,0.85,12000,0,308000
POWERGRID30Jan20180PE.NFO,07/01/2020,13:54:41,0.75,0.7,4000,0.85,12000,0,308000
POWERGRID30Jan20180PE.NFO,07/01/2020,13:56:03,0.75,0.7,8000,0.85,12000,0,308000
POWERGRID30Jan20180PE.NFO,07/01/2020,13:56:44,0.75,0.75,4000,0.85,12000,0,308000
POWERGRID30Jan20180PE.NFO,07/01/2020,13:58:15,0.75,0.75,4000,0.8,16000,0,308000
POWERGRID30Jan20180PE.NFO,07/01/2020,13:59:49,0.75,0.75,4000,0.8,12000,0,308000
POWERGRID30Jan20180PE.NFO,07/01/2020,14:05:00,0.75,0.75,8000,0.8,12000,0,308000
POWERGRID30Jan20180PE.NFO,07/01/2020,14:05:04,0.75,0.75,4000,0.8,12000,0,308000
POWERGRID30Jan20180PE.NFO,07/01/2020,14:05:56,0.75,0.75,8000,0.8,12000,0,308000
POWERGRID30Jan20180PE.NFO,07/01/2020,14:06:35,0.8,0.8,4000,0.85,8000,12000,308000
POWERGRID30Jan20180PE.NFO,07/01/2020,14:06:35,0.8,0.8,4000,0.85,8000,0,308000
POWERGRID30Jan20180PE.NFO,07/01/2020,14:06:40,0.8,0.75,20000,0.85,8000,0,308000
POWERGRID30Jan20180PE.NFO,07/01/2020,14:07:15,0.8,0.8,8000,0.85,8000,0,308000
POWERGRID30Jan20180PE.NFO,07/01/2020,14:09:46,0.8,0.8,4000,0.85,8000,0,308000
POWERGRID30Jan20180PE.NFO,07/01/2020,14:10:09,0.8,0.75,8000,0.85,8000,0,308000
POWERGRID30Jan20180PE.NFO,07/01/2020,14:10:22,0.8,0.75,8000,0.85,12000,0,308000
POWERGRID30Jan20180PE.NFO,07/01/2020,14:11:57,0.8,0.75,4000,0.85,12000,0,308000
POWERGRID30Jan20180PE.NFO,07/01/2020,14:12:33,0.8,0.7,16000,0.85,12000,0,308000
POWERGRID30Jan20180PE.NFO,07/01/2020,14:15:49,0.8,0.7,20000,0.85,12000,0,308000
POWERGRID30Jan20180PE.NFO,07/01/2020,14:16:15,0.8,0.7,16000,0.85,12000,0,308000
POWERGRID30Jan20180PE.NFO,07/01/2020,14:16:30,0.8,0.75,4000,0.85,12000,0,308000
POWERGRID30Jan20180PE.NFO,07/01/2020,14:16:54,0.8,0.75,8000,0.85,12000,0,308000
POWERGRID30Jan20180PE.NFO,07/01/2020,14:16:58,0.8,0.75,4000,0.85,12000,0,308000
POWERGRID30Jan20180PE.NFO,07/01/2020,14:17:02,0.8,0.75,8000,0.85,12000,0,308000
POWERGRID30Jan20180PE.NFO,07/01/2020,14:21:17,0.8,0.75,8000,0.85,24000,0,308000
POWERGRID30Jan20180PE.NFO,07/01/2020,14:21:49,0.8,0.75,4000,0.85,24000,0,308000
POWERGRID30Jan20180PE.NFO,07/01/2020,14:22:47,0.8,0.7,24000,0.85,24000,0,308000
POWERGRID30Jan20180PE.NFO,07/01/2020,14:24:13,0.8,0.75,8000,0.85,24000,0,308000
POWERGRID30Jan20180PE.NFO,07/01/2020,14:25:36,0.8,0.7,24000,0.85,24000,0,308000
POWERGRID30Jan20180PE.NFO,07/01/2020,14:25:52,0.8,0.7,20000,0.85,24000,0,308000
POWERGRID30Jan20180PE.NFO,07/01/2020,14:26:24,0.8,0.7,16000,0.85,24000,0,308000
POWERGRID30Jan20180PE.NFO,07/01/2020,14:26:32,0.8,0.7,20000,0.85,24000,0,308000
POWERGRID30Jan20180PE.NFO,07/01/2020,14:27:01,0.8,0.7,16000,0.85,24000,0,308000
POWERGRID30Jan20180PE.NFO,07/01/2020,14:27:48,0.8,0.7,16000,0.8,20000,0,308000
POWERGRID30Jan20180PE.NFO,07/01/2020,14:30:36,0.8,0.7,16000,0.75,16000,0,300000
POWERGRID30Jan20180PE.NFO,07/01/2020,14:30:46,0.8,0.7,8000,0.75,16000,0,300000
POWERGRID30Jan20180PE.NFO,07/01/2020,14:31:37,0.8,0.7,4000,0.75,16000,0,300000
POWERGRID30Jan20180PE.NFO,07/01/2020,14:31:45,0.8,0.65,20000,0.75,16000,0,300000
POWERGRID30Jan20180PE.NFO,07/01/2020,14:32:23,0.8,0.7,4000,0.75,16000,0,300000
POWERGRID30Jan20180PE.NFO,07/01/2020,14:34:16,0.8,0.65,20000,0.75,16000,0,300000
POWERGRID30Jan20180PE.NFO,07/01/2020,14:34:21,0.8,0.65,16000,0.75,16000,0,300000
POWERGRID30Jan20180PE.NFO,07/01/2020,14:36:08,0.8,0.65,8000,0.7,8000,0,300000
POWERGRID30Jan20180PE.NFO,07/01/2020,14:36:13,0.8,0.65,8000,0.75,16000,0,300000
POWERGRID30Jan20180PE.NFO,07/01/2020,14:36:25,0.8,0.7,4000,0.75,16000,0,300000
POWERGRID30Jan20180PE.NFO,07/01/2020,14:36:31,0.8,0.7,8000,0.75,16000,0,300000
POWERGRID30Jan20180PE.NFO,07/01/2020,14:37:23,0.8,0.7,8000,0.75,12000,0,300000
POWERGRID30Jan20180PE.NFO,07/01/2020,14:37:28,0.8,0.7,8000,0.75,8000,0,300000
POWERGRID30Jan20180PE.NFO,07/01/2020,14:37:37,0.8,0.7,8000,0.75,4000,0,300000
POWERGRID30Jan20180PE.NFO,07/01/2020,14:38:25,0.8,0.7,8000,0.8,20000,0,300000
POWERGRID30Jan20180PE.NFO,07/01/2020,14:38:37,0.8,0.7,12000,0.8,20000,0,300000
POWERGRID30Jan20180PE.NFO,07/01/2020,14:39:43,0.8,0.7,8000,0.8,20000,0,300000
POWERGRID30Jan20180PE.NFO,07/01/2020,14:42:53,0.8,0.7,8000,0.8,16000,0,300000
POWERGRID30Jan20180PE.NFO,07/01/2020,14:43:50,0.8,0.75,8000,0.8,16000,0,300000
POWERGRID30Jan20180PE.NFO,07/01/2020,14:43:59,0.75,0.75,4000,0.8,16000,4000,300000
POWERGRID30Jan20180PE.NFO,07/01/2020,14:49:22,0.75,0.75,8000,0.8,20000,0,300000
POWERGRID30Jan20180PE.NFO,07/01/2020,14:49:43,0.75,0.75,20000,0.8,16000,0,300000
POWERGRID30Jan20180PE.NFO,07/01/2020,14:49:47,0.75,0.75,12000,0.8,16000,0,300000
POWERGRID30Jan20180PE.NFO,07/01/2020,14:50:03,0.75,0.75,12000,0.8,20000,0,300000
POWERGRID30Jan20180PE.NFO,07/01/2020,14:51:18,0.75,0.75,12000,0.8,16000,0,300000
POWERGRID30Jan20180PE.NFO,07/01/2020,14:51:47,0.75,0.75,16000,0.8,8000,0,300000
POWERGRID30Jan20180PE.NFO,07/01/2020,14:52:12,0.8,0.75,12000,0.8,8000,4000,304000
POWERGRID30Jan20180PE.NFO,07/01/2020,14:52:20,0.8,0.75,12000,0.8,8000,0,304000
POWERGRID30Jan20180PE.NFO,07/01/2020,14:52:34,0.8,0.75,12000,0.8,4000,0,304000
POWERGRID30Jan20180PE.NFO,07/01/2020,14:52:37,0.8,0.75,12000,0.8,8000,0,304000
POWERGRID30Jan20180PE.NFO,07/01/2020,14:52:39,0.8,0.75,12000,0.8,4000,0,304000
POWERGRID30Jan20180PE.NFO,07/01/2020,14:52:57,0.8,0.75,12000,0.8,8000,0,304000
POWERGRID30Jan20180PE.NFO,07/01/2020,14:53:17,0.8,0.75,12000,0.8,12000,0,304000
POWERGRID30Jan20180PE.NFO,07/01/2020,14:53:24,0.8,0.75,8000,0.8,12000,0,304000
POWERGRID30Jan20180PE.NFO,07/01/2020,14:59:14,0.8,0.75,4000,0.8,12000,0,304000
POWERGRID30Jan20180PE.NFO,07/01/2020,15:00:06,0.75,0.7,8000,0.75,12000,4000,304000
POWERGRID30Jan20180PE.NFO,07/01/2020,15:00:16,0.75,0.7,8000,0.75,4000,0,304000
POWERGRID30Jan20180PE.NFO,07/01/2020,15:00:24,0.75,0.7,8000,0.8,16000,0,304000
POWERGRID30Jan20180PE.NFO,07/01/2020,15:00:31,0.75,0.7,8000,0.8,12000,0,304000
POWERGRID30Jan20180PE.NFO,07/01/2020,15:01:19,0.75,0.7,12000,0.8,12000,0,304000
POWERGRID30Jan20180PE.NFO,07/01/2020,15:02:06,0.75,0.75,16000,0.8,12000,0,304000
POWERGRID30Jan20180PE.NFO,07/01/2020,15:02:15,0.75,0.75,12000,0.8,12000,0,304000
POWERGRID30Jan20180PE.NFO,07/01/2020,15:04:12,0.75,0.75,16000,0.8,12000,0,304000
POWERGRID30Jan20180PE.NFO,07/01/2020,15:04:24,0.75,0.75,16000,0.8,8000,0,304000
POWERGRID30Jan20180PE.NFO,07/01/2020,15:04:29,0.75,0.75,16000,0.8,4000,0,304000
POWERGRID30Jan20180PE.NFO,07/01/2020,15:04:35,0.75,0.75,16000,0.8,8000,0,304000
POWERGRID30Jan20180PE.NFO,07/01/2020,15:05:09,0.75,0.75,16000,0.8,4000,0,304000
POWERGRID30Jan20180PE.NFO,07/01/2020,15:06:40,0.75,0.75,16000,0.8,8000,0,304000
POWERGRID30Jan20180PE.NFO,07/01/2020,15:07:09,0.75,0.75,16000,0.8,12000,0,304000
POWERGRID30Jan20180PE.NFO,07/01/2020,15:07:19,0.75,0.75,16000,0.8,8000,0,304000
POWERGRID30Jan20180PE.NFO,07/01/2020,15:07:24,0.75,0.75,16000,0.8,12000,0,304000
POWERGRID30Jan20180PE.NFO,07/01/2020,15:07:28,0.75,0.75,16000,0.8,8000,0,304000
POWERGRID30Jan20180PE.NFO,07/01/2020,15:07:33,0.75,0.75,16000,0.8,12000,0,304000
POWERGRID30Jan20180PE.NFO,07/01/2020,15:07:39,0.75,0.75,12000,0.8,12000,0,304000
POWERGRID30Jan20180PE.NFO,07/01/2020,15:07:53,0.75,0.75,16000,0.8,12000,0,304000
POWERGRID30Jan20180PE.NFO,07/01/2020,15:07:58,0.75,0.75,12000,0.8,12000,0,304000
POWERGRID30Jan20180PE.NFO,07/01/2020,15:08:07,0.75,0.75,16000,0.8,12000,0,304000
POWERGRID30Jan20180PE.NFO,07/01/2020,15:08:58,0.75,0.75,12000,0.8,12000,0,304000
POWERGRID30Jan20180PE.NFO,07/01/2020,15:09:11,0.75,0.75,16000,0.8,12000,0,304000
POWERGRID30Jan20180PE.NFO,07/01/2020,15:09:43,0.75,0.75,12000,0.8,12000,0,304000
POWERGRID30Jan20180PE.NFO,07/01/2020,15:09:54,0.75,0.75,16000,0.8,12000,0,304000
POWERGRID30Jan20180PE.NFO,07/01/2020,15:10:11,0.8,0.75,16000,0.8,8000,4000,304000
POWERGRID30Jan20180PE.NFO,07/01/2020,15:10:26,0.8,0.75,12000,0.8,8000,0,304000
POWERGRID30Jan20180PE.NFO,07/01/2020,15:13:06,0.75,0.7,4000,0.8,8000,4000,304000
POWERGRID30Jan20180PE.NFO,07/01/2020,15:16:09,0.75,0.7,4000,0.8,16000,0,304000
POWERGRID30Jan20180PE.NFO,07/01/2020,15:16:22,0.75,0.7,4000,0.8,12000,0,304000
POWERGRID30Jan20180PE.NFO,07/01/2020,15:17:01,0.75,0.75,4000,0.8,12000,0,304000
POWERGRID30Jan20180PE.NFO,07/01/2020,15:18:03,0.75,0.7,4000,0.75,12000,4000,308000
POWERGRID30Jan20180PE.NFO,07/01/2020,15:18:09,0.75,0.7,4000,0.75,12000,0,308000
POWERGRID30Jan20180PE.NFO,07/01/2020,15:18:46,0.75,0.65,12000,0.75,12000,0,308000
POWERGRID30Jan20180PE.NFO,07/01/2020,15:26:43,0.75,0.65,12000,0.75,16000,0,308000
POWERGRID30Jan20180PE.NFO,07/01/2020,15:28:41,0.75,0.65,12000,0.75,4000,0,308000
POWERGRID30Jan20180PE.NFO,07/01/2020,15:29:06,0.75,0.6,4000,0.75,4000,0,308000
