Ticker,Date,Time,LTP,BuyPrice,BuyQty,SellPrice,SellQty,LTQ,OpenInterest
RBLBANK30Jan20360CE.NFO,07/01/2020,09:15:07,11,10.35,6000,11.5,3000,1500,829500
RBLBANK30Jan20360CE.NFO,07/01/2020,09:15:07,11,10.35,6000,11.5,3000,0,829500
RBLBANK30Jan20360CE.NFO,07/01/2020,09:15:07,11,10.35,6000,11.5,3000,0,829500
RBLBANK30Jan20360CE.NFO,07/01/2020,09:15:07,11,10.35,6000,11.5,3000,0,829500
RBLBANK30Jan20360CE.NFO,07/01/2020,09:15:17,11,10.7,6000,11.25,1500,3000,829500
RBLBANK30Jan20360CE.NFO,07/01/2020,09:15:17,10.75,10.7,6000,11.25,1500,0,829500
RBLBANK30Jan20360CE.NFO,07/01/2020,09:15:28,11.1,10.9,1500,11.75,3000,7500,829500
RBLBANK30Jan20360CE.NFO,07/01/2020,09:15:28,11.4,10.9,1500,11.75,3000,0,829500
RBLBANK30Jan20360CE.NFO,07/01/2020,09:15:40,11.5,11.15,3000,11.7,3000,3000,829500
RBLBANK30Jan20360CE.NFO,07/01/2020,09:15:40,11.55,11.15,3000,11.7,3000,0,829500
RBLBANK30Jan20360CE.NFO,07/01/2020,09:15:52,11.3,11.05,3000,11.35,1500,1500,829500
RBLBANK30Jan20360CE.NFO,07/01/2020,09:16:04,11.4,11.2,3000,11.5,1500,4500,829500
RBLBANK30Jan20360CE.NFO,07/01/2020,09:16:16,11.4,11.35,3000,11.45,3000,4500,829500
RBLBANK30Jan20360CE.NFO,07/01/2020,09:16:27,11.5,11.35,4500,11.75,3000,4500,829500
RBLBANK30Jan20360CE.NFO,07/01/2020,09:16:37,11.5,11.5,3000,11.75,3000,0,829500
RBLBANK30Jan20360CE.NFO,07/01/2020,09:16:47,11.4,11.15,3000,11.6,4500,4500,829500
RBLBANK30Jan20360CE.NFO,07/01/2020,09:16:57,11.2,11.2,1500,11.45,3000,3000,829500
RBLBANK30Jan20360CE.NFO,07/01/2020,09:17:06,11.45,11.2,1500,11.45,1500,1500,829500
RBLBANK30Jan20360CE.NFO,07/01/2020,09:17:15,11.2,11.2,1500,11.45,3000,1500,829500
RBLBANK30Jan20360CE.NFO,07/01/2020,09:17:25,11,11,3000,11.2,4500,4500,835500
RBLBANK30Jan20360CE.NFO,07/01/2020,09:17:35,11,11,4500,11.2,6000,0,835500
RBLBANK30Jan20360CE.NFO,07/01/2020,09:17:46,11,11,3000,11.2,1500,10500,835500
RBLBANK30Jan20360CE.NFO,07/01/2020,09:17:57,11,11,3000,11.35,3000,1500,835500
RBLBANK30Jan20360CE.NFO,07/01/2020,09:18:06,11,10.9,1500,11,87000,19500,835500
RBLBANK30Jan20360CE.NFO,07/01/2020,09:18:15,11,10.9,1500,11,70500,16500,835500
RBLBANK30Jan20360CE.NFO,07/01/2020,09:18:24,11,10.65,3000,11,58500,16500,835500
RBLBANK30Jan20360CE.NFO,07/01/2020,09:18:33,10.5,10.75,1500,10.95,4500,4500,835500
RBLBANK30Jan20360CE.NFO,07/01/2020,09:18:33,10.5,10.75,1500,10.95,4500,0,835500
RBLBANK30Jan20360CE.NFO,07/01/2020,09:18:42,10.5,10.45,1500,10.75,1500,0,835500
RBLBANK30Jan20360CE.NFO,07/01/2020,09:18:51,10.5,10.45,1500,10.85,1500,0,835500
RBLBANK30Jan20360CE.NFO,07/01/2020,09:19:00,10.5,10.45,1500,10.75,3000,3000,835500
RBLBANK30Jan20360CE.NFO,07/01/2020,09:19:09,10.5,10.5,6000,10.65,3000,0,835500
RBLBANK30Jan20360CE.NFO,07/01/2020,09:19:17,10.65,10.5,6000,10.9,1500,3000,835500
RBLBANK30Jan20360CE.NFO,07/01/2020,09:19:26,11,10.6,1500,11,61500,3000,835500
RBLBANK30Jan20360CE.NFO,07/01/2020,09:19:35,10.95,10.6,1500,10.95,3000,1500,835500
RBLBANK30Jan20360CE.NFO,07/01/2020,09:19:51,10.9,10.65,1500,10.9,3000,1500,835500
RBLBANK30Jan20360CE.NFO,07/01/2020,09:19:58,10.95,10.55,3000,10.95,3000,3000,835500
RBLBANK30Jan20360CE.NFO,07/01/2020,09:20:06,10.75,10.75,3000,11,48000,13500,835500
RBLBANK30Jan20360CE.NFO,07/01/2020,09:20:14,11,10.85,1500,11,45000,4500,823500
RBLBANK30Jan20360CE.NFO,07/01/2020,09:20:22,10.95,10.8,1500,11,24000,24000,823500
RBLBANK30Jan20360CE.NFO,07/01/2020,09:20:30,10.9,10.6,3000,10.9,3000,6000,823500
RBLBANK30Jan20360CE.NFO,07/01/2020,09:20:37,10.9,10.85,4500,11,22500,0,823500
RBLBANK30Jan20360CE.NFO,07/01/2020,09:20:45,10.9,10.85,3000,11,21000,3000,823500
RBLBANK30Jan20360CE.NFO,07/01/2020,09:20:52,11.1,11.1,1500,11.4,3000,24000,823500
RBLBANK30Jan20360CE.NFO,07/01/2020,09:21:00,11.2,11.15,4500,11.2,6000,1500,823500
RBLBANK30Jan20360CE.NFO,07/01/2020,09:21:08,11.15,11.2,3000,11.3,1500,7500,823500
RBLBANK30Jan20360CE.NFO,07/01/2020,09:21:12,11.2,11.1,1500,11.3,1500,4500,823500
RBLBANK30Jan20360CE.NFO,07/01/2020,09:21:13,11.2,11.1,1500,11.3,1500,0,823500
RBLBANK30Jan20360CE.NFO,07/01/2020,09:21:14,11.2,11.1,1500,11.2,1500,0,823500
RBLBANK30Jan20360CE.NFO,07/01/2020,09:21:17,11.1,11,3000,11.2,1500,1500,823500
RBLBANK30Jan20360CE.NFO,07/01/2020,09:21:22,11.1,11,3000,11.2,4500,0,823500
RBLBANK30Jan20360CE.NFO,07/01/2020,09:21:25,11.1,11,3000,11.1,1500,0,823500
RBLBANK30Jan20360CE.NFO,07/01/2020,09:21:28,11,10.85,3000,11.1,1500,3000,823500
RBLBANK30Jan20360CE.NFO,07/01/2020,09:21:29,11,10.85,3000,11.1,3000,0,823500
RBLBANK30Jan20360CE.NFO,07/01/2020,09:21:30,11.1,10.85,1500,11.1,1500,3000,823500
RBLBANK30Jan20360CE.NFO,07/01/2020,09:21:32,11.1,10.85,1500,11.1,3000,0,823500
RBLBANK30Jan20360CE.NFO,07/01/2020,09:21:33,11.1,10.85,1500,11.1,4500,0,823500
RBLBANK30Jan20360CE.NFO,07/01/2020,09:21:35,11,10.85,1500,11.1,4500,1500,823500
RBLBANK30Jan20360CE.NFO,07/01/2020,09:21:36,11,10.85,1500,11.05,1500,0,823500
RBLBANK30Jan20360CE.NFO,07/01/2020,09:21:37,11.1,10.85,1500,11.1,3000,1500,823500
RBLBANK30Jan20360CE.NFO,07/01/2020,09:21:38,11.1,10.85,1500,11.05,3000,0,823500
RBLBANK30Jan20360CE.NFO,07/01/2020,09:21:41,11.1,10.85,1500,11.05,1500,0,823500
RBLBANK30Jan20360CE.NFO,07/01/2020,09:21:42,11.1,10.85,1500,11.05,3000,0,823500
RBLBANK30Jan20360CE.NFO,07/01/2020,09:21:43,11.1,10.85,1500,11.1,6000,0,823500
RBLBANK30Jan20360CE.NFO,07/01/2020,09:21:44,11.1,10.85,1500,11.1,4500,0,823500
RBLBANK30Jan20360CE.NFO,07/01/2020,09:21:45,11.1,10.85,1500,11.1,3000,3000,823500
RBLBANK30Jan20360CE.NFO,07/01/2020,09:21:46,11.1,10.85,1500,11.1,1500,0,823500
RBLBANK30Jan20360CE.NFO,07/01/2020,09:21:47,11.1,10.85,1500,11.1,4500,0,823500
RBLBANK30Jan20360CE.NFO,07/01/2020,09:21:49,11.1,10.85,1500,11.1,3000,0,823500
RBLBANK30Jan20360CE.NFO,07/01/2020,09:21:51,11.1,10.85,1500,11.1,1500,0,823500
RBLBANK30Jan20360CE.NFO,07/01/2020,09:21:54,11.1,10.85,1500,11.15,7500,3000,823500
RBLBANK30Jan20360CE.NFO,07/01/2020,09:21:55,11.1,10.85,1500,11.15,9000,0,823500
RBLBANK30Jan20360CE.NFO,07/01/2020,09:21:56,11.1,10.85,1500,11.1,1500,0,823500
RBLBANK30Jan20360CE.NFO,07/01/2020,09:21:58,11.1,10.85,1500,11.15,7500,1500,823500
RBLBANK30Jan20360CE.NFO,07/01/2020,09:21:59,11.15,10.85,1500,11.15,4500,1500,823500
RBLBANK30Jan20360CE.NFO,07/01/2020,09:22:00,11.15,10.9,1500,11.15,6000,0,823500
RBLBANK30Jan20360CE.NFO,07/01/2020,09:22:01,11.15,10.95,1500,11.15,4500,0,823500
RBLBANK30Jan20360CE.NFO,07/01/2020,09:22:02,10.95,10.9,1500,11.1,1500,1500,823500
RBLBANK30Jan20360CE.NFO,07/01/2020,09:22:03,10.95,10.9,1500,11.15,6000,0,823500
RBLBANK30Jan20360CE.NFO,07/01/2020,09:22:04,10.95,10.95,1500,11.15,4500,0,823500
RBLBANK30Jan20360CE.NFO,07/01/2020,09:22:14,10.95,10.9,1500,11.1,1500,0,823500
RBLBANK30Jan20360CE.NFO,07/01/2020,09:22:17,10.8,10.6,3000,10.95,1500,4500,823500
RBLBANK30Jan20360CE.NFO,07/01/2020,09:22:18,10.8,10.6,3000,10.95,1500,0,823500
RBLBANK30Jan20360CE.NFO,07/01/2020,09:22:21,10.95,10.75,1500,11,4500,1500,823500
RBLBANK30Jan20360CE.NFO,07/01/2020,09:22:22,10.95,10.75,1500,11,4500,0,823500
RBLBANK30Jan20360CE.NFO,07/01/2020,09:22:23,11,10.8,1500,11,3000,1500,823500
RBLBANK30Jan20360CE.NFO,07/01/2020,09:22:24,11,10.8,1500,11,3000,0,823500
RBLBANK30Jan20360CE.NFO,07/01/2020,09:22:27,11,10.8,4500,11,3000,0,823500
RBLBANK30Jan20360CE.NFO,07/01/2020,09:22:39,11,10.8,6000,11.1,6000,0,823500
RBLBANK30Jan20360CE.NFO,07/01/2020,09:22:43,11,10.8,6000,11.05,6000,0,823500
RBLBANK30Jan20360CE.NFO,07/01/2020,09:22:46,11,11,1500,11.15,4500,0,823500
RBLBANK30Jan20360CE.NFO,07/01/2020,09:22:51,11,11,1500,11.15,1500,0,823500
RBLBANK30Jan20360CE.NFO,07/01/2020,09:22:53,11,10.9,3000,11.05,1500,1500,823500
RBLBANK30Jan20360CE.NFO,07/01/2020,09:22:54,11,10.9,3000,11.05,1500,0,823500
RBLBANK30Jan20360CE.NFO,07/01/2020,09:22:55,11,10.8,6000,11.1,6000,0,823500
RBLBANK30Jan20360CE.NFO,07/01/2020,09:22:57,11,10.85,4500,11.1,6000,0,823500
RBLBANK30Jan20360CE.NFO,07/01/2020,09:22:58,11,11,1500,11.1,6000,0,823500
RBLBANK30Jan20360CE.NFO,07/01/2020,09:22:59,11,11,1500,11.1,1500,0,823500
RBLBANK30Jan20360CE.NFO,07/01/2020,09:23:00,11,11,3000,11.1,1500,0,823500
RBLBANK30Jan20360CE.NFO,07/01/2020,09:23:02,11,11.05,3000,11.1,1500,0,823500
RBLBANK30Jan20360CE.NFO,07/01/2020,09:23:04,11,11,3000,11.1,1500,0,823500
RBLBANK30Jan20360CE.NFO,07/01/2020,09:23:05,11,11.05,1500,11.1,1500,0,823500
RBLBANK30Jan20360CE.NFO,07/01/2020,09:23:06,11,11,3000,11.1,1500,0,823500
RBLBANK30Jan20360CE.NFO,07/01/2020,09:23:09,11,11,3000,11.1,3000,0,823500
RBLBANK30Jan20360CE.NFO,07/01/2020,09:23:18,11,10.95,1500,11.1,4500,1500,825000
RBLBANK30Jan20360CE.NFO,07/01/2020,09:23:25,11.1,10.9,3000,11.15,6000,3000,825000
RBLBANK30Jan20360CE.NFO,07/01/2020,09:23:31,11,10.8,4500,11.05,3000,3000,825000
RBLBANK30Jan20360CE.NFO,07/01/2020,09:23:37,11,10.9,1500,11.1,1500,0,825000
RBLBANK30Jan20360CE.NFO,07/01/2020,09:23:43,11.1,11,1500,11.15,1500,1500,825000
RBLBANK30Jan20360CE.NFO,07/01/2020,09:23:50,11.1,11,4500,11.15,3000,0,825000
RBLBANK30Jan20360CE.NFO,07/01/2020,09:23:57,11.1,11,4500,11.1,1500,0,825000
RBLBANK30Jan20360CE.NFO,07/01/2020,09:24:04,11.1,11,4500,11.15,3000,0,825000
RBLBANK30Jan20360CE.NFO,07/01/2020,09:24:11,11,10.8,6000,11.15,4500,1500,825000
RBLBANK30Jan20360CE.NFO,07/01/2020,09:24:18,11.1,10.85,6000,11.05,3000,1500,825000
RBLBANK30Jan20360CE.NFO,07/01/2020,09:24:25,11.1,10.9,1500,11.05,3000,0,825000
RBLBANK30Jan20360CE.NFO,07/01/2020,09:24:31,11.1,10.9,1500,11,1500,0,825000
RBLBANK30Jan20360CE.NFO,07/01/2020,09:24:38,10.9,10.8,1500,10.95,1500,1500,825000
RBLBANK30Jan20360CE.NFO,07/01/2020,09:24:44,10.8,10.75,1500,10.9,1500,1500,825000
RBLBANK30Jan20360CE.NFO,07/01/2020,09:24:50,10.75,10.65,1500,10.8,1500,1500,825000
RBLBANK30Jan20360CE.NFO,07/01/2020,09:24:56,10.75,10.7,1500,10.8,1500,0,825000
RBLBANK30Jan20360CE.NFO,07/01/2020,09:25:03,10.75,10.65,4500,10.85,1500,0,825000
RBLBANK30Jan20360CE.NFO,07/01/2020,09:25:11,10.75,10.7,6000,10.85,1500,0,825000
RBLBANK30Jan20360CE.NFO,07/01/2020,09:25:18,10.75,10.7,1500,10.8,1500,0,825000
RBLBANK30Jan20360CE.NFO,07/01/2020,09:25:25,10.7,10.6,1500,10.75,6000,4500,825000
RBLBANK30Jan20360CE.NFO,07/01/2020,09:25:32,10.7,10.6,1500,10.75,3000,0,825000
RBLBANK30Jan20360CE.NFO,07/01/2020,09:25:39,10.7,10.6,1500,10.75,4500,0,825000
RBLBANK30Jan20360CE.NFO,07/01/2020,09:25:47,10.6,10.5,7500,10.65,6000,3000,825000
RBLBANK30Jan20360CE.NFO,07/01/2020,09:26:02,10.5,10.5,3000,10.6,3000,3000,825000
RBLBANK30Jan20360CE.NFO,07/01/2020,09:26:10,10.5,10.35,1500,10.5,3000,3000,825000
RBLBANK30Jan20360CE.NFO,07/01/2020,09:26:18,10.5,10.3,1500,10.5,4500,0,825000
RBLBANK30Jan20360CE.NFO,07/01/2020,09:26:24,10.35,10.2,6000,10.4,4500,1500,834000
RBLBANK30Jan20360CE.NFO,07/01/2020,09:26:24,10.35,10.2,6000,10.4,4500,0,834000
RBLBANK30Jan20360CE.NFO,07/01/2020,09:26:30,10.35,10.3,1500,10.5,6000,0,834000
RBLBANK30Jan20360CE.NFO,07/01/2020,09:26:37,10.35,10.35,4500,10.5,3000,0,834000
RBLBANK30Jan20360CE.NFO,07/01/2020,09:26:44,10.35,10.35,12000,10.5,1500,0,834000
RBLBANK30Jan20360CE.NFO,07/01/2020,09:26:50,10.5,10.5,4500,10.55,3000,3000,834000
RBLBANK30Jan20360CE.NFO,07/01/2020,09:26:55,10.5,10.5,4500,10.6,4500,0,834000
RBLBANK30Jan20360CE.NFO,07/01/2020,09:27:01,10.5,10.5,4500,10.6,3000,0,834000
RBLBANK30Jan20360CE.NFO,07/01/2020,09:27:11,10.65,10.5,1500,10.6,6000,4500,834000
RBLBANK30Jan20360CE.NFO,07/01/2020,09:27:17,10.65,10.55,6000,10.75,3000,0,834000
RBLBANK30Jan20360CE.NFO,07/01/2020,09:27:24,10.65,10.5,7500,10.7,1500,0,834000
RBLBANK30Jan20360CE.NFO,07/01/2020,09:27:31,10.65,10.55,3000,10.7,1500,0,834000
RBLBANK30Jan20360CE.NFO,07/01/2020,09:27:37,10.65,10.55,4500,10.7,3000,0,834000
RBLBANK30Jan20360CE.NFO,07/01/2020,09:27:48,10.65,10.6,1500,10.7,1500,0,834000
RBLBANK30Jan20360CE.NFO,07/01/2020,09:27:57,10.6,10.55,3000,10.6,1500,3000,834000
RBLBANK30Jan20360CE.NFO,07/01/2020,09:28:12,10.45,10.35,4500,10.6,4500,6000,834000
RBLBANK30Jan20360CE.NFO,07/01/2020,09:28:19,10.45,10.3,1500,10.5,4500,0,834000
RBLBANK30Jan20360CE.NFO,07/01/2020,09:28:25,10.45,10.25,1500,10.4,1500,0,834000
RBLBANK30Jan20360CE.NFO,07/01/2020,09:28:37,10.45,10.3,1500,10.5,7500,0,834000
RBLBANK30Jan20360CE.NFO,07/01/2020,09:28:43,10.45,10.35,6000,10.6,6000,0,834000
RBLBANK30Jan20360CE.NFO,07/01/2020,09:28:48,10.45,10.45,7500,10.75,1500,0,834000
RBLBANK30Jan20360CE.NFO,07/01/2020,09:28:54,10.45,10.4,4500,10.6,1500,0,834000
RBLBANK30Jan20360CE.NFO,07/01/2020,09:29:00,10.45,10.4,4500,10.65,1500,0,834000
RBLBANK30Jan20360CE.NFO,07/01/2020,09:29:06,10.45,10.45,6000,10.65,1500,0,834000
RBLBANK30Jan20360CE.NFO,07/01/2020,09:29:19,10.65,10.45,4500,10.65,1500,1500,840000
RBLBANK30Jan20360CE.NFO,07/01/2020,09:29:24,10.65,10.55,1500,10.7,3000,0,840000
RBLBANK30Jan20360CE.NFO,07/01/2020,09:29:31,10.65,10.55,1500,10.7,6000,0,840000
RBLBANK30Jan20360CE.NFO,07/01/2020,09:29:37,10.65,10.45,7500,10.65,3000,0,840000
RBLBANK30Jan20360CE.NFO,07/01/2020,09:29:44,10.65,10.5,1500,10.6,1500,0,840000
RBLBANK30Jan20360CE.NFO,07/01/2020,09:29:50,10.65,10.45,4500,10.6,3000,0,840000
RBLBANK30Jan20360CE.NFO,07/01/2020,09:29:55,10.65,10.45,9000,10.6,1500,0,840000
RBLBANK30Jan20360CE.NFO,07/01/2020,09:30:00,10.65,10.5,1500,10.6,1500,0,840000
RBLBANK30Jan20360CE.NFO,07/01/2020,09:30:05,10.65,10.55,4500,10.7,1500,4500,840000
RBLBANK30Jan20360CE.NFO,07/01/2020,09:30:11,10.7,10.7,1500,10.8,3000,1500,840000
RBLBANK30Jan20360CE.NFO,07/01/2020,09:30:17,10.7,10.75,1500,10.8,1500,0,840000
RBLBANK30Jan20360CE.NFO,07/01/2020,09:30:28,10.8,10.8,1500,10.9,1500,1500,840000
RBLBANK30Jan20360CE.NFO,07/01/2020,09:30:33,10.8,10.8,1500,10.9,1500,0,840000
RBLBANK30Jan20360CE.NFO,07/01/2020,09:30:39,10.9,10.75,3000,10.95,4500,1500,840000
RBLBANK30Jan20360CE.NFO,07/01/2020,09:30:44,10.9,10.8,6000,11,7500,0,840000
RBLBANK30Jan20360CE.NFO,07/01/2020,09:30:50,11,10.8,6000,11,1500,6000,840000
RBLBANK30Jan20360CE.NFO,07/01/2020,09:30:55,11,10.8,1500,11,4500,0,840000
RBLBANK30Jan20360CE.NFO,07/01/2020,09:30:59,11,10.8,1500,11,1500,0,840000
RBLBANK30Jan20360CE.NFO,07/01/2020,09:31:05,11,10.95,1500,11.1,7500,0,840000
RBLBANK30Jan20360CE.NFO,07/01/2020,09:31:11,11,10.9,1500,11.1,9000,0,840000
RBLBANK30Jan20360CE.NFO,07/01/2020,09:31:17,11,10.9,6000,11.1,7500,1500,840000
RBLBANK30Jan20360CE.NFO,07/01/2020,09:31:23,11,10.95,4500,11.1,1500,0,840000
RBLBANK30Jan20360CE.NFO,07/01/2020,09:31:34,11,10.9,4500,11.05,1500,0,840000
RBLBANK30Jan20360CE.NFO,07/01/2020,09:31:40,11,11,1500,11.1,1500,0,840000
RBLBANK30Jan20360CE.NFO,07/01/2020,09:31:46,11,11,1500,11.1,3000,0,840000
RBLBANK30Jan20360CE.NFO,07/01/2020,09:31:51,11,11,1500,11.1,6000,0,840000
RBLBANK30Jan20360CE.NFO,07/01/2020,09:31:56,11,11,3000,11.1,1500,0,840000
RBLBANK30Jan20360CE.NFO,07/01/2020,09:32:03,11.35,11.25,6000,11.45,1500,3000,840000
RBLBANK30Jan20360CE.NFO,07/01/2020,09:32:10,11.35,11.25,7500,11.45,1500,0,840000
RBLBANK30Jan20360CE.NFO,07/01/2020,09:32:16,11.35,11.3,3000,11.45,1500,0,840000
RBLBANK30Jan20360CE.NFO,07/01/2020,09:32:23,11.6,11.5,6000,11.7,7500,7500,837000
RBLBANK30Jan20360CE.NFO,07/01/2020,09:32:23,11.6,11.5,6000,11.7,7500,0,837000
RBLBANK30Jan20360CE.NFO,07/01/2020,09:32:30,11.85,11.7,6000,11.85,3000,22500,837000
RBLBANK30Jan20360CE.NFO,07/01/2020,09:32:30,11.85,11.7,6000,11.85,3000,0,837000
RBLBANK30Jan20360CE.NFO,07/01/2020,09:32:36,11.75,11.7,3000,11.8,3000,7500,837000
RBLBANK30Jan20360CE.NFO,07/01/2020,09:32:43,11.75,11.75,3000,11.85,3000,0,837000
RBLBANK30Jan20360CE.NFO,07/01/2020,09:32:49,11.7,11.55,4500,11.7,3000,1500,837000
RBLBANK30Jan20360CE.NFO,07/01/2020,09:32:55,11.7,11.45,4500,11.65,4500,0,837000
RBLBANK30Jan20360CE.NFO,07/01/2020,09:33:00,11.7,11.55,3000,11.65,1500,0,837000
RBLBANK30Jan20360CE.NFO,07/01/2020,09:33:06,11.7,11.6,6000,11.75,3000,6000,837000
RBLBANK30Jan20360CE.NFO,07/01/2020,09:33:12,11.85,11.9,1500,12,4500,6000,837000
RBLBANK30Jan20360CE.NFO,07/01/2020,09:33:12,11.9,11.9,1500,12,4500,0,837000
RBLBANK30Jan20360CE.NFO,07/01/2020,09:33:12,11.85,11.9,1500,12,4500,0,837000
RBLBANK30Jan20360CE.NFO,07/01/2020,09:33:15,11.85,11.85,1500,11.95,1500,0,837000
RBLBANK30Jan20360CE.NFO,07/01/2020,09:33:16,11.85,11.7,3000,11.85,1500,0,837000
RBLBANK30Jan20360CE.NFO,07/01/2020,09:33:18,11.85,11.7,6000,11.9,3000,0,837000
RBLBANK30Jan20360CE.NFO,07/01/2020,09:33:21,11.85,11.7,1500,11.85,1500,0,837000
RBLBANK30Jan20360CE.NFO,07/01/2020,09:33:22,11.85,11.6,1500,11.8,7500,0,837000
RBLBANK30Jan20360CE.NFO,07/01/2020,09:33:24,11.8,11.6,1500,11.8,4500,3000,837000
RBLBANK30Jan20360CE.NFO,07/01/2020,09:33:25,11.8,11.65,6000,11.8,1500,0,837000
RBLBANK30Jan20360CE.NFO,07/01/2020,09:33:26,11.8,11.65,4500,11.8,1500,0,837000
RBLBANK30Jan20360CE.NFO,07/01/2020,09:33:28,11.8,11.7,1500,11.8,1500,0,837000
RBLBANK30Jan20360CE.NFO,07/01/2020,09:33:30,11.8,11.7,4500,11.85,3000,0,837000
RBLBANK30Jan20360CE.NFO,07/01/2020,09:33:31,11.8,11.75,3000,11.9,3000,0,837000
RBLBANK30Jan20360CE.NFO,07/01/2020,09:33:32,11.8,11.8,1500,11.9,1500,0,837000
RBLBANK30Jan20360CE.NFO,07/01/2020,09:33:41,11.8,11.8,4500,11.9,1500,0,837000
RBLBANK30Jan20360CE.NFO,07/01/2020,09:33:42,11.8,11.8,3000,11.9,1500,1500,837000
RBLBANK30Jan20360CE.NFO,07/01/2020,09:33:43,11.8,11.8,3000,11.9,1500,0,837000
RBLBANK30Jan20360CE.NFO,07/01/2020,09:33:45,11.9,11.85,3000,12,3000,1500,837000
RBLBANK30Jan20360CE.NFO,07/01/2020,09:33:45,11.9,11.85,1500,12,4500,0,837000
RBLBANK30Jan20360CE.NFO,07/01/2020,09:33:46,11.9,11.85,1500,12,3000,0,837000
RBLBANK30Jan20360CE.NFO,07/01/2020,09:33:47,11.9,11.85,4500,12,3000,0,837000
RBLBANK30Jan20360CE.NFO,07/01/2020,09:33:49,11.9,11.85,1500,11.95,1500,0,837000
RBLBANK30Jan20360CE.NFO,07/01/2020,09:33:51,11.9,11.85,1500,12,6000,0,837000
RBLBANK30Jan20360CE.NFO,07/01/2020,09:33:52,11.9,11.9,1500,12,4500,0,837000
RBLBANK30Jan20360CE.NFO,07/01/2020,09:33:53,11.9,11.9,1500,12,6000,0,837000
RBLBANK30Jan20360CE.NFO,07/01/2020,09:33:55,11.9,11.85,1500,11.95,3000,1500,837000
RBLBANK30Jan20360CE.NFO,07/01/2020,09:33:56,11.9,11.85,1500,11.95,3000,0,837000
RBLBANK30Jan20360CE.NFO,07/01/2020,09:33:57,11.85,11.8,4500,11.95,4500,1500,837000
RBLBANK30Jan20360CE.NFO,07/01/2020,09:33:58,11.85,11.85,1500,12,4500,0,837000
RBLBANK30Jan20360CE.NFO,07/01/2020,09:33:59,11.85,11.85,1500,11.9,1500,0,837000
RBLBANK30Jan20360CE.NFO,07/01/2020,09:34:00,11.9,11.9,3000,12,4500,1500,837000
RBLBANK30Jan20360CE.NFO,07/01/2020,09:34:01,11.9,11.9,1500,12,4500,0,837000
RBLBANK30Jan20360CE.NFO,07/01/2020,09:34:02,12,12,1500,12.1,1500,4500,837000
RBLBANK30Jan20360CE.NFO,07/01/2020,09:34:02,12,12,1500,12.1,1500,0,837000
RBLBANK30Jan20360CE.NFO,07/01/2020,09:34:03,12,11.9,3000,12.1,3000,0,837000
RBLBANK30Jan20360CE.NFO,07/01/2020,09:34:04,12,11.95,1500,12.1,3000,0,837000
RBLBANK30Jan20360CE.NFO,07/01/2020,09:34:05,12,11.85,4500,12.05,3000,0,837000
RBLBANK30Jan20360CE.NFO,07/01/2020,09:34:06,12,11.85,3000,12.05,3000,0,837000
RBLBANK30Jan20360CE.NFO,07/01/2020,09:34:07,12,11.9,1500,12.05,1500,0,837000
RBLBANK30Jan20360CE.NFO,07/01/2020,09:34:09,12,11.8,6000,12,3000,1500,837000
RBLBANK30Jan20360CE.NFO,07/01/2020,09:34:10,12,11.8,6000,12,3000,0,837000
RBLBANK30Jan20360CE.NFO,07/01/2020,09:34:11,11.8,11.75,1500,11.85,1500,6000,837000
RBLBANK30Jan20360CE.NFO,07/01/2020,09:34:12,11.8,11.75,1500,11.85,1500,0,837000
RBLBANK30Jan20360CE.NFO,07/01/2020,09:34:14,11.8,11.75,1500,11.9,1500,0,837000
RBLBANK30Jan20360CE.NFO,07/01/2020,09:34:15,11.8,11.75,1500,11.9,6000,0,837000
RBLBANK30Jan20360CE.NFO,07/01/2020,09:34:16,11.8,11.75,1500,11.9,4500,0,837000
RBLBANK30Jan20360CE.NFO,07/01/2020,09:34:17,11.8,11.8,1500,11.9,6000,0,837000
RBLBANK30Jan20360CE.NFO,07/01/2020,09:34:18,11.8,11.8,1500,11.85,1500,0,837000
RBLBANK30Jan20360CE.NFO,07/01/2020,09:34:19,11.8,11.8,3000,11.9,1500,0,837000
RBLBANK30Jan20360CE.NFO,07/01/2020,09:34:20,11.8,11.8,6000,11.9,3000,0,837000
RBLBANK30Jan20360CE.NFO,07/01/2020,09:34:21,11.8,11.8,6000,11.9,1500,0,837000
RBLBANK30Jan20360CE.NFO,07/01/2020,09:34:22,11.8,11.8,6000,11.9,4500,0,837000
RBLBANK30Jan20360CE.NFO,07/01/2020,09:34:23,11.75,11.7,3000,11.85,1500,7500,837000
RBLBANK30Jan20360CE.NFO,07/01/2020,09:34:24,11.75,11.7,3000,11.85,1500,0,837000
RBLBANK30Jan20360CE.NFO,07/01/2020,09:34:26,11.75,11.7,3000,11.8,1500,0,837000
RBLBANK30Jan20360CE.NFO,07/01/2020,09:34:27,11.8,11.7,3000,11.8,1500,3000,837000
RBLBANK30Jan20360CE.NFO,07/01/2020,09:34:28,11.7,11.55,3000,11.7,1500,3000,837000
RBLBANK30Jan20360CE.NFO,07/01/2020,09:34:29,11.7,11.55,3000,11.7,1500,0,837000
RBLBANK30Jan20360CE.NFO,07/01/2020,09:34:30,11.7,11.5,9000,11.75,4500,0,837000
RBLBANK30Jan20360CE.NFO,07/01/2020,09:34:31,11.75,11.5,10500,11.7,3000,3000,837000
RBLBANK30Jan20360CE.NFO,07/01/2020,09:34:32,11.75,11.5,3000,11.65,1500,0,837000
RBLBANK30Jan20360CE.NFO,07/01/2020,09:34:34,11.65,11.5,3000,11.7,4500,1500,837000
RBLBANK30Jan20360CE.NFO,07/01/2020,09:34:34,11.65,11.5,3000,11.7,4500,0,837000
RBLBANK30Jan20360CE.NFO,07/01/2020,09:34:35,11.65,11.5,3000,11.6,3000,0,837000
RBLBANK30Jan20360CE.NFO,07/01/2020,09:34:37,11.6,11.5,3000,11.6,1500,1500,837000
RBLBANK30Jan20360CE.NFO,07/01/2020,09:34:38,11.6,11.5,3000,11.6,1500,0,837000
RBLBANK30Jan20360CE.NFO,07/01/2020,09:34:39,11.5,11.4,1500,11.55,1500,3000,837000
RBLBANK30Jan20360CE.NFO,07/01/2020,09:34:40,11.5,11.4,3000,11.6,4500,0,837000
RBLBANK30Jan20360CE.NFO,07/01/2020,09:34:41,11.6,11.4,1500,11.55,3000,1500,837000
RBLBANK30Jan20360CE.NFO,07/01/2020,09:34:42,11.6,11.45,1500,11.6,3000,0,837000
RBLBANK30Jan20360CE.NFO,07/01/2020,09:34:45,11.6,11.4,3000,11.55,9000,0,837000
RBLBANK30Jan20360CE.NFO,07/01/2020,09:34:46,11.6,11.4,3000,11.5,1500,0,837000
RBLBANK30Jan20360CE.NFO,07/01/2020,09:34:48,11.6,11.5,1500,11.55,3000,0,837000
RBLBANK30Jan20360CE.NFO,07/01/2020,09:34:50,11.5,11.4,3000,11.55,1500,1500,837000
RBLBANK30Jan20360CE.NFO,07/01/2020,09:34:51,11.55,11.4,3000,11.6,4500,1500,837000
RBLBANK30Jan20360CE.NFO,07/01/2020,09:34:52,11.55,11.5,3000,11.65,1500,0,837000
RBLBANK30Jan20360CE.NFO,07/01/2020,09:34:53,11.55,11.6,1500,11.7,6000,0,837000
RBLBANK30Jan20360CE.NFO,07/01/2020,09:34:54,11.6,11.5,3000,11.7,1500,1500,837000
RBLBANK30Jan20360CE.NFO,07/01/2020,09:34:58,11.6,11.6,1500,11.75,4500,0,837000
RBLBANK30Jan20360CE.NFO,07/01/2020,09:34:59,11.7,11.6,3000,11.75,1500,1500,837000
RBLBANK30Jan20360CE.NFO,07/01/2020,09:35:01,11.7,11.65,3000,11.75,1500,0,837000
RBLBANK30Jan20360CE.NFO,07/01/2020,09:35:02,11.7,11.55,4500,11.75,3000,0,837000
RBLBANK30Jan20360CE.NFO,07/01/2020,09:35:03,11.7,11.55,6000,11.75,3000,1500,837000
RBLBANK30Jan20360CE.NFO,07/01/2020,09:35:04,11.7,11.6,1500,11.75,3000,0,837000
RBLBANK30Jan20360CE.NFO,07/01/2020,09:35:05,11.7,11.7,1500,11.75,3000,0,837000
RBLBANK30Jan20360CE.NFO,07/01/2020,09:35:06,11.75,11.65,3000,11.85,4500,3000,837000
RBLBANK30Jan20360CE.NFO,07/01/2020,09:35:07,11.75,11.65,3000,11.85,3000,0,837000
RBLBANK30Jan20360CE.NFO,07/01/2020,09:35:09,11.75,11.6,4500,11.8,7500,0,837000
RBLBANK30Jan20360CE.NFO,07/01/2020,09:35:10,11.75,11.6,6000,11.8,7500,0,837000
RBLBANK30Jan20360CE.NFO,07/01/2020,09:35:11,11.75,11.65,3000,11.8,1500,0,837000
RBLBANK30Jan20360CE.NFO,07/01/2020,09:35:13,11.75,11.7,1500,11.8,1500,0,837000
RBLBANK30Jan20360CE.NFO,07/01/2020,09:35:19,11.75,11.6,4500,11.8,6000,4500,853500
RBLBANK30Jan20360CE.NFO,07/01/2020,09:35:24,11.7,11.6,4500,11.75,1500,3000,853500
RBLBANK30Jan20360CE.NFO,07/01/2020,09:35:29,11.75,11.7,1500,11.75,1500,1500,853500
RBLBANK30Jan20360CE.NFO,07/01/2020,09:35:36,11.6,11.55,7500,11.75,1500,9000,853500
RBLBANK30Jan20360CE.NFO,07/01/2020,09:35:43,11.65,11.6,1500,11.7,6000,6000,853500
RBLBANK30Jan20360CE.NFO,07/01/2020,09:35:51,11.65,11.6,4500,11.75,7500,0,853500
RBLBANK30Jan20360CE.NFO,07/01/2020,09:35:59,11.8,11.65,6000,11.8,1500,6000,853500
RBLBANK30Jan20360CE.NFO,07/01/2020,09:36:05,11.8,11.7,4500,11.9,3000,3000,853500
RBLBANK30Jan20360CE.NFO,07/01/2020,09:36:12,11.7,11.7,1500,11.85,1500,3000,853500
RBLBANK30Jan20360CE.NFO,07/01/2020,09:36:17,11.95,11.75,6000,11.95,4500,1500,853500
RBLBANK30Jan20360CE.NFO,07/01/2020,09:36:23,11.85,11.7,4500,11.85,3000,1500,853500
RBLBANK30Jan20360CE.NFO,07/01/2020,09:36:29,11.8,11.7,4500,11.85,3000,6000,853500
RBLBANK30Jan20360CE.NFO,07/01/2020,09:36:35,11.8,11.7,9000,11.85,1500,0,853500
RBLBANK30Jan20360CE.NFO,07/01/2020,09:36:40,11.75,11.75,1500,11.85,1500,3000,853500
RBLBANK30Jan20360CE.NFO,07/01/2020,09:36:45,11.75,11.75,7500,11.95,7500,0,853500
RBLBANK30Jan20360CE.NFO,07/01/2020,09:36:51,11.95,11.8,3000,11.95,3000,4500,853500
RBLBANK30Jan20360CE.NFO,07/01/2020,09:36:57,11.8,11.8,6000,11.95,4500,3000,853500
RBLBANK30Jan20360CE.NFO,07/01/2020,09:37:02,11.95,11.85,4500,12,7500,3000,853500
RBLBANK30Jan20360CE.NFO,07/01/2020,09:37:07,11.95,11.85,3000,12,6000,0,853500
RBLBANK30Jan20360CE.NFO,07/01/2020,09:37:13,11.95,11.95,3000,12,6000,1500,853500
RBLBANK30Jan20360CE.NFO,07/01/2020,09:37:18,12,11.95,4500,12.1,4500,7500,853500
RBLBANK30Jan20360CE.NFO,07/01/2020,09:37:23,12,12,1500,12.15,9000,0,853500
RBLBANK30Jan20360CE.NFO,07/01/2020,09:37:28,12,12,3000,12.1,3000,0,853500
RBLBANK30Jan20360CE.NFO,07/01/2020,09:37:33,12,12,1500,12.05,3000,3000,853500
RBLBANK30Jan20360CE.NFO,07/01/2020,09:37:38,11.95,12,1500,12.05,4500,3000,853500
RBLBANK30Jan20360CE.NFO,07/01/2020,09:37:43,12,11.9,1500,12.05,4500,1500,853500
RBLBANK30Jan20360CE.NFO,07/01/2020,09:37:48,12,11.9,3000,12.05,3000,1500,853500
RBLBANK30Jan20360CE.NFO,07/01/2020,09:37:53,12.05,11.85,4500,12.05,1500,1500,853500
RBLBANK30Jan20360CE.NFO,07/01/2020,09:37:53,12.05,11.85,4500,12.05,1500,0,853500
RBLBANK30Jan20360CE.NFO,07/01/2020,09:37:57,12.05,11.85,4500,12,1500,1500,853500
RBLBANK30Jan20360CE.NFO,07/01/2020,09:38:03,12,12.05,3000,12.15,1500,1500,853500
RBLBANK30Jan20360CE.NFO,07/01/2020,09:38:08,12.15,12.1,1500,12.25,1500,1500,853500
RBLBANK30Jan20360CE.NFO,07/01/2020,09:38:08,12.15,12.1,1500,12.25,1500,0,853500
RBLBANK30Jan20360CE.NFO,07/01/2020,09:38:13,12.15,12,4500,12.2,9000,0,853500
RBLBANK30Jan20360CE.NFO,07/01/2020,09:38:19,12.15,12.05,4500,12.25,3000,0,853500
RBLBANK30Jan20360CE.NFO,07/01/2020,09:38:24,12.15,12.1,1500,12.2,1500,0,853500
RBLBANK30Jan20360CE.NFO,07/01/2020,09:38:28,12.15,12.05,6000,12.2,1500,0,853500
RBLBANK30Jan20360CE.NFO,07/01/2020,09:38:32,12,11.9,1500,12,1500,19500,868500
RBLBANK30Jan20360CE.NFO,07/01/2020,09:38:37,12.15,12.05,1500,12.15,1500,3000,868500
RBLBANK30Jan20360CE.NFO,07/01/2020,09:38:42,12.15,12.05,1500,12.15,1500,0,868500
RBLBANK30Jan20360CE.NFO,07/01/2020,09:38:52,12.05,12.05,3000,12.2,6000,3000,868500
RBLBANK30Jan20360CE.NFO,07/01/2020,09:38:57,12.05,12.05,3000,12.2,6000,0,868500
RBLBANK30Jan20360CE.NFO,07/01/2020,09:39:02,12.05,12.05,3000,12.15,1500,0,868500
RBLBANK30Jan20360CE.NFO,07/01/2020,09:39:07,12.2,12.1,3000,12.3,1500,4500,868500
RBLBANK30Jan20360CE.NFO,07/01/2020,09:39:07,12.2,12.1,3000,12.3,1500,0,868500
RBLBANK30Jan20360CE.NFO,07/01/2020,09:39:12,12.2,12.1,3000,12.3,3000,0,868500
RBLBANK30Jan20360CE.NFO,07/01/2020,09:39:18,12.2,12.2,4500,12.3,3000,0,868500
RBLBANK30Jan20360CE.NFO,07/01/2020,09:39:23,12.2,12.2,6000,12.4,1500,1500,868500
RBLBANK30Jan20360CE.NFO,07/01/2020,09:39:28,12.2,12.2,10500,12.4,1500,0,868500
RBLBANK30Jan20360CE.NFO,07/01/2020,09:39:33,12.2,12.2,9000,12.35,1500,0,868500
RBLBANK30Jan20360CE.NFO,07/01/2020,09:39:38,12.2,12.2,9000,12.4,4500,0,868500
RBLBANK30Jan20360CE.NFO,07/01/2020,09:39:44,12.4,12.2,13500,12.4,1500,1500,868500
RBLBANK30Jan20360CE.NFO,07/01/2020,09:39:44,12.4,12.2,13500,12.4,1500,0,868500
RBLBANK30Jan20360CE.NFO,07/01/2020,09:39:50,12.4,12.2,15000,12.4,4500,0,868500
RBLBANK30Jan20360CE.NFO,07/01/2020,09:39:55,12.4,12.2,9000,12.35,1500,3000,868500
RBLBANK30Jan20360CE.NFO,07/01/2020,09:39:59,12.4,12.2,7500,12.35,3000,0,868500
RBLBANK30Jan20360CE.NFO,07/01/2020,09:40:05,12.4,12.25,3000,12.45,3000,0,868500
RBLBANK30Jan20360CE.NFO,07/01/2020,09:40:12,12.45,12.4,4500,12.5,9000,1500,868500
RBLBANK30Jan20360CE.NFO,07/01/2020,09:40:12,12.45,12.4,4500,12.5,9000,0,868500
RBLBANK30Jan20360CE.NFO,07/01/2020,09:40:18,12.5,12.5,3000,12.65,4500,7500,868500
RBLBANK30Jan20360CE.NFO,07/01/2020,09:40:18,12.5,12.5,3000,12.65,4500,0,868500
RBLBANK30Jan20360CE.NFO,07/01/2020,09:40:23,12.5,12.45,3000,12.55,1500,4500,868500
RBLBANK30Jan20360CE.NFO,07/01/2020,09:40:23,12.6,12.45,3000,12.55,1500,0,868500
RBLBANK30Jan20360CE.NFO,07/01/2020,09:40:29,12.5,12.45,4500,12.55,1500,1500,868500
RBLBANK30Jan20360CE.NFO,07/01/2020,09:40:35,12.4,12.3,1500,12.45,1500,4500,868500
RBLBANK30Jan20360CE.NFO,07/01/2020,09:40:40,12.4,12.3,1500,12.4,4500,0,868500
RBLBANK30Jan20360CE.NFO,07/01/2020,09:40:46,12.4,12.3,3000,12.4,1500,1500,868500
RBLBANK30Jan20360CE.NFO,07/01/2020,09:40:51,12.4,12.3,1500,12.4,1500,0,868500
RBLBANK30Jan20360CE.NFO,07/01/2020,09:40:57,12.4,12.35,1500,12.45,1500,1500,868500
RBLBANK30Jan20360CE.NFO,07/01/2020,09:41:02,12.4,12.35,4500,12.45,1500,1500,868500
RBLBANK30Jan20360CE.NFO,07/01/2020,09:41:08,12.4,12.35,4500,12.45,1500,0,868500
RBLBANK30Jan20360CE.NFO,07/01/2020,09:41:13,12.45,12.35,1500,12.45,1500,1500,868500
RBLBANK30Jan20360CE.NFO,07/01/2020,09:41:18,12.45,12.35,1500,12.4,1500,0,868500
RBLBANK30Jan20360CE.NFO,07/01/2020,09:41:23,12.3,12.25,3000,12.4,3000,6000,883500
RBLBANK30Jan20360CE.NFO,07/01/2020,09:41:29,12.3,12.2,10500,12.4,6000,0,883500
RBLBANK30Jan20360CE.NFO,07/01/2020,09:41:34,12.25,12.2,12000,12.4,10500,1500,883500
RBLBANK30Jan20360CE.NFO,07/01/2020,09:41:39,12.35,12.2,12000,12.4,4500,1500,883500
RBLBANK30Jan20360CE.NFO,07/01/2020,09:41:44,12.3,12.25,4500,12.4,7500,1500,883500
RBLBANK30Jan20360CE.NFO,07/01/2020,09:41:49,12.45,12.35,4500,12.5,13500,4500,883500
RBLBANK30Jan20360CE.NFO,07/01/2020,09:41:55,12.45,12.25,4500,12.45,9000,0,883500
RBLBANK30Jan20360CE.NFO,07/01/2020,09:42:03,12.45,12.3,3000,12.45,6000,0,883500
RBLBANK30Jan20360CE.NFO,07/01/2020,09:42:10,12.45,12.35,4500,12.45,1500,1500,883500
RBLBANK30Jan20360CE.NFO,07/01/2020,09:42:17,12.55,12.5,3000,12.6,3000,12000,883500
RBLBANK30Jan20360CE.NFO,07/01/2020,09:42:24,12.55,12.55,1500,12.6,3000,0,883500
RBLBANK30Jan20360CE.NFO,07/01/2020,09:42:30,12.6,12.55,1500,12.65,3000,3000,883500
RBLBANK30Jan20360CE.NFO,07/01/2020,09:42:37,12.6,12.55,1500,12.65,1500,0,883500
RBLBANK30Jan20360CE.NFO,07/01/2020,09:42:44,12.55,12.4,3000,12.6,6000,1500,883500
RBLBANK30Jan20360CE.NFO,07/01/2020,09:42:51,12.4,12.35,3000,12.5,1500,3000,883500
RBLBANK30Jan20360CE.NFO,07/01/2020,09:42:58,12.4,12.4,7500,12.6,6000,0,883500
RBLBANK30Jan20360CE.NFO,07/01/2020,09:43:04,12.4,12.4,1500,12.55,6000,1500,883500
RBLBANK30Jan20360CE.NFO,07/01/2020,09:43:09,12.4,12.3,1500,12.45,3000,0,883500
RBLBANK30Jan20360CE.NFO,07/01/2020,09:43:14,12.4,12.25,1500,12.4,3000,0,883500
RBLBANK30Jan20360CE.NFO,07/01/2020,09:43:18,12.4,12.25,1500,12.4,6000,1500,883500
RBLBANK30Jan20360CE.NFO,07/01/2020,09:43:24,12.35,12.2,7500,12.35,4500,1500,883500
RBLBANK30Jan20360CE.NFO,07/01/2020,09:43:29,12.35,12.2,6000,12.35,9000,0,883500
RBLBANK30Jan20360CE.NFO,07/01/2020,09:43:34,12.3,12.2,6000,12.3,1500,1500,883500
RBLBANK30Jan20360CE.NFO,07/01/2020,09:43:39,12.3,12.2,6000,12.35,4500,0,883500
RBLBANK30Jan20360CE.NFO,07/01/2020,09:43:45,12.3,12.2,6000,12.3,1500,0,883500
RBLBANK30Jan20360CE.NFO,07/01/2020,09:43:50,12.3,12.2,6000,12.3,1500,4500,883500
RBLBANK30Jan20360CE.NFO,07/01/2020,09:43:55,12.3,12.25,1500,12.35,1500,0,883500
RBLBANK30Jan20360CE.NFO,07/01/2020,09:44:01,12.2,12.2,4500,12.35,7500,1500,883500
RBLBANK30Jan20360CE.NFO,07/01/2020,09:44:07,12.2,12.2,9000,12.4,4500,0,883500
RBLBANK30Jan20360CE.NFO,07/01/2020,09:44:13,12.25,12.2,7500,12.35,3000,1500,883500
RBLBANK30Jan20360CE.NFO,07/01/2020,09:44:18,12.25,12.2,4500,12.3,3000,0,883500
RBLBANK30Jan20360CE.NFO,07/01/2020,09:44:24,12.2,12.1,3000,12.25,1500,4500,873000
RBLBANK30Jan20360CE.NFO,07/01/2020,09:44:29,12.2,12.1,1500,12.25,3000,0,873000
RBLBANK30Jan20360CE.NFO,07/01/2020,09:44:34,12.2,12.1,1500,12.25,9000,0,873000
RBLBANK30Jan20360CE.NFO,07/01/2020,09:44:43,12.25,12.2,1500,12.25,4500,1500,873000
RBLBANK30Jan20360CE.NFO,07/01/2020,09:44:48,12.2,12.1,3000,12.25,6000,1500,873000
RBLBANK30Jan20360CE.NFO,07/01/2020,09:44:53,12.2,12.1,1500,12.2,3000,0,873000
RBLBANK30Jan20360CE.NFO,07/01/2020,09:44:59,12.2,12.15,1500,12.2,3000,0,873000
RBLBANK30Jan20360CE.NFO,07/01/2020,09:45:04,12.2,12.15,4500,12.3,3000,4500,873000
RBLBANK30Jan20360CE.NFO,07/01/2020,09:45:11,12.2,12.15,4500,12.3,1500,0,873000
RBLBANK30Jan20360CE.NFO,07/01/2020,09:45:19,12.3,12.15,1500,12.25,4500,1500,873000
RBLBANK30Jan20360CE.NFO,07/01/2020,09:45:25,12.3,12.15,1500,12.25,4500,0,873000
RBLBANK30Jan20360CE.NFO,07/01/2020,09:45:31,12.25,12.15,1500,12.25,4500,1500,873000
RBLBANK30Jan20360CE.NFO,07/01/2020,09:45:36,12.25,12.15,1500,12.25,1500,0,873000
RBLBANK30Jan20360CE.NFO,07/01/2020,09:45:42,12.2,12.15,1500,12.3,3000,9000,873000
RBLBANK30Jan20360CE.NFO,07/01/2020,09:45:47,12.2,12.15,1500,12.3,3000,0,873000
RBLBANK30Jan20360CE.NFO,07/01/2020,09:45:53,12.2,12.15,1500,12.25,3000,0,873000
RBLBANK30Jan20360CE.NFO,07/01/2020,09:46:04,12.2,12.15,3000,12.35,7500,0,873000
RBLBANK30Jan20360CE.NFO,07/01/2020,09:46:10,12.25,12.15,1500,12.3,3000,1500,873000
RBLBANK30Jan20360CE.NFO,07/01/2020,09:46:15,12.25,12.15,6000,12.35,6000,0,873000
RBLBANK30Jan20360CE.NFO,07/01/2020,09:46:19,12.25,12.15,1500,12.3,6000,0,873000
RBLBANK30Jan20360CE.NFO,07/01/2020,09:46:31,12.15,12.1,3000,12.25,1500,1500,873000
RBLBANK30Jan20360CE.NFO,07/01/2020,09:46:37,12.15,12.1,3000,12.25,1500,0,873000
RBLBANK30Jan20360CE.NFO,07/01/2020,09:46:43,12.15,12.05,3000,12.2,1500,1500,873000
RBLBANK30Jan20360CE.NFO,07/01/2020,09:46:53,12.15,12.05,3000,12.2,6000,0,873000
RBLBANK30Jan20360CE.NFO,07/01/2020,09:46:59,12.15,12.05,3000,12.15,4500,0,873000
RBLBANK30Jan20360CE.NFO,07/01/2020,09:47:04,12.1,12.05,9000,12.25,3000,3000,873000
RBLBANK30Jan20360CE.NFO,07/01/2020,09:47:09,12.1,12.1,4500,12.25,3000,0,873000
RBLBANK30Jan20360CE.NFO,07/01/2020,09:47:18,12.1,12.15,1500,12.25,3000,0,873000
RBLBANK30Jan20360CE.NFO,07/01/2020,09:47:23,12.15,12.05,3000,12.1,3000,1500,877500
RBLBANK30Jan20360CE.NFO,07/01/2020,09:47:28,12.1,12.05,10500,12.3,7500,3000,877500
RBLBANK30Jan20360CE.NFO,07/01/2020,09:47:33,12.1,12.1,4500,12.25,3000,0,877500
RBLBANK30Jan20360CE.NFO,07/01/2020,09:47:36,12.1,12.05,6000,12.25,4500,0,877500
RBLBANK30Jan20360CE.NFO,07/01/2020,09:47:41,12.2,12.05,7500,12.2,3000,1500,877500
RBLBANK30Jan20360CE.NFO,07/01/2020,09:47:45,12.2,12.1,7500,12.3,1500,1500,877500
RBLBANK30Jan20360CE.NFO,07/01/2020,09:47:50,12.2,12.1,7500,12.3,1500,0,877500
RBLBANK30Jan20360CE.NFO,07/01/2020,09:47:55,12.2,12.15,6000,12.35,1500,0,877500
RBLBANK30Jan20360CE.NFO,07/01/2020,09:48:00,12.2,12.2,4500,12.4,3000,1500,877500
RBLBANK30Jan20360CE.NFO,07/01/2020,09:48:05,12.55,12.45,4500,12.6,1500,3000,877500
RBLBANK30Jan20360CE.NFO,07/01/2020,09:48:14,12.6,12.65,4500,12.8,1500,1500,877500
RBLBANK30Jan20360CE.NFO,07/01/2020,09:48:18,13,12.8,1500,12.95,1500,21000,877500
RBLBANK30Jan20360CE.NFO,07/01/2020,09:48:18,13,12.8,1500,12.95,1500,0,877500
RBLBANK30Jan20360CE.NFO,07/01/2020,09:48:23,13,12.9,1500,12.95,1500,0,877500
RBLBANK30Jan20360CE.NFO,07/01/2020,09:48:29,12.95,12.9,1500,12.95,1500,1500,877500
RBLBANK30Jan20360CE.NFO,07/01/2020,09:48:35,12.9,12.75,3000,12.9,1500,3000,877500
RBLBANK30Jan20360CE.NFO,07/01/2020,09:48:41,12.85,12.65,1500,12.8,1500,1500,877500
RBLBANK30Jan20360CE.NFO,07/01/2020,09:48:47,12.65,12.6,4500,12.75,1500,1500,877500
RBLBANK30Jan20360CE.NFO,07/01/2020,09:48:53,12.75,12.45,3000,12.6,1500,1500,877500
RBLBANK30Jan20360CE.NFO,07/01/2020,09:48:59,12.6,12.45,6000,12.65,1500,1500,877500
RBLBANK30Jan20360CE.NFO,07/01/2020,09:49:06,12.6,12.45,4500,12.65,6000,0,877500
RBLBANK30Jan20360CE.NFO,07/01/2020,09:49:12,12.55,12.45,6000,12.7,4500,1500,877500
RBLBANK30Jan20360CE.NFO,07/01/2020,09:49:12,12.55,12.45,6000,12.7,3000,0,877500
RBLBANK30Jan20360CE.NFO,07/01/2020,09:49:14,12.55,12.45,6000,12.65,3000,0,877500
RBLBANK30Jan20360CE.NFO,07/01/2020,09:49:16,12.55,12.45,3000,12.65,4500,0,877500
RBLBANK30Jan20360CE.NFO,07/01/2020,09:49:18,12.45,12.45,1500,12.65,1500,3000,877500
RBLBANK30Jan20360CE.NFO,07/01/2020,09:49:18,12.45,12.45,1500,12.65,1500,0,877500
RBLBANK30Jan20360CE.NFO,07/01/2020,09:49:19,12.45,12.5,3000,12.65,1500,0,877500
RBLBANK30Jan20360CE.NFO,07/01/2020,09:49:20,12.45,12.5,4500,12.6,1500,0,877500
RBLBANK30Jan20360CE.NFO,07/01/2020,09:49:23,12.55,12.5,1500,12.6,4500,4500,877500
RBLBANK30Jan20360CE.NFO,07/01/2020,09:49:24,12.85,12.8,3000,12.95,3000,24000,877500
RBLBANK30Jan20360CE.NFO,07/01/2020,09:49:24,12.85,12.8,3000,12.95,3000,0,877500
RBLBANK30Jan20360CE.NFO,07/01/2020,09:49:25,12.85,12.8,3000,12.95,1500,0,877500
RBLBANK30Jan20360CE.NFO,07/01/2020,09:49:27,12.85,12.8,1500,12.95,1500,0,877500
RBLBANK30Jan20360CE.NFO,07/01/2020,09:49:29,12.8,12.75,4500,12.9,1500,1500,877500
RBLBANK30Jan20360CE.NFO,07/01/2020,09:49:33,12.8,12.75,6000,12.9,3000,0,877500
RBLBANK30Jan20360CE.NFO,07/01/2020,09:49:35,12.8,12.75,4500,12.85,1500,0,877500
RBLBANK30Jan20360CE.NFO,07/01/2020,09:49:36,12.8,12.75,4500,12.85,3000,0,877500
RBLBANK30Jan20360CE.NFO,07/01/2020,09:49:37,12.8,12.75,4500,12.9,3000,0,877500
RBLBANK30Jan20360CE.NFO,07/01/2020,09:49:42,12.8,12.7,1500,12.85,4500,0,877500
RBLBANK30Jan20360CE.NFO,07/01/2020,09:49:45,12.8,12.7,4500,12.9,4500,0,877500
RBLBANK30Jan20360CE.NFO,07/01/2020,09:49:46,12.8,12.7,4500,12.85,1500,0,877500
RBLBANK30Jan20360CE.NFO,07/01/2020,09:49:47,12.7,12.6,3000,12.75,1500,1500,877500
RBLBANK30Jan20360CE.NFO,07/01/2020,09:49:48,12.7,12.6,1500,12.8,1500,0,877500
RBLBANK30Jan20360CE.NFO,07/01/2020,09:49:50,12.7,12.6,1500,12.8,3000,0,877500
RBLBANK30Jan20360CE.NFO,07/01/2020,09:49:51,12.7,12.6,1500,12.8,6000,0,877500
RBLBANK30Jan20360CE.NFO,07/01/2020,09:49:53,12.7,12.6,4500,12.8,1500,1500,877500
RBLBANK30Jan20360CE.NFO,07/01/2020,09:49:53,12.7,12.6,4500,12.8,1500,0,877500
RBLBANK30Jan20360CE.NFO,07/01/2020,09:49:54,12.7,12.65,3000,12.8,1500,0,877500
RBLBANK30Jan20360CE.NFO,07/01/2020,09:49:55,12.7,12.75,1500,12.85,1500,0,877500
RBLBANK30Jan20360CE.NFO,07/01/2020,09:50:00,12.7,12.75,1500,12.9,4500,0,877500
RBLBANK30Jan20360CE.NFO,07/01/2020,09:50:01,12.7,12.75,3000,12.85,1500,0,877500
RBLBANK30Jan20360CE.NFO,07/01/2020,09:50:03,12.7,12.75,1500,12.9,6000,0,877500
RBLBANK30Jan20360CE.NFO,07/01/2020,09:50:04,12.7,12.75,1500,12.85,1500,0,877500
RBLBANK30Jan20360CE.NFO,07/01/2020,09:50:05,12.7,12.75,1500,12.85,3000,0,877500
RBLBANK30Jan20360CE.NFO,07/01/2020,09:50:06,12.7,12.75,1500,12.85,4500,0,877500
RBLBANK30Jan20360CE.NFO,07/01/2020,09:50:07,12.7,12.75,1500,12.85,1500,0,877500
RBLBANK30Jan20360CE.NFO,07/01/2020,09:50:09,12.7,12.75,1500,12.9,6000,0,877500
RBLBANK30Jan20360CE.NFO,07/01/2020,09:50:10,12.7,12.75,1500,12.85,1500,0,877500
RBLBANK30Jan20360CE.NFO,07/01/2020,09:50:15,12.75,12.65,3000,12.8,1500,1500,877500
RBLBANK30Jan20360CE.NFO,07/01/2020,09:50:20,12.7,12.5,7500,12.7,1500,1500,877500
RBLBANK30Jan20360CE.NFO,07/01/2020,09:50:25,12.7,12.5,9000,12.75,6000,1500,879000
RBLBANK30Jan20360CE.NFO,07/01/2020,09:50:30,12.7,12.5,9000,12.7,4500,0,879000
RBLBANK30Jan20360CE.NFO,07/01/2020,09:50:34,12.7,12.7,4500,12.8,3000,4500,879000
RBLBANK30Jan20360CE.NFO,07/01/2020,09:50:38,12.7,12.65,1500,12.8,4500,0,879000
RBLBANK30Jan20360CE.NFO,07/01/2020,09:50:43,12.7,12.75,1500,12.8,3000,0,879000
RBLBANK30Jan20360CE.NFO,07/01/2020,09:50:48,12.7,12.65,3000,12.8,4500,0,879000
RBLBANK30Jan20360CE.NFO,07/01/2020,09:50:53,12.7,12.7,4500,12.8,4500,0,879000
RBLBANK30Jan20360CE.NFO,07/01/2020,09:51:02,12.7,12.65,3000,12.8,6000,0,879000
RBLBANK30Jan20360CE.NFO,07/01/2020,09:51:08,12.65,12.55,1500,12.75,3000,3000,879000
RBLBANK30Jan20360CE.NFO,07/01/2020,09:51:13,12.75,12.55,3000,12.7,1500,1500,879000
RBLBANK30Jan20360CE.NFO,07/01/2020,09:51:17,12.75,12.5,7500,12.7,4500,0,879000
RBLBANK30Jan20360CE.NFO,07/01/2020,09:51:21,12.75,12.5,7500,12.7,6000,0,879000
RBLBANK30Jan20360CE.NFO,07/01/2020,09:51:26,12.65,12.5,6000,12.65,1500,1500,879000
RBLBANK30Jan20360CE.NFO,07/01/2020,09:51:30,12.65,12.5,4500,12.65,1500,0,879000
RBLBANK30Jan20360CE.NFO,07/01/2020,09:51:34,12.7,12.5,6000,12.65,3000,3000,879000
RBLBANK30Jan20360CE.NFO,07/01/2020,09:51:38,12.65,12.5,6000,12.65,3000,1500,879000
RBLBANK30Jan20360CE.NFO,07/01/2020,09:51:48,12.65,12.55,1500,12.65,1500,0,879000
RBLBANK30Jan20360CE.NFO,07/01/2020,09:51:58,12.6,12.55,1500,12.65,1500,1500,879000
RBLBANK30Jan20360CE.NFO,07/01/2020,09:52:02,12.6,12.55,1500,12.65,1500,0,879000
RBLBANK30Jan20360CE.NFO,07/01/2020,09:52:08,12.6,12.55,1500,12.65,4500,0,879000
RBLBANK30Jan20360CE.NFO,07/01/2020,09:52:13,12.6,12.6,1500,12.65,3000,0,879000
RBLBANK30Jan20360CE.NFO,07/01/2020,09:52:23,12.6,12.6,3000,12.65,3000,0,879000
RBLBANK30Jan20360CE.NFO,07/01/2020,09:52:28,12.65,12.55,1500,12.65,6000,4500,879000
RBLBANK30Jan20360CE.NFO,07/01/2020,09:52:34,12.55,12.5,3000,12.6,3000,1500,879000
RBLBANK30Jan20360CE.NFO,07/01/2020,09:52:38,12.55,12.5,3000,12.6,6000,0,879000
RBLBANK30Jan20360CE.NFO,07/01/2020,09:52:43,12.55,12.5,3000,12.65,7500,0,879000
RBLBANK30Jan20360CE.NFO,07/01/2020,09:52:47,12.6,12.5,1500,12.6,4500,1500,879000
RBLBANK30Jan20360CE.NFO,07/01/2020,09:52:51,12.6,12.55,3000,12.6,3000,0,879000
RBLBANK30Jan20360CE.NFO,07/01/2020,09:52:56,12.6,12.55,3000,12.65,7500,1500,879000
RBLBANK30Jan20360CE.NFO,07/01/2020,09:53:01,12.55,12.5,3000,12.6,9000,6000,879000
RBLBANK30Jan20360CE.NFO,07/01/2020,09:53:08,12.5,12.5,1500,12.55,4500,3000,879000
RBLBANK30Jan20360CE.NFO,07/01/2020,09:53:14,12.5,12.5,3000,12.55,4500,0,879000
RBLBANK30Jan20360CE.NFO,07/01/2020,09:53:19,12.5,12.45,1500,12.55,9000,3000,879000
RBLBANK30Jan20360CE.NFO,07/01/2020,09:53:24,12.5,12.45,1500,12.5,1500,3000,888000
RBLBANK30Jan20360CE.NFO,07/01/2020,09:53:29,12.45,12.4,3000,12.5,1500,1500,888000
RBLBANK30Jan20360CE.NFO,07/01/2020,09:53:34,12.5,12.4,1500,12.5,6000,1500,888000
RBLBANK30Jan20360CE.NFO,07/01/2020,09:53:39,12.45,12.4,1500,12.5,4500,1500,888000
RBLBANK30Jan20360CE.NFO,07/01/2020,09:53:44,12.45,12.35,1500,12.45,1500,1500,888000
RBLBANK30Jan20360CE.NFO,07/01/2020,09:53:49,12.5,12.35,3000,12.5,3000,3000,888000
RBLBANK30Jan20360CE.NFO,07/01/2020,09:53:54,12.4,12.35,1500,12.45,1500,1500,888000
RBLBANK30Jan20360CE.NFO,07/01/2020,09:53:59,12.5,12.4,3000,12.6,4500,4500,888000
RBLBANK30Jan20360CE.NFO,07/01/2020,09:54:04,12.45,12.4,4500,12.6,7500,3000,888000
RBLBANK30Jan20360CE.NFO,07/01/2020,09:54:10,12.55,12.45,4500,12.6,4500,1500,888000
RBLBANK30Jan20360CE.NFO,07/01/2020,09:54:15,12.45,12.4,4500,12.55,1500,3000,888000
RBLBANK30Jan20360CE.NFO,07/01/2020,09:54:20,12.45,12.4,3000,12.55,3000,1500,888000
RBLBANK30Jan20360CE.NFO,07/01/2020,09:54:26,12.45,12.4,1500,12.5,1500,0,888000
RBLBANK30Jan20360CE.NFO,07/01/2020,09:54:31,12.45,12.4,1500,12.45,1500,0,888000
RBLBANK30Jan20360CE.NFO,07/01/2020,09:54:36,12.45,12.4,1500,12.55,4500,0,888000
RBLBANK30Jan20360CE.NFO,07/01/2020,09:54:40,12.45,12.4,1500,12.55,3000,1500,888000
RBLBANK30Jan20360CE.NFO,07/01/2020,09:54:45,12.45,12.4,1500,12.5,1500,0,888000
RBLBANK30Jan20360CE.NFO,07/01/2020,09:54:50,12.45,12.4,1500,12.5,4500,0,888000
RBLBANK30Jan20360CE.NFO,07/01/2020,09:54:55,12.45,12.4,1500,12.45,1500,0,888000
RBLBANK30Jan20360CE.NFO,07/01/2020,09:55:01,12.45,12.4,1500,12.5,4500,0,888000
RBLBANK30Jan20360CE.NFO,07/01/2020,09:55:06,12.5,12.45,1500,12.6,4500,3000,888000
RBLBANK30Jan20360CE.NFO,07/01/2020,09:55:12,12.45,12.4,1500,12.55,3000,1500,888000
RBLBANK30Jan20360CE.NFO,07/01/2020,09:55:18,12.45,12.4,6000,12.55,3000,0,888000
RBLBANK30Jan20360CE.NFO,07/01/2020,09:55:24,12.45,12.5,1500,12.55,3000,0,888000
RBLBANK30Jan20360CE.NFO,07/01/2020,09:55:29,12.5,12.4,3000,12.5,1500,1500,888000
RBLBANK30Jan20360CE.NFO,07/01/2020,09:55:35,12.5,12.4,3000,12.5,1500,0,888000
RBLBANK30Jan20360CE.NFO,07/01/2020,09:55:40,12.5,12.4,1500,12.5,1500,0,888000
RBLBANK30Jan20360CE.NFO,07/01/2020,09:55:44,12.5,12.4,3000,12.55,3000,0,888000
RBLBANK30Jan20360CE.NFO,07/01/2020,09:55:48,12.5,12.5,1500,12.55,1500,0,888000
RBLBANK30Jan20360CE.NFO,07/01/2020,09:55:52,12.5,12.5,1500,12.6,4500,0,888000
RBLBANK30Jan20360CE.NFO,07/01/2020,09:56:06,12.5,12.4,1500,12.5,1500,1500,888000
RBLBANK30Jan20360CE.NFO,07/01/2020,09:56:13,12.5,12.4,6000,12.55,3000,0,888000
RBLBANK30Jan20360CE.NFO,07/01/2020,09:56:20,12.55,12.4,6000,12.5,1500,1500,889500
RBLBANK30Jan20360CE.NFO,07/01/2020,09:56:26,12.55,12.4,1500,12.5,1500,0,889500
RBLBANK30Jan20360CE.NFO,07/01/2020,09:56:32,12.3,12.3,3000,12.4,3000,4500,889500
RBLBANK30Jan20360CE.NFO,07/01/2020,09:56:38,12.45,12.3,6000,12.45,4500,1500,889500
RBLBANK30Jan20360CE.NFO,07/01/2020,09:56:43,12.45,12.3,4500,12.45,4500,0,889500
RBLBANK30Jan20360CE.NFO,07/01/2020,09:56:47,12.45,12.3,3000,12.4,1500,0,889500
RBLBANK30Jan20360CE.NFO,07/01/2020,09:56:52,12.3,12.25,1500,12.35,1500,3000,889500
RBLBANK30Jan20360CE.NFO,07/01/2020,09:56:56,12.3,12.25,1500,12.35,1500,0,889500
RBLBANK30Jan20360CE.NFO,07/01/2020,09:57:00,12.3,12.25,1500,12.35,1500,1500,889500
RBLBANK30Jan20360CE.NFO,07/01/2020,09:57:09,12.35,12.3,6000,12.45,3000,1500,889500
RBLBANK30Jan20360CE.NFO,07/01/2020,09:57:15,12.35,12.35,1500,12.45,6000,0,889500
RBLBANK30Jan20360CE.NFO,07/01/2020,09:57:21,12.4,12.35,1500,12.4,3000,1500,889500
RBLBANK30Jan20360CE.NFO,07/01/2020,09:57:27,12.4,12.35,4500,12.45,1500,3000,889500
RBLBANK30Jan20360CE.NFO,07/01/2020,09:57:32,12.4,12.35,4500,12.45,1500,1500,889500
RBLBANK30Jan20360CE.NFO,07/01/2020,09:57:37,12.4,12.35,3000,12.45,1500,1500,889500
RBLBANK30Jan20360CE.NFO,07/01/2020,09:57:41,12.35,12.35,1500,12.4,1500,1500,889500
RBLBANK30Jan20360CE.NFO,07/01/2020,09:57:45,12.35,12.3,1500,12.4,1500,1500,889500
RBLBANK30Jan20360CE.NFO,07/01/2020,09:57:50,12.35,12.35,3000,12.55,3000,0,889500
RBLBANK30Jan20360CE.NFO,07/01/2020,09:57:54,12.5,12.35,3000,12.5,3000,3000,889500
RBLBANK30Jan20360CE.NFO,07/01/2020,09:57:58,12.5,12.35,1500,12.45,1500,0,889500
RBLBANK30Jan20360CE.NFO,07/01/2020,09:58:03,12.4,12.35,1500,12.45,1500,1500,889500
RBLBANK30Jan20360CE.NFO,07/01/2020,09:58:09,12.35,12.3,7500,12.45,3000,1500,889500
RBLBANK30Jan20360CE.NFO,07/01/2020,09:58:14,12.3,12.3,3000,12.4,1500,1500,889500
RBLBANK30Jan20360CE.NFO,07/01/2020,09:58:19,12.3,12.3,3000,12.4,1500,0,889500
RBLBANK30Jan20360CE.NFO,07/01/2020,09:58:24,12.3,12.3,3000,12.4,3000,0,889500
RBLBANK30Jan20360CE.NFO,07/01/2020,09:58:29,12.3,12.25,1500,12.4,6000,3000,889500
RBLBANK30Jan20360CE.NFO,07/01/2020,09:58:33,12.3,12.25,1500,12.4,6000,0,889500
RBLBANK30Jan20360CE.NFO,07/01/2020,09:58:38,12.3,12.3,1500,12.35,1500,0,889500
RBLBANK30Jan20360CE.NFO,07/01/2020,09:58:42,12.3,12.15,1500,12.25,1500,1500,889500
RBLBANK30Jan20360CE.NFO,07/01/2020,09:58:48,12.3,12.1,3000,12.25,1500,0,889500
RBLBANK30Jan20360CE.NFO,07/01/2020,09:58:53,12.3,12.2,1500,12.4,6000,1500,889500
RBLBANK30Jan20360CE.NFO,07/01/2020,09:58:59,12.3,12.35,3000,12.5,1500,1500,889500
RBLBANK30Jan20360CE.NFO,07/01/2020,09:59:05,12.3,12.4,1500,12.5,1500,0,889500
RBLBANK30Jan20360CE.NFO,07/01/2020,09:59:11,12.45,12.35,4500,12.5,1500,1500,889500
RBLBANK30Jan20360CE.NFO,07/01/2020,09:59:17,12.6,12.5,6000,12.65,1500,3000,889500
RBLBANK30Jan20360CE.NFO,07/01/2020,09:59:23,12.55,12.55,6000,12.7,3000,3000,885000
RBLBANK30Jan20360CE.NFO,07/01/2020,09:59:29,12.7,12.55,1500,12.7,3000,3000,885000
RBLBANK30Jan20360CE.NFO,07/01/2020,09:59:34,12.7,12.6,9000,12.8,3000,0,885000
RBLBANK30Jan20360CE.NFO,07/01/2020,09:59:38,12.8,12.7,4500,12.85,1500,4500,885000
RBLBANK30Jan20360CE.NFO,07/01/2020,09:59:43,12.8,12.7,6000,12.85,1500,0,885000
RBLBANK30Jan20360CE.NFO,07/01/2020,09:59:48,12.95,12.85,7500,13,10500,9000,885000
RBLBANK30Jan20360CE.NFO,07/01/2020,09:59:52,12.95,12.85,6000,13,9000,0,885000
RBLBANK30Jan20360CE.NFO,07/01/2020,09:59:56,12.95,12.85,3000,13,16500,0,885000
RBLBANK30Jan20360CE.NFO,07/01/2020,10:00:00,12.85,12.8,3000,12.9,1500,6000,885000
RBLBANK30Jan20360CE.NFO,07/01/2020,10:00:05,12.9,12.85,1500,13,13500,9000,885000
RBLBANK30Jan20360CE.NFO,07/01/2020,10:00:08,13,13,1500,13.1,1500,10500,885000
RBLBANK30Jan20360CE.NFO,07/01/2020,10:00:11,13,12.95,3000,13.1,3000,3000,885000
RBLBANK30Jan20360CE.NFO,07/01/2020,10:00:12,13,12.95,3000,13.1,1500,0,885000
RBLBANK30Jan20360CE.NFO,07/01/2020,10:00:13,13.2,13.05,1500,13.2,4500,4500,885000
RBLBANK30Jan20360CE.NFO,07/01/2020,10:00:13,13.2,13.05,1500,13.2,4500,0,885000
RBLBANK30Jan20360CE.NFO,07/01/2020,10:00:14,13.2,13,4500,13.2,3000,1500,885000
RBLBANK30Jan20360CE.NFO,07/01/2020,10:00:15,13.2,13.05,3000,13.15,1500,0,885000
RBLBANK30Jan20360CE.NFO,07/01/2020,10:00:16,13.2,13,1500,13.15,4500,0,885000
RBLBANK30Jan20360CE.NFO,07/01/2020,10:00:18,13.2,13,3000,13.15,1500,0,885000
RBLBANK30Jan20360CE.NFO,07/01/2020,10:00:20,13.2,13.05,1500,13.2,3000,0,885000
RBLBANK30Jan20360CE.NFO,07/01/2020,10:00:21,13.2,13,3000,13.15,1500,0,885000
RBLBANK30Jan20360CE.NFO,07/01/2020,10:00:23,13.2,13.05,1500,13.15,1500,0,885000
RBLBANK30Jan20360CE.NFO,07/01/2020,10:00:24,13.2,13,1500,13.15,4500,0,885000
RBLBANK30Jan20360CE.NFO,07/01/2020,10:00:24,13.2,13,1500,13.15,3000,0,885000
RBLBANK30Jan20360CE.NFO,07/01/2020,10:00:26,13.2,13,3000,13.15,3000,0,885000
RBLBANK30Jan20360CE.NFO,07/01/2020,10:00:27,13.2,13,4500,13.15,4500,0,885000
RBLBANK30Jan20360CE.NFO,07/01/2020,10:00:28,13.2,13,9000,13.15,3000,0,885000
RBLBANK30Jan20360CE.NFO,07/01/2020,10:00:29,13.2,13,7500,13.1,1500,0,885000
RBLBANK30Jan20360CE.NFO,07/01/2020,10:00:30,13.15,13,7500,13.1,1500,3000,885000
RBLBANK30Jan20360CE.NFO,07/01/2020,10:00:31,13.15,13,7500,13.1,1500,0,885000
RBLBANK30Jan20360CE.NFO,07/01/2020,10:00:32,13.1,13.05,1500,13.2,6000,1500,885000
RBLBANK30Jan20360CE.NFO,07/01/2020,10:00:34,13.1,13,7500,13.05,1500,0,885000
RBLBANK30Jan20360CE.NFO,07/01/2020,10:00:35,13.1,13,7500,13.15,4500,3000,885000
RBLBANK30Jan20360CE.NFO,07/01/2020,10:00:36,13.1,13,7500,13.1,1500,0,885000
RBLBANK30Jan20360CE.NFO,07/01/2020,10:00:37,13,12.95,4500,13.1,6000,7500,885000
RBLBANK30Jan20360CE.NFO,07/01/2020,10:00:38,13,12.95,4500,13.1,6000,0,885000
RBLBANK30Jan20360CE.NFO,07/01/2020,10:00:39,13,12.95,4500,13.1,4500,0,885000
RBLBANK30Jan20360CE.NFO,07/01/2020,10:00:40,12.95,12.9,1500,13.05,4500,1500,885000
RBLBANK30Jan20360CE.NFO,07/01/2020,10:00:41,12.95,12.9,1500,13,1500,0,885000
RBLBANK30Jan20360CE.NFO,07/01/2020,10:00:42,12.95,12.85,3000,12.95,3000,0,885000
RBLBANK30Jan20360CE.NFO,07/01/2020,10:00:44,12.85,12.75,3000,12.9,1500,7500,885000
RBLBANK30Jan20360CE.NFO,07/01/2020,10:00:45,12.85,12.75,4500,12.95,4500,0,885000
RBLBANK30Jan20360CE.NFO,07/01/2020,10:00:46,12.85,12.75,4500,12.9,1500,0,885000
RBLBANK30Jan20360CE.NFO,07/01/2020,10:00:47,12.9,12.8,1500,12.95,1500,3000,885000
RBLBANK30Jan20360CE.NFO,07/01/2020,10:00:50,12.8,12.8,6000,12.95,1500,1500,885000
RBLBANK30Jan20360CE.NFO,07/01/2020,10:00:52,12.8,12.8,4500,12.9,4500,0,885000
RBLBANK30Jan20360CE.NFO,07/01/2020,10:00:53,12.9,12.8,4500,12.9,6000,1500,885000
RBLBANK30Jan20360CE.NFO,07/01/2020,10:00:53,12.9,12.8,4500,12.9,4500,0,885000
RBLBANK30Jan20360CE.NFO,07/01/2020,10:00:56,12.8,12.7,3000,12.85,1500,4500,885000
RBLBANK30Jan20360CE.NFO,07/01/2020,10:00:57,12.8,12.7,1500,12.85,1500,0,885000
RBLBANK30Jan20360CE.NFO,07/01/2020,10:00:58,12.8,12.75,3000,12.9,6000,0,885000
RBLBANK30Jan20360CE.NFO,07/01/2020,10:00:59,12.85,12.75,3000,12.9,4500,1500,885000
RBLBANK30Jan20360CE.NFO,07/01/2020,10:01:01,12.85,12.85,1500,12.9,3000,0,885000
RBLBANK30Jan20360CE.NFO,07/01/2020,10:01:02,12.9,12.95,1500,13.1,3000,3000,885000
RBLBANK30Jan20360CE.NFO,07/01/2020,10:01:03,12.9,12.95,1500,13.1,3000,0,885000
RBLBANK30Jan20360CE.NFO,07/01/2020,10:01:04,12.9,12.95,1500,13.1,1500,0,885000
RBLBANK30Jan20360CE.NFO,07/01/2020,10:01:05,12.9,12.95,1500,13.1,3000,0,885000
RBLBANK30Jan20360CE.NFO,07/01/2020,10:01:06,12.9,12.95,1500,13.05,3000,0,885000
RBLBANK30Jan20360CE.NFO,07/01/2020,10:01:09,12.9,12.9,1500,13.05,3000,0,885000
RBLBANK30Jan20360CE.NFO,07/01/2020,10:01:11,12.9,12.85,1500,13,3000,0,885000
RBLBANK30Jan20360CE.NFO,07/01/2020,10:01:11,12.9,12.85,1500,13,4500,0,885000
RBLBANK30Jan20360CE.NFO,07/01/2020,10:01:12,12.9,12.8,1500,12.95,1500,0,885000
RBLBANK30Jan20360CE.NFO,07/01/2020,10:01:14,12.95,12.85,3000,13,3000,1500,885000
RBLBANK30Jan20360CE.NFO,07/01/2020,10:01:16,12.95,12.85,1500,13,7500,0,885000
RBLBANK30Jan20360CE.NFO,07/01/2020,10:01:17,13,12.85,1500,13,6000,1500,885000
RBLBANK30Jan20360CE.NFO,07/01/2020,10:01:18,13,12.85,3000,13,1500,0,885000
RBLBANK30Jan20360CE.NFO,07/01/2020,10:01:19,13,12.85,3000,13,3000,0,885000
RBLBANK30Jan20360CE.NFO,07/01/2020,10:01:20,13,12.85,3000,13,4500,0,885000
RBLBANK30Jan20360CE.NFO,07/01/2020,10:01:21,13,12.85,1500,13,3000,1500,885000
RBLBANK30Jan20360CE.NFO,07/01/2020,10:01:21,13,12.85,1500,13,3000,0,885000
RBLBANK30Jan20360CE.NFO,07/01/2020,10:01:22,13,12.85,3000,13,4500,0,885000
RBLBANK30Jan20360CE.NFO,07/01/2020,10:01:23,13,12.85,4500,13,4500,0,885000
RBLBANK30Jan20360CE.NFO,07/01/2020,10:01:24,13,12.85,3000,13,4500,0,885000
RBLBANK30Jan20360CE.NFO,07/01/2020,10:01:25,12.85,12.75,4500,12.95,4500,1500,885000
RBLBANK30Jan20360CE.NFO,07/01/2020,10:01:26,12.85,12.75,3000,12.9,4500,0,885000
RBLBANK30Jan20360CE.NFO,07/01/2020,10:01:27,12.85,12.75,4500,12.9,4500,0,885000
RBLBANK30Jan20360CE.NFO,07/01/2020,10:01:28,12.85,12.75,4500,12.9,1500,0,885000
RBLBANK30Jan20360CE.NFO,07/01/2020,10:01:30,12.85,12.8,3000,13,6000,0,885000
RBLBANK30Jan20360CE.NFO,07/01/2020,10:01:31,12.85,12.8,6000,13,4500,0,885000
RBLBANK30Jan20360CE.NFO,07/01/2020,10:01:32,12.55,12.6,3000,12.8,3000,9000,885000
RBLBANK30Jan20360CE.NFO,07/01/2020,10:01:33,12.55,12.7,1500,12.9,4500,0,885000
RBLBANK30Jan20360CE.NFO,07/01/2020,10:01:34,12.55,12.7,1500,12.9,6000,0,885000
RBLBANK30Jan20360CE.NFO,07/01/2020,10:01:35,12.55,12.7,1500,12.9,3000,0,885000
RBLBANK30Jan20360CE.NFO,07/01/2020,10:01:37,12.55,12.7,1500,12.9,6000,0,885000
RBLBANK30Jan20360CE.NFO,07/01/2020,10:01:38,12.55,12.7,1500,12.9,3000,0,885000
RBLBANK30Jan20360CE.NFO,07/01/2020,10:01:39,12.55,12.7,1500,12.9,4500,0,885000
RBLBANK30Jan20360CE.NFO,07/01/2020,10:01:40,12.55,12.75,1500,12.9,4500,0,885000
RBLBANK30Jan20360CE.NFO,07/01/2020,10:01:41,12.55,12.7,3000,12.9,6000,0,885000
RBLBANK30Jan20360CE.NFO,07/01/2020,10:01:42,12.55,12.75,1500,12.9,4500,0,885000
RBLBANK30Jan20360CE.NFO,07/01/2020,10:01:43,12.55,12.65,3000,12.85,4500,0,885000
RBLBANK30Jan20360CE.NFO,07/01/2020,10:01:44,12.55,12.7,1500,12.85,1500,0,885000
RBLBANK30Jan20360CE.NFO,07/01/2020,10:01:47,12.55,12.65,3000,12.85,4500,0,885000
RBLBANK30Jan20360CE.NFO,07/01/2020,10:01:48,12.55,12.7,1500,12.85,3000,0,885000
RBLBANK30Jan20360CE.NFO,07/01/2020,10:01:49,12.75,12.7,6000,12.85,1500,3000,885000
RBLBANK30Jan20360CE.NFO,07/01/2020,10:01:50,12.75,12.7,4500,12.85,3000,0,885000
RBLBANK30Jan20360CE.NFO,07/01/2020,10:01:51,12.7,12.7,6000,12.85,1500,1500,885000
RBLBANK30Jan20360CE.NFO,07/01/2020,10:01:52,12.7,12.7,3000,12.85,3000,0,885000
RBLBANK30Jan20360CE.NFO,07/01/2020,10:01:53,12.7,12.75,3000,12.9,3000,0,885000
RBLBANK30Jan20360CE.NFO,07/01/2020,10:01:53,12.7,12.75,4500,12.9,3000,0,885000
RBLBANK30Jan20360CE.NFO,07/01/2020,10:01:54,12.7,12.7,4500,12.9,7500,0,885000
RBLBANK30Jan20360CE.NFO,07/01/2020,10:01:56,12.7,12.65,9000,12.9,3000,0,885000
RBLBANK30Jan20360CE.NFO,07/01/2020,10:01:58,12.7,12.7,7500,12.9,3000,0,885000
RBLBANK30Jan20360CE.NFO,07/01/2020,10:01:59,12.7,12.7,6000,12.85,1500,0,885000
RBLBANK30Jan20360CE.NFO,07/01/2020,10:02:00,12.7,12.65,4500,12.8,1500,0,885000
RBLBANK30Jan20360CE.NFO,07/01/2020,10:02:01,12.7,12.7,4500,12.85,1500,0,885000
RBLBANK30Jan20360CE.NFO,07/01/2020,10:02:02,12.7,12.7,7500,12.85,1500,0,885000
RBLBANK30Jan20360CE.NFO,07/01/2020,10:02:03,12.7,12.75,1500,12.9,4500,0,885000
RBLBANK30Jan20360CE.NFO,07/01/2020,10:02:04,12.85,12.75,1500,12.9,4500,1500,885000
RBLBANK30Jan20360CE.NFO,07/01/2020,10:02:05,12.85,12.7,4500,12.85,1500,0,885000
RBLBANK30Jan20360CE.NFO,07/01/2020,10:02:05,12.75,12.7,4500,12.85,1500,1500,885000
RBLBANK30Jan20360CE.NFO,07/01/2020,10:02:07,12.7,12.65,6000,12.8,1500,3000,885000
RBLBANK30Jan20360CE.NFO,07/01/2020,10:02:08,12.7,12.75,1500,12.85,1500,0,885000
RBLBANK30Jan20360CE.NFO,07/01/2020,10:02:10,12.7,12.75,3000,12.85,1500,0,885000
RBLBANK30Jan20360CE.NFO,07/01/2020,10:02:14,12.7,12.75,1500,12.85,4500,0,885000
RBLBANK30Jan20360CE.NFO,07/01/2020,10:02:17,12.7,12.75,6000,12.9,1500,0,885000
RBLBANK30Jan20360CE.NFO,07/01/2020,10:02:18,12.7,12.75,4500,12.9,1500,0,885000
RBLBANK30Jan20360CE.NFO,07/01/2020,10:02:19,12.7,12.75,6000,12.9,3000,0,885000
RBLBANK30Jan20360CE.NFO,07/01/2020,10:02:21,12.7,12.75,4500,12.9,3000,0,885000
RBLBANK30Jan20360CE.NFO,07/01/2020,10:02:25,12.7,12.7,7500,12.85,1500,0,885000
RBLBANK30Jan20360CE.NFO,07/01/2020,10:02:27,12.7,12.65,4500,12.85,6000,0,885000
RBLBANK30Jan20360CE.NFO,07/01/2020,10:02:28,12.7,12.65,7500,12.8,1500,0,885000
RBLBANK30Jan20360CE.NFO,07/01/2020,10:02:29,12.7,12.7,6000,12.85,1500,0,885000
RBLBANK30Jan20360CE.NFO,07/01/2020,10:02:30,12.7,12.7,4500,12.75,1500,0,885000
RBLBANK30Jan20360CE.NFO,07/01/2020,10:02:31,12.75,12.65,6000,12.8,4500,1500,895500
RBLBANK30Jan20360CE.NFO,07/01/2020,10:02:32,12.75,12.7,6000,12.85,1500,0,895500
RBLBANK30Jan20360CE.NFO,07/01/2020,10:02:33,12.75,12.65,6000,12.85,4500,0,895500
RBLBANK30Jan20360CE.NFO,07/01/2020,10:02:34,12.75,12.7,7500,12.85,1500,0,895500
RBLBANK30Jan20360CE.NFO,07/01/2020,10:02:36,12.75,12.7,4500,12.8,1500,0,895500
RBLBANK30Jan20360CE.NFO,07/01/2020,10:02:37,12.75,12.7,3000,12.8,1500,0,895500
RBLBANK30Jan20360CE.NFO,07/01/2020,10:02:38,12.75,12.65,4500,12.8,4500,0,895500
RBLBANK30Jan20360CE.NFO,07/01/2020,10:02:45,12.75,12.65,1500,12.8,9000,0,895500
RBLBANK30Jan20360CE.NFO,07/01/2020,10:02:46,12.75,12.65,3000,12.8,9000,0,895500
RBLBANK30Jan20360CE.NFO,07/01/2020,10:02:48,12.75,12.65,1500,12.75,6000,0,895500
RBLBANK30Jan20360CE.NFO,07/01/2020,10:02:49,12.65,12.55,6000,12.7,1500,1500,895500
RBLBANK30Jan20360CE.NFO,07/01/2020,10:02:50,12.75,12.6,3000,12.8,9000,3000,895500
RBLBANK30Jan20360CE.NFO,07/01/2020,10:02:51,12.75,12.6,1500,12.7,1500,0,895500
RBLBANK30Jan20360CE.NFO,07/01/2020,10:02:51,12.75,12.55,4500,12.7,1500,0,895500
RBLBANK30Jan20360CE.NFO,07/01/2020,10:02:53,12.75,12.55,6000,12.7,1500,0,895500
RBLBANK30Jan20360CE.NFO,07/01/2020,10:02:54,12.75,12.6,1500,12.7,1500,0,895500
RBLBANK30Jan20360CE.NFO,07/01/2020,10:02:57,12.75,12.55,7500,12.7,3000,0,895500
RBLBANK30Jan20360CE.NFO,07/01/2020,10:02:59,12.75,12.6,1500,12.7,3000,0,895500
RBLBANK30Jan20360CE.NFO,07/01/2020,10:03:00,12.75,12.6,3000,12.7,3000,0,895500
RBLBANK30Jan20360CE.NFO,07/01/2020,10:03:01,12.75,12.55,3000,12.7,4500,0,895500
RBLBANK30Jan20360CE.NFO,07/01/2020,10:03:02,12.75,12.6,1500,12.7,3000,0,895500
RBLBANK30Jan20360CE.NFO,07/01/2020,10:03:03,12.75,12.6,1500,12.7,4500,0,895500
RBLBANK30Jan20360CE.NFO,07/01/2020,10:03:04,12.75,12.55,4500,12.7,6000,0,895500
RBLBANK30Jan20360CE.NFO,07/01/2020,10:03:05,12.75,12.55,4500,12.7,7500,0,895500
RBLBANK30Jan20360CE.NFO,07/01/2020,10:03:06,12.75,12.55,1500,12.7,7500,0,895500
RBLBANK30Jan20360CE.NFO,07/01/2020,10:03:08,12.75,12.6,1500,12.7,4500,0,895500
RBLBANK30Jan20360CE.NFO,07/01/2020,10:03:09,12.75,12.55,4500,12.65,1500,0,895500
RBLBANK30Jan20360CE.NFO,07/01/2020,10:03:11,12.75,12.55,3000,12.65,1500,0,895500
RBLBANK30Jan20360CE.NFO,07/01/2020,10:03:14,12.75,12.55,1500,12.65,1500,0,895500
RBLBANK30Jan20360CE.NFO,07/01/2020,10:03:19,12.55,12.55,1500,12.65,1500,4500,895500
RBLBANK30Jan20360CE.NFO,07/01/2020,10:03:25,12.6,12.5,6000,12.6,3000,9000,895500
RBLBANK30Jan20360CE.NFO,07/01/2020,10:03:30,12.6,12.5,6000,12.6,3000,0,895500
RBLBANK30Jan20360CE.NFO,07/01/2020,10:03:35,12.6,12.5,4500,12.6,1500,0,895500
RBLBANK30Jan20360CE.NFO,07/01/2020,10:03:40,12.5,12.5,1500,12.65,3000,3000,895500
RBLBANK30Jan20360CE.NFO,07/01/2020,10:03:46,12.55,12.45,6000,12.6,3000,1500,895500
RBLBANK30Jan20360CE.NFO,07/01/2020,10:03:51,12.5,12.45,3000,12.6,4500,3000,895500
RBLBANK30Jan20360CE.NFO,07/01/2020,10:03:57,12.6,12.6,1500,12.65,1500,3000,895500
RBLBANK30Jan20360CE.NFO,07/01/2020,10:04:03,12.6,12.55,1500,12.65,1500,0,895500
RBLBANK30Jan20360CE.NFO,07/01/2020,10:04:08,12.65,12.5,6000,12.65,3000,1500,895500
RBLBANK30Jan20360CE.NFO,07/01/2020,10:04:14,12.65,12.5,7500,12.65,1500,0,895500
RBLBANK30Jan20360CE.NFO,07/01/2020,10:04:19,12.65,12.6,1500,12.65,1500,0,895500
RBLBANK30Jan20360CE.NFO,07/01/2020,10:04:24,12.65,12.65,3000,12.75,3000,1500,895500
RBLBANK30Jan20360CE.NFO,07/01/2020,10:04:29,12.65,12.65,3000,12.75,3000,0,895500
RBLBANK30Jan20360CE.NFO,07/01/2020,10:04:34,12.8,12.75,1500,12.9,1500,4500,895500
RBLBANK30Jan20360CE.NFO,07/01/2020,10:04:39,12.8,12.75,1500,12.9,4500,0,895500
RBLBANK30Jan20360CE.NFO,07/01/2020,10:04:44,12.8,12.75,3000,12.9,1500,0,895500
RBLBANK30Jan20360CE.NFO,07/01/2020,10:04:50,12.8,12.75,6000,12.95,3000,0,895500
RBLBANK30Jan20360CE.NFO,07/01/2020,10:04:55,12.8,12.7,3000,12.85,1500,0,895500
RBLBANK30Jan20360CE.NFO,07/01/2020,10:05:00,12.75,12.65,4500,12.8,1500,3000,895500
RBLBANK30Jan20360CE.NFO,07/01/2020,10:05:06,12.85,12.7,4500,12.9,4500,3000,895500
RBLBANK30Jan20360CE.NFO,07/01/2020,10:05:11,12.85,12.65,4500,12.85,6000,0,895500
RBLBANK30Jan20360CE.NFO,07/01/2020,10:05:16,12.85,12.7,1500,12.85,4500,1500,895500
RBLBANK30Jan20360CE.NFO,07/01/2020,10:05:20,12.85,12.7,3000,12.85,1500,1500,895500
RBLBANK30Jan20360CE.NFO,07/01/2020,10:05:25,12.85,12.65,6000,12.85,4500,0,895500
RBLBANK30Jan20360CE.NFO,07/01/2020,10:05:30,12.85,12.65,1500,12.8,9000,0,895500
RBLBANK30Jan20360CE.NFO,07/01/2020,10:05:37,12.65,12.5,6000,12.7,6000,1500,900000
RBLBANK30Jan20360CE.NFO,07/01/2020,10:05:43,12.5,12.45,4500,12.65,3000,3000,900000
RBLBANK30Jan20360CE.NFO,07/01/2020,10:05:49,12.5,12.45,6000,12.65,3000,0,900000
RBLBANK30Jan20360CE.NFO,07/01/2020,10:05:55,12.5,12.45,6000,12.65,4500,0,900000
RBLBANK30Jan20360CE.NFO,07/01/2020,10:06:01,12.5,12.45,4500,12.65,1500,0,900000
RBLBANK30Jan20360CE.NFO,07/01/2020,10:06:06,12.5,12.45,1500,12.6,3000,0,900000
RBLBANK30Jan20360CE.NFO,07/01/2020,10:06:13,12.5,12.45,1500,12.6,3000,3000,900000
RBLBANK30Jan20360CE.NFO,07/01/2020,10:06:19,12.5,12.4,1500,12.5,4500,0,900000
RBLBANK30Jan20360CE.NFO,07/01/2020,10:06:24,12.4,12.3,3000,12.45,1500,1500,900000
RBLBANK30Jan20360CE.NFO,07/01/2020,10:06:30,12.4,12.35,1500,12.5,1500,0,900000
RBLBANK30Jan20360CE.NFO,07/01/2020,10:06:35,12.4,12.4,3000,12.55,1500,0,900000
RBLBANK30Jan20360CE.NFO,07/01/2020,10:06:40,12.4,12.4,1500,12.55,4500,0,900000
RBLBANK30Jan20360CE.NFO,07/01/2020,10:06:45,12.4,12.4,1500,12.5,3000,0,900000
RBLBANK30Jan20360CE.NFO,07/01/2020,10:06:51,12.4,12.4,1500,12.5,1500,1500,900000
RBLBANK30Jan20360CE.NFO,07/01/2020,10:06:56,12.4,12.3,3000,12.45,1500,1500,900000
RBLBANK30Jan20360CE.NFO,07/01/2020,10:07:00,12.4,12.35,3000,12.5,3000,0,900000
RBLBANK30Jan20360CE.NFO,07/01/2020,10:07:05,12.4,12.4,1500,12.55,4500,3000,900000
RBLBANK30Jan20360CE.NFO,07/01/2020,10:07:11,12.4,12.4,1500,12.55,4500,0,900000
RBLBANK30Jan20360CE.NFO,07/01/2020,10:07:16,12.4,12.3,3000,12.4,1500,0,900000
RBLBANK30Jan20360CE.NFO,07/01/2020,10:07:22,12.4,12.15,3000,12.35,9000,0,900000
RBLBANK30Jan20360CE.NFO,07/01/2020,10:07:28,12.4,12.2,3000,12.35,3000,0,900000
RBLBANK30Jan20360CE.NFO,07/01/2020,10:07:35,12.15,12.1,6000,12.2,1500,1500,900000
RBLBANK30Jan20360CE.NFO,07/01/2020,10:07:41,12.2,12.15,1500,12.25,1500,1500,900000
RBLBANK30Jan20360CE.NFO,07/01/2020,10:07:47,12.1,12.2,3000,12.3,1500,3000,900000
RBLBANK30Jan20360CE.NFO,07/01/2020,10:07:53,12.1,12.2,3000,12.35,3000,0,900000
RBLBANK30Jan20360CE.NFO,07/01/2020,10:07:58,12.1,12.2,1500,12.35,3000,0,900000
RBLBANK30Jan20360CE.NFO,07/01/2020,10:08:08,12.1,12.1,9000,12.3,3000,0,900000
RBLBANK30Jan20360CE.NFO,07/01/2020,10:08:13,12.1,12.15,3000,12.3,4500,0,900000
RBLBANK30Jan20360CE.NFO,07/01/2020,10:08:18,12.1,12.2,1500,12.35,4500,0,900000
RBLBANK30Jan20360CE.NFO,07/01/2020,10:08:24,12.1,12.25,4500,12.45,7500,0,900000
RBLBANK30Jan20360CE.NFO,07/01/2020,10:08:31,12.1,12.25,7500,12.5,6000,0,900000
RBLBANK30Jan20360CE.NFO,07/01/2020,10:08:37,12.1,12.35,1500,12.5,4500,0,900000
RBLBANK30Jan20360CE.NFO,07/01/2020,10:08:44,12.1,12.3,1500,12.45,1500,0,900000
RBLBANK30Jan20360CE.NFO,07/01/2020,10:08:50,12.1,12.3,1500,12.45,3000,0,900000
RBLBANK30Jan20360CE.NFO,07/01/2020,10:08:55,12.35,12.35,3000,12.45,1500,1500,895500
RBLBANK30Jan20360CE.NFO,07/01/2020,10:09:01,12.35,12.35,1500,12.45,1500,0,895500
RBLBANK30Jan20360CE.NFO,07/01/2020,10:09:06,12.35,12.4,1500,12.55,1500,0,895500
RBLBANK30Jan20360CE.NFO,07/01/2020,10:09:17,12.35,12.4,1500,12.6,6000,0,895500
RBLBANK30Jan20360CE.NFO,07/01/2020,10:09:27,12.35,12.5,1500,12.6,1500,0,895500
RBLBANK30Jan20360CE.NFO,07/01/2020,10:09:33,12.5,12.45,1500,12.55,1500,1500,895500
RBLBANK30Jan20360CE.NFO,07/01/2020,10:09:38,12.5,12.35,3000,12.55,4500,1500,895500
RBLBANK30Jan20360CE.NFO,07/01/2020,10:09:43,12.5,12.35,3000,12.55,4500,0,895500
RBLBANK30Jan20360CE.NFO,07/01/2020,10:09:48,12.5,12.3,4500,12.5,4500,0,895500
RBLBANK30Jan20360CE.NFO,07/01/2020,10:09:52,12.5,12.35,1500,12.5,4500,0,895500
RBLBANK30Jan20360CE.NFO,07/01/2020,10:09:58,12.35,12.35,3000,12.5,3000,1500,895500
RBLBANK30Jan20360CE.NFO,07/01/2020,10:10:05,12.35,12.4,3000,12.5,1500,0,895500
RBLBANK30Jan20360CE.NFO,07/01/2020,10:10:12,12.35,12.35,3000,12.5,3000,0,895500
RBLBANK30Jan20360CE.NFO,07/01/2020,10:10:18,12.35,12.35,3000,12.5,4500,0,895500
RBLBANK30Jan20360CE.NFO,07/01/2020,10:10:28,12.35,12.3,3000,12.5,6000,0,895500
RBLBANK30Jan20360CE.NFO,07/01/2020,10:10:33,12.35,12.25,4500,12.45,3000,0,895500
RBLBANK30Jan20360CE.NFO,07/01/2020,10:10:37,12.35,12.3,1500,12.4,1500,0,895500
RBLBANK30Jan20360CE.NFO,07/01/2020,10:10:43,12.35,12.25,3000,12.4,1500,0,895500
RBLBANK30Jan20360CE.NFO,07/01/2020,10:10:48,12.35,12.3,3000,12.45,3000,0,895500
RBLBANK30Jan20360CE.NFO,07/01/2020,10:10:53,12.35,12.25,3000,12.4,1500,0,895500
RBLBANK30Jan20360CE.NFO,07/01/2020,10:10:57,12.35,12.2,3000,12.4,3000,0,895500
RBLBANK30Jan20360CE.NFO,07/01/2020,10:11:02,12.35,12.25,3000,12.4,3000,0,895500
RBLBANK30Jan20360CE.NFO,07/01/2020,10:11:11,12.35,12.35,1500,12.5,4500,0,895500
RBLBANK30Jan20360CE.NFO,07/01/2020,10:11:23,12.35,12.35,3000,12.5,1500,0,895500
RBLBANK30Jan20360CE.NFO,07/01/2020,10:11:33,12.5,12.4,1500,12.55,1500,1500,894000
RBLBANK30Jan20360CE.NFO,07/01/2020,10:11:38,12.5,12.5,1500,12.6,1500,0,894000
RBLBANK30Jan20360CE.NFO,07/01/2020,10:11:44,12.5,12.5,1500,12.65,3000,0,894000
RBLBANK30Jan20360CE.NFO,07/01/2020,10:11:50,12.6,12.5,4500,12.65,6000,1500,894000
RBLBANK30Jan20360CE.NFO,07/01/2020,10:11:57,12.6,12.5,4500,12.65,3000,0,894000
RBLBANK30Jan20360CE.NFO,07/01/2020,10:12:03,12.6,12.5,4500,12.65,4500,0,894000
RBLBANK30Jan20360CE.NFO,07/01/2020,10:12:09,12.6,12.5,3000,12.6,1500,0,894000
RBLBANK30Jan20360CE.NFO,07/01/2020,10:12:14,12.6,12.5,3000,12.65,6000,0,894000
RBLBANK30Jan20360CE.NFO,07/01/2020,10:12:19,12.6,12.5,3000,12.65,7500,3000,894000
RBLBANK30Jan20360CE.NFO,07/01/2020,10:12:25,12.6,12.6,1500,12.65,4500,0,894000
RBLBANK30Jan20360CE.NFO,07/01/2020,10:12:30,12.65,12.6,1500,12.65,1500,1500,894000
RBLBANK30Jan20360CE.NFO,07/01/2020,10:12:35,12.3,12.3,1500,12.45,1500,6000,894000
RBLBANK30Jan20360CE.NFO,07/01/2020,10:12:41,12.3,12.3,1500,12.45,3000,0,894000
RBLBANK30Jan20360CE.NFO,07/01/2020,10:12:57,12.3,12.3,1500,12.45,1500,0,894000
RBLBANK30Jan20360CE.NFO,07/01/2020,10:13:02,12.3,12.35,1500,12.5,4500,0,894000
RBLBANK30Jan20360CE.NFO,07/01/2020,10:13:08,12.3,12.3,1500,12.5,6000,0,894000
RBLBANK30Jan20360CE.NFO,07/01/2020,10:13:15,12.3,12.3,1500,12.5,4500,0,894000
RBLBANK30Jan20360CE.NFO,07/01/2020,10:13:21,12.3,12.4,1500,12.5,3000,0,894000
RBLBANK30Jan20360CE.NFO,07/01/2020,10:13:27,12.3,12.4,1500,12.5,4500,0,894000
RBLBANK30Jan20360CE.NFO,07/01/2020,10:13:34,12.3,12.4,1500,12.5,3000,0,894000
RBLBANK30Jan20360CE.NFO,07/01/2020,10:13:39,12.3,12.4,1500,12.5,1500,0,894000
RBLBANK30Jan20360CE.NFO,07/01/2020,10:13:50,12.5,12.4,1500,12.55,1500,1500,894000
RBLBANK30Jan20360CE.NFO,07/01/2020,10:13:56,12.5,12.4,1500,12.55,1500,0,894000
RBLBANK30Jan20360CE.NFO,07/01/2020,10:14:01,12.5,12.4,1500,12.55,3000,0,894000
RBLBANK30Jan20360CE.NFO,07/01/2020,10:14:07,12.5,12.5,4500,12.65,7500,0,894000
RBLBANK30Jan20360CE.NFO,07/01/2020,10:14:12,12.5,12.5,4500,12.65,3000,0,894000
RBLBANK30Jan20360CE.NFO,07/01/2020,10:14:17,12.5,12.55,4500,12.65,1500,0,894000
RBLBANK30Jan20360CE.NFO,07/01/2020,10:14:29,12.5,12.55,6000,12.65,1500,0,894000
RBLBANK30Jan20360CE.NFO,07/01/2020,10:14:41,12.5,12.55,7500,12.65,1500,0,894000
RBLBANK30Jan20360CE.NFO,07/01/2020,10:14:46,12.65,12.65,1500,12.75,3000,3000,895500
RBLBANK30Jan20360CE.NFO,07/01/2020,10:14:51,12.7,12.55,3000,12.75,6000,1500,895500
RBLBANK30Jan20360CE.NFO,07/01/2020,10:14:57,12.7,12.7,3000,12.8,7500,0,895500
RBLBANK30Jan20360CE.NFO,07/01/2020,10:15:03,12.7,12.7,1500,12.8,4500,1500,895500
RBLBANK30Jan20360CE.NFO,07/01/2020,10:15:09,12.8,12.7,1500,12.8,3000,1500,895500
RBLBANK30Jan20360CE.NFO,07/01/2020,10:15:14,12.8,12.65,4500,12.8,1500,1500,895500
RBLBANK30Jan20360CE.NFO,07/01/2020,10:15:20,12.75,12.7,1500,12.85,1500,4500,895500
RBLBANK30Jan20360CE.NFO,07/01/2020,10:15:24,12.9,12.85,1500,13,18000,4500,895500
RBLBANK30Jan20360CE.NFO,07/01/2020,10:15:29,13,12.8,1500,12.95,4500,1500,895500
RBLBANK30Jan20360CE.NFO,07/01/2020,10:15:35,13,12.85,1500,12.95,1500,0,895500
RBLBANK30Jan20360CE.NFO,07/01/2020,10:15:41,13,12.8,1500,12.95,1500,0,895500
RBLBANK30Jan20360CE.NFO,07/01/2020,10:15:46,12.75,12.7,3000,12.9,3000,3000,895500
RBLBANK30Jan20360CE.NFO,07/01/2020,10:15:52,12.9,12.8,1500,12.95,4500,1500,895500
RBLBANK30Jan20360CE.NFO,07/01/2020,10:15:58,12.9,12.8,1500,13,25500,0,895500
RBLBANK30Jan20360CE.NFO,07/01/2020,10:16:03,12.9,12.8,1500,12.95,1500,0,895500
RBLBANK30Jan20360CE.NFO,07/01/2020,10:16:07,12.9,12.8,1500,12.9,1500,0,895500
RBLBANK30Jan20360CE.NFO,07/01/2020,10:16:39,12.9,12.8,3000,12.9,1500,0,895500
RBLBANK30Jan20360CE.NFO,07/01/2020,10:16:45,12.9,12.85,3000,12.95,1500,1500,895500
RBLBANK30Jan20360CE.NFO,07/01/2020,10:16:46,12.9,12.85,3000,12.95,1500,0,895500
RBLBANK30Jan20360CE.NFO,07/01/2020,10:16:47,12.95,12.9,1500,13,21000,1500,895500
RBLBANK30Jan20360CE.NFO,07/01/2020,10:16:48,12.95,12.9,1500,13,21000,0,895500
RBLBANK30Jan20360CE.NFO,07/01/2020,10:16:49,13,13,1500,13.15,3000,21000,895500
RBLBANK30Jan20360CE.NFO,07/01/2020,10:16:50,13,12.95,1500,13.1,1500,0,895500
RBLBANK30Jan20360CE.NFO,07/01/2020,10:16:51,13,12.95,3000,13.15,6000,0,895500
RBLBANK30Jan20360CE.NFO,07/01/2020,10:16:54,13.15,13.05,1500,13.2,6000,1500,895500
RBLBANK30Jan20360CE.NFO,07/01/2020,10:16:55,13.15,13.05,1500,13.2,6000,0,895500
RBLBANK30Jan20360CE.NFO,07/01/2020,10:16:57,13.15,13,1500,13.15,1500,0,895500
RBLBANK30Jan20360CE.NFO,07/01/2020,10:17:02,13.15,13,4500,13.2,6000,0,895500
RBLBANK30Jan20360CE.NFO,07/01/2020,10:17:04,13.1,13.05,1500,13.2,1500,1500,895500
RBLBANK30Jan20360CE.NFO,07/01/2020,10:17:05,13.1,12.95,3000,13.15,4500,0,895500
RBLBANK30Jan20360CE.NFO,07/01/2020,10:17:06,13.1,12.9,1500,13.1,6000,0,895500
RBLBANK30Jan20360CE.NFO,07/01/2020,10:17:07,13.1,12.95,1500,13.1,3000,0,895500
RBLBANK30Jan20360CE.NFO,07/01/2020,10:17:08,13.1,13,1500,13.1,3000,0,895500
RBLBANK30Jan20360CE.NFO,07/01/2020,10:17:10,13,12.9,4500,13.05,1500,1500,895500
RBLBANK30Jan20360CE.NFO,07/01/2020,10:17:11,13,12.9,4500,13.05,1500,0,895500
RBLBANK30Jan20360CE.NFO,07/01/2020,10:17:12,12.9,12.85,1500,12.95,1500,1500,895500
RBLBANK30Jan20360CE.NFO,07/01/2020,10:17:17,12.9,12.85,3000,13,3000,0,895500
RBLBANK30Jan20360CE.NFO,07/01/2020,10:17:27,12.9,12.8,1500,12.9,1500,0,895500
RBLBANK30Jan20360CE.NFO,07/01/2020,10:17:32,12.9,13,1500,13.1,1500,1500,880500
RBLBANK30Jan20360CE.NFO,07/01/2020,10:17:37,13,12.9,3000,13.05,1500,1500,880500
RBLBANK30Jan20360CE.NFO,07/01/2020,10:17:42,13,12.9,3000,13.05,1500,0,880500
RBLBANK30Jan20360CE.NFO,07/01/2020,10:17:46,13,12.85,1500,13.05,4500,0,880500
RBLBANK30Jan20360CE.NFO,07/01/2020,10:17:50,13,12.75,1500,12.95,3000,0,880500
RBLBANK30Jan20360CE.NFO,07/01/2020,10:17:58,13,12.8,1500,12.95,1500,0,880500
RBLBANK30Jan20360CE.NFO,07/01/2020,10:18:02,13,12.8,1500,12.95,3000,0,880500
RBLBANK30Jan20360CE.NFO,07/01/2020,10:18:06,13,12.75,1500,12.95,4500,0,880500
RBLBANK30Jan20360CE.NFO,07/01/2020,10:18:14,13,12.75,1500,12.95,7500,0,880500
RBLBANK30Jan20360CE.NFO,07/01/2020,10:18:18,13,12.7,1500,12.9,7500,0,880500
RBLBANK30Jan20360CE.NFO,07/01/2020,10:18:21,13,12.75,1500,12.95,4500,0,880500
RBLBANK30Jan20360CE.NFO,07/01/2020,10:18:25,13,12.8,1500,12.95,4500,0,880500
RBLBANK30Jan20360CE.NFO,07/01/2020,10:18:38,13,12.75,3000,12.95,6000,0,880500
RBLBANK30Jan20360CE.NFO,07/01/2020,10:18:54,13,12.7,4500,12.9,4500,0,880500
RBLBANK30Jan20360CE.NFO,07/01/2020,10:18:58,13,12.7,1500,12.9,4500,0,880500
RBLBANK30Jan20360CE.NFO,07/01/2020,10:19:03,13,12.75,3000,12.95,4500,0,880500
RBLBANK30Jan20360CE.NFO,07/01/2020,10:19:07,13,12.75,3000,12.95,6000,0,880500
RBLBANK30Jan20360CE.NFO,07/01/2020,10:19:29,13,12.8,4500,12.95,3000,0,880500
RBLBANK30Jan20360CE.NFO,07/01/2020,10:19:37,13,12.8,1500,12.9,1500,0,880500
RBLBANK30Jan20360CE.NFO,07/01/2020,10:19:42,13,12.75,3000,12.95,4500,0,880500
RBLBANK30Jan20360CE.NFO,07/01/2020,10:19:47,13,12.75,3000,12.9,1500,0,880500
RBLBANK30Jan20360CE.NFO,07/01/2020,10:19:58,13,12.75,3000,12.95,7500,0,880500
RBLBANK30Jan20360CE.NFO,07/01/2020,10:20:08,13,12.7,1500,12.9,3000,0,880500
RBLBANK30Jan20360CE.NFO,07/01/2020,10:20:12,13,12.75,4500,12.95,4500,0,880500
RBLBANK30Jan20360CE.NFO,07/01/2020,10:20:18,13,12.75,1500,12.9,1500,0,880500
RBLBANK30Jan20360CE.NFO,07/01/2020,10:20:27,13,12.9,1500,12.95,1500,0,880500
RBLBANK30Jan20360CE.NFO,07/01/2020,10:20:31,13,12.9,4500,13.1,7500,12000,880500
RBLBANK30Jan20360CE.NFO,07/01/2020,10:20:36,13,12.95,3000,13.1,6000,0,880500
RBLBANK30Jan20360CE.NFO,07/01/2020,10:20:40,13,12.9,3000,13.05,1500,0,880500
RBLBANK30Jan20360CE.NFO,07/01/2020,10:20:44,13,12.95,1500,13.1,6000,0,880500
RBLBANK30Jan20360CE.NFO,07/01/2020,10:20:48,13,12.95,1500,13.05,1500,0,880500
RBLBANK30Jan20360CE.NFO,07/01/2020,10:21:01,13,12.9,3000,13,1500,0,880500
RBLBANK30Jan20360CE.NFO,07/01/2020,10:21:06,13,12.95,3000,13,3000,0,880500
RBLBANK30Jan20360CE.NFO,07/01/2020,10:21:11,13,12.85,1500,13,1500,1500,880500
RBLBANK30Jan20360CE.NFO,07/01/2020,10:21:12,13,12.9,1500,13,1500,0,880500
RBLBANK30Jan20360CE.NFO,07/01/2020,10:21:13,13,12.9,3000,13,1500,0,880500
RBLBANK30Jan20360CE.NFO,07/01/2020,10:21:14,13,12.95,1500,13,1500,0,880500
RBLBANK30Jan20360CE.NFO,07/01/2020,10:21:15,13,13,1500,13.05,1500,1500,880500
RBLBANK30Jan20360CE.NFO,07/01/2020,10:21:17,13,13,3000,13.1,4500,0,880500
RBLBANK30Jan20360CE.NFO,07/01/2020,10:21:20,13,13,1500,13.1,6000,1500,880500
RBLBANK30Jan20360CE.NFO,07/01/2020,10:21:21,13,12.85,1500,13.05,1500,1500,880500
RBLBANK30Jan20360CE.NFO,07/01/2020,10:21:22,13,12.85,1500,13.05,1500,0,880500
RBLBANK30Jan20360CE.NFO,07/01/2020,10:21:23,13,12.9,3000,13.05,1500,0,880500
RBLBANK30Jan20360CE.NFO,07/01/2020,10:21:24,13,12.9,4500,13.1,7500,0,880500
RBLBANK30Jan20360CE.NFO,07/01/2020,10:21:25,13,13,1500,13.1,6000,0,880500
RBLBANK30Jan20360CE.NFO,07/01/2020,10:21:28,13,13,1500,13.1,4500,0,880500
RBLBANK30Jan20360CE.NFO,07/01/2020,10:21:33,13,12.9,3000,13.05,1500,1500,880500
RBLBANK30Jan20360CE.NFO,07/01/2020,10:21:34,13,12.9,3000,13.05,1500,0,880500
RBLBANK30Jan20360CE.NFO,07/01/2020,10:21:35,13,12.9,1500,13.05,4500,0,880500
RBLBANK30Jan20360CE.NFO,07/01/2020,10:21:36,13,12.85,1500,13.05,4500,0,880500
RBLBANK30Jan20360CE.NFO,07/01/2020,10:21:37,13,12.8,1500,12.95,1500,0,880500
RBLBANK30Jan20360CE.NFO,07/01/2020,10:21:38,13,12.75,3000,12.95,1500,0,880500
RBLBANK30Jan20360CE.NFO,07/01/2020,10:21:39,13,12.75,3000,12.9,3000,0,880500
RBLBANK30Jan20360CE.NFO,07/01/2020,10:21:50,13,12.75,1500,12.9,6000,0,880500
RBLBANK30Jan20360CE.NFO,07/01/2020,10:21:51,12.75,12.65,1500,12.8,1500,1500,880500
RBLBANK30Jan20360CE.NFO,07/01/2020,10:21:52,12.75,12.65,1500,12.8,1500,0,880500
RBLBANK30Jan20360CE.NFO,07/01/2020,10:21:53,12.75,12.65,1500,12.8,3000,0,880500
RBLBANK30Jan20360CE.NFO,07/01/2020,10:21:55,12.75,12.7,4500,12.85,1500,0,880500
RBLBANK30Jan20360CE.NFO,07/01/2020,10:21:57,12.75,12.7,6000,12.85,1500,0,880500
RBLBANK30Jan20360CE.NFO,07/01/2020,10:22:00,12.7,12.7,3000,12.85,1500,1500,880500
RBLBANK30Jan20360CE.NFO,07/01/2020,10:22:01,12.7,12.7,3000,12.85,1500,0,880500
RBLBANK30Jan20360CE.NFO,07/01/2020,10:22:02,12.7,12.65,1500,12.85,1500,1500,880500
RBLBANK30Jan20360CE.NFO,07/01/2020,10:22:05,12.7,12.65,1500,12.85,1500,0,880500
RBLBANK30Jan20360CE.NFO,07/01/2020,10:22:09,12.7,12.65,1500,12.8,4500,0,880500
RBLBANK30Jan20360CE.NFO,07/01/2020,10:22:21,12.65,12.65,1500,12.8,3000,1500,880500
RBLBANK30Jan20360CE.NFO,07/01/2020,10:22:29,12.65,12.65,1500,12.8,3000,0,880500
RBLBANK30Jan20360CE.NFO,07/01/2020,10:22:43,12.65,12.6,1500,12.75,3000,0,880500
RBLBANK30Jan20360CE.NFO,07/01/2020,10:22:50,12.65,12.65,1500,12.8,3000,0,880500
RBLBANK30Jan20360CE.NFO,07/01/2020,10:22:56,12.65,12.65,1500,12.8,4500,0,880500
RBLBANK30Jan20360CE.NFO,07/01/2020,10:23:01,12.65,12.65,1500,12.8,1500,0,880500
RBLBANK30Jan20360CE.NFO,07/01/2020,10:23:07,12.65,12.7,1500,12.85,3000,0,880500
RBLBANK30Jan20360CE.NFO,07/01/2020,10:23:12,12.65,12.75,3000,12.95,4500,0,880500
RBLBANK30Jan20360CE.NFO,07/01/2020,10:23:17,12.65,12.85,1500,13.05,4500,0,880500
RBLBANK30Jan20360CE.NFO,07/01/2020,10:23:21,12.65,12.9,1500,13.05,1500,0,880500
RBLBANK30Jan20360CE.NFO,07/01/2020,10:23:26,12.75,12.7,1500,12.9,3000,7500,880500
RBLBANK30Jan20360CE.NFO,07/01/2020,10:23:31,12.9,12.75,4500,12.95,1500,1500,882000
RBLBANK30Jan20360CE.NFO,07/01/2020,10:23:36,13,12.85,6000,13.05,3000,25500,882000
RBLBANK30Jan20360CE.NFO,07/01/2020,10:23:41,13,12.9,1500,13.05,1500,0,882000
RBLBANK30Jan20360CE.NFO,07/01/2020,10:23:55,13,12.85,3000,13.05,3000,0,882000
RBLBANK30Jan20360CE.NFO,07/01/2020,10:23:58,13,12.85,3000,13.05,1500,0,882000
RBLBANK30Jan20360CE.NFO,07/01/2020,10:24:15,13.05,12.85,4500,13.05,1500,1500,882000
RBLBANK30Jan20360CE.NFO,07/01/2020,10:24:20,13.05,12.8,4500,12.95,1500,0,882000
RBLBANK30Jan20360CE.NFO,07/01/2020,10:24:28,12.8,12.65,6000,12.85,3000,1500,882000
RBLBANK30Jan20360CE.NFO,07/01/2020,10:24:31,12.8,12.7,1500,12.9,3000,0,882000
RBLBANK30Jan20360CE.NFO,07/01/2020,10:24:38,12.8,12.8,1500,12.95,1500,0,882000
RBLBANK30Jan20360CE.NFO,07/01/2020,10:24:43,12.8,12.8,3000,12.95,1500,0,882000
RBLBANK30Jan20360CE.NFO,07/01/2020,10:24:47,12.8,12.8,4500,12.95,1500,0,882000
RBLBANK30Jan20360CE.NFO,07/01/2020,10:24:55,12.8,12.8,4500,13,1500,0,882000
RBLBANK30Jan20360CE.NFO,07/01/2020,10:25:04,12.8,12.85,3000,13,1500,0,882000
RBLBANK30Jan20360CE.NFO,07/01/2020,10:25:08,12.8,12.85,1500,12.95,1500,0,882000
RBLBANK30Jan20360CE.NFO,07/01/2020,10:25:12,12.8,12.8,4500,12.95,1500,0,882000
RBLBANK30Jan20360CE.NFO,07/01/2020,10:25:15,12.8,12.85,3000,13,1500,0,882000
RBLBANK30Jan20360CE.NFO,07/01/2020,10:25:23,12.8,12.8,1500,12.95,1500,0,882000
RBLBANK30Jan20360CE.NFO,07/01/2020,10:25:27,13,12.8,3000,12.95,1500,7500,882000
RBLBANK30Jan20360CE.NFO,07/01/2020,10:25:32,13,12.75,3000,12.95,1500,0,882000
RBLBANK30Jan20360CE.NFO,07/01/2020,10:25:36,13,12.8,1500,12.95,1500,0,882000
RBLBANK30Jan20360CE.NFO,07/01/2020,10:25:40,13,12.8,3000,13,3000,0,882000
RBLBANK30Jan20360CE.NFO,07/01/2020,10:25:45,13,12.75,4500,12.95,3000,0,882000
RBLBANK30Jan20360CE.NFO,07/01/2020,10:25:50,13,12.8,3000,12.95,1500,0,882000
RBLBANK30Jan20360CE.NFO,07/01/2020,10:25:55,12.95,12.8,4500,13,1500,1500,882000
RBLBANK30Jan20360CE.NFO,07/01/2020,10:26:00,12.95,12.8,4500,13,1500,0,882000
RBLBANK30Jan20360CE.NFO,07/01/2020,10:26:05,12.95,12.8,4500,13,4500,0,882000
RBLBANK30Jan20360CE.NFO,07/01/2020,10:26:10,12.95,12.8,3000,13,7500,0,882000
RBLBANK30Jan20360CE.NFO,07/01/2020,10:26:15,12.95,12.8,3000,12.95,1500,0,882000
RBLBANK30Jan20360CE.NFO,07/01/2020,10:26:19,12.95,12.85,1500,12.95,1500,0,882000
RBLBANK30Jan20360CE.NFO,07/01/2020,10:26:23,12.95,12.85,1500,13,6000,1500,882000
RBLBANK30Jan20360CE.NFO,07/01/2020,10:26:27,12.85,12.8,1500,13,6000,1500,873000
RBLBANK30Jan20360CE.NFO,07/01/2020,10:26:30,12.85,12.8,1500,13,9000,0,873000
RBLBANK30Jan20360CE.NFO,07/01/2020,10:26:33,12.85,12.85,1500,13,1500,0,873000
RBLBANK30Jan20360CE.NFO,07/01/2020,10:26:42,13.05,12.95,1500,13.1,6000,3000,873000
RBLBANK30Jan20360CE.NFO,07/01/2020,10:26:46,13.1,13.1,3000,13.2,3000,9000,873000
RBLBANK30Jan20360CE.NFO,07/01/2020,10:26:50,13.5,13.4,1500,13.5,18000,15000,873000
RBLBANK30Jan20360CE.NFO,07/01/2020,10:26:50,13.5,13.4,1500,13.5,18000,0,873000
RBLBANK30Jan20360CE.NFO,07/01/2020,10:26:55,13.5,13.4,1500,13.5,16500,1500,873000
RBLBANK30Jan20360CE.NFO,07/01/2020,10:26:59,13.5,13.4,1500,13.5,15000,1500,873000
RBLBANK30Jan20360CE.NFO,07/01/2020,10:27:03,13.5,13.4,3000,13.55,3000,16500,873000
RBLBANK30Jan20360CE.NFO,07/01/2020,10:27:08,13.5,13.35,1500,13.45,1500,0,873000
RBLBANK30Jan20360CE.NFO,07/01/2020,10:27:12,13.5,13.3,3000,13.45,3000,0,873000
RBLBANK30Jan20360CE.NFO,07/01/2020,10:27:13,13.5,13.3,1500,13.4,3000,0,873000
RBLBANK30Jan20360CE.NFO,07/01/2020,10:27:20,13.5,13.3,1500,13.4,4500,0,873000
RBLBANK30Jan20360CE.NFO,07/01/2020,10:27:22,13.5,13.3,1500,13.4,3000,0,873000
RBLBANK30Jan20360CE.NFO,07/01/2020,10:27:23,13.4,13.3,1500,13.4,3000,1500,873000
RBLBANK30Jan20360CE.NFO,07/01/2020,10:27:24,13.4,13.2,1500,13.35,6000,0,873000
RBLBANK30Jan20360CE.NFO,07/01/2020,10:27:25,13.2,13.15,3000,13.25,7500,1500,873000
RBLBANK30Jan20360CE.NFO,07/01/2020,10:27:26,13.2,13.15,3000,13.25,7500,0,873000
RBLBANK30Jan20360CE.NFO,07/01/2020,10:27:28,13.15,13.1,3000,13.25,7500,7500,873000
RBLBANK30Jan20360CE.NFO,07/01/2020,10:27:29,13.15,13.05,3000,13.25,1500,0,873000
RBLBANK30Jan20360CE.NFO,07/01/2020,10:27:31,13.15,13.05,3000,13.25,3000,0,873000
RBLBANK30Jan20360CE.NFO,07/01/2020,10:27:32,13.15,13.1,3000,13.25,1500,0,873000
RBLBANK30Jan20360CE.NFO,07/01/2020,10:27:33,13.25,13.1,4500,13.3,3000,1500,873000
RBLBANK30Jan20360CE.NFO,07/01/2020,10:27:34,13.25,13.15,1500,13.2,1500,0,873000
RBLBANK30Jan20360CE.NFO,07/01/2020,10:27:35,13.15,13.05,1500,13.15,1500,1500,873000
RBLBANK30Jan20360CE.NFO,07/01/2020,10:27:36,13.15,13.05,1500,13.15,1500,0,873000
RBLBANK30Jan20360CE.NFO,07/01/2020,10:27:37,13.15,13.15,1500,13.2,1500,0,873000
RBLBANK30Jan20360CE.NFO,07/01/2020,10:27:38,13.15,13.15,1500,13.25,7500,0,873000
RBLBANK30Jan20360CE.NFO,07/01/2020,10:27:39,13.15,13.15,1500,13.25,12000,0,873000
RBLBANK30Jan20360CE.NFO,07/01/2020,10:27:42,13.15,13.15,1500,13.2,1500,0,873000
RBLBANK30Jan20360CE.NFO,07/01/2020,10:27:45,13.15,13.05,3000,13.2,3000,1500,873000
RBLBANK30Jan20360CE.NFO,07/01/2020,10:27:45,13.15,13.05,3000,13.2,3000,0,873000
RBLBANK30Jan20360CE.NFO,07/01/2020,10:27:46,13.15,13.05,1500,13.2,3000,0,873000
RBLBANK30Jan20360CE.NFO,07/01/2020,10:27:51,13.15,13.05,1500,13.1,1500,0,873000
RBLBANK30Jan20360CE.NFO,07/01/2020,10:27:53,13,12.95,1500,13.1,1500,7500,873000
RBLBANK30Jan20360CE.NFO,07/01/2020,10:27:54,13,12.95,1500,13.1,1500,0,873000
RBLBANK30Jan20360CE.NFO,07/01/2020,10:27:55,13.15,12.95,3000,13.15,7500,3000,873000
RBLBANK30Jan20360CE.NFO,07/01/2020,10:27:56,13.15,12.95,3000,13.15,7500,0,873000
RBLBANK30Jan20360CE.NFO,07/01/2020,10:27:58,13.15,12.9,3000,13.1,3000,0,873000
RBLBANK30Jan20360CE.NFO,07/01/2020,10:28:00,13.15,12.9,4500,13.1,3000,0,873000
RBLBANK30Jan20360CE.NFO,07/01/2020,10:28:01,13.1,12.95,3000,13.15,9000,3000,873000
RBLBANK30Jan20360CE.NFO,07/01/2020,10:28:02,13.1,12.9,3000,13.1,1500,0,873000
RBLBANK30Jan20360CE.NFO,07/01/2020,10:28:03,13.1,12.9,4500,13.1,4500,0,873000
RBLBANK30Jan20360CE.NFO,07/01/2020,10:28:04,13.1,13,1500,13.15,12000,0,873000
RBLBANK30Jan20360CE.NFO,07/01/2020,10:28:05,13.1,13,4500,13.15,7500,0,873000
RBLBANK30Jan20360CE.NFO,07/01/2020,10:28:07,13.1,13,6000,13.15,7500,0,873000
RBLBANK30Jan20360CE.NFO,07/01/2020,10:28:09,13.1,13,6000,13.1,1500,0,873000
RBLBANK30Jan20360CE.NFO,07/01/2020,10:28:12,13.1,13,1500,13.15,6000,7500,873000
RBLBANK30Jan20360CE.NFO,07/01/2020,10:28:13,13.1,13,1500,13.15,6000,0,873000
RBLBANK30Jan20360CE.NFO,07/01/2020,10:28:14,13.1,13.1,1500,13.15,6000,0,873000
RBLBANK30Jan20360CE.NFO,07/01/2020,10:28:15,13.15,13.15,3000,13.2,1500,6000,873000
RBLBANK30Jan20360CE.NFO,07/01/2020,10:28:16,13.15,13.15,3000,13.2,1500,0,873000
RBLBANK30Jan20360CE.NFO,07/01/2020,10:28:18,13.2,13.15,3000,13.25,10500,1500,873000
RBLBANK30Jan20360CE.NFO,07/01/2020,10:28:19,13.15,13.15,1500,13.25,4500,1500,873000
RBLBANK30Jan20360CE.NFO,07/01/2020,10:28:21,13.1,13.05,3000,13.25,10500,3000,873000
RBLBANK30Jan20360CE.NFO,07/01/2020,10:28:22,13.1,13.05,4500,13.2,3000,0,873000
RBLBANK30Jan20360CE.NFO,07/01/2020,10:28:26,13.2,13.05,3000,13.25,6000,1500,873000
RBLBANK30Jan20360CE.NFO,07/01/2020,10:28:27,13.2,13.05,3000,13.25,6000,0,873000
RBLBANK30Jan20360CE.NFO,07/01/2020,10:28:28,13.2,13.05,6000,13.25,4500,0,873000
RBLBANK30Jan20360CE.NFO,07/01/2020,10:28:36,13.2,13.05,7500,13.25,6000,0,873000
RBLBANK30Jan20360CE.NFO,07/01/2020,10:28:37,13.2,13.05,7500,13.25,4500,0,873000
RBLBANK30Jan20360CE.NFO,07/01/2020,10:28:42,13.2,13.15,1500,13.25,4500,0,873000
RBLBANK30Jan20360CE.NFO,07/01/2020,10:28:43,13.2,13.15,1500,13.25,1500,0,873000
RBLBANK30Jan20360CE.NFO,07/01/2020,10:28:48,13.2,13.1,6000,13.25,4500,0,873000
RBLBANK30Jan20360CE.NFO,07/01/2020,10:28:49,13.2,13.15,1500,13.25,4500,0,873000
RBLBANK30Jan20360CE.NFO,07/01/2020,10:28:50,13.2,13.1,4500,13.2,1500,0,873000
RBLBANK30Jan20360CE.NFO,07/01/2020,10:28:51,13.2,13.15,1500,13.25,4500,1500,873000
RBLBANK30Jan20360CE.NFO,07/01/2020,10:28:52,13.2,13.1,6000,13.25,4500,0,873000
RBLBANK30Jan20360CE.NFO,07/01/2020,10:28:53,13.2,13.15,1500,13.25,4500,0,873000
RBLBANK30Jan20360CE.NFO,07/01/2020,10:28:55,13.2,13.1,4500,13.2,1500,0,873000
RBLBANK30Jan20360CE.NFO,07/01/2020,10:29:04,13.2,13.15,1500,13.2,1500,0,873000
RBLBANK30Jan20360CE.NFO,07/01/2020,10:29:06,13.2,13.15,1500,13.25,1500,1500,873000
RBLBANK30Jan20360CE.NFO,07/01/2020,10:29:07,13.2,13.1,4500,13.25,1500,0,873000
RBLBANK30Jan20360CE.NFO,07/01/2020,10:29:08,13.2,13.15,1500,13.25,1500,0,873000
RBLBANK30Jan20360CE.NFO,07/01/2020,10:29:09,13.2,13.1,3000,13.25,3000,0,873000
RBLBANK30Jan20360CE.NFO,07/01/2020,10:29:10,13.2,13.1,3000,13.25,7500,0,873000
RBLBANK30Jan20360CE.NFO,07/01/2020,10:29:11,13.2,13.1,3000,13.25,9000,1500,873000
RBLBANK30Jan20360CE.NFO,07/01/2020,10:29:15,13.25,13.05,3000,13.25,4500,3000,873000
RBLBANK30Jan20360CE.NFO,07/01/2020,10:29:18,13.25,13.1,3000,13.3,7500,3000,873000
RBLBANK30Jan20360CE.NFO,07/01/2020,10:29:22,13.2,13.2,1500,13.25,4500,1500,873000
RBLBANK30Jan20360CE.NFO,07/01/2020,10:29:27,13.2,13.05,1500,13.2,9000,1500,873000
RBLBANK30Jan20360CE.NFO,07/01/2020,10:29:30,13.2,13.1,1500,13.25,6000,0,873000
RBLBANK30Jan20360CE.NFO,07/01/2020,10:29:41,13.2,13.15,1500,13.25,4500,0,873000
RBLBANK30Jan20360CE.NFO,07/01/2020,10:29:45,13.2,13.1,1500,13.25,4500,0,873000
RBLBANK30Jan20360CE.NFO,07/01/2020,10:29:51,13.2,13.1,1500,13.25,6000,0,873000
RBLBANK30Jan20360CE.NFO,07/01/2020,10:29:53,13.2,13.05,3000,13.2,3000,0,873000
RBLBANK30Jan20360CE.NFO,07/01/2020,10:29:59,13.2,13.1,1500,13.25,9000,0,873000
RBLBANK30Jan20360CE.NFO,07/01/2020,10:30:03,13.2,13.1,1500,13.2,1500,0,873000
RBLBANK30Jan20360CE.NFO,07/01/2020,10:30:07,13.25,13.15,1500,13.25,3000,6000,876000
RBLBANK30Jan20360CE.NFO,07/01/2020,10:30:10,13.15,13.1,1500,13.25,6000,1500,876000
RBLBANK30Jan20360CE.NFO,07/01/2020,10:30:12,13.15,13.1,1500,13.25,6000,0,876000
RBLBANK30Jan20360CE.NFO,07/01/2020,10:30:13,13.15,13.1,1500,13.2,3000,0,876000
RBLBANK30Jan20360CE.NFO,07/01/2020,10:30:15,13.15,13.1,1500,13.25,3000,0,876000
RBLBANK30Jan20360CE.NFO,07/01/2020,10:30:25,13.15,13.1,1500,13.2,1500,0,876000
RBLBANK30Jan20360CE.NFO,07/01/2020,10:30:26,13.15,13.1,1500,13.2,4500,0,876000
RBLBANK30Jan20360CE.NFO,07/01/2020,10:30:37,13.15,13.1,1500,13.2,6000,0,876000
RBLBANK30Jan20360CE.NFO,07/01/2020,10:30:38,13.15,13.1,1500,13.2,9000,0,876000
RBLBANK30Jan20360CE.NFO,07/01/2020,10:30:39,13.15,13.1,1500,13.15,1500,0,876000
RBLBANK30Jan20360CE.NFO,07/01/2020,10:30:40,13.15,13.1,1500,13.2,7500,0,876000
RBLBANK30Jan20360CE.NFO,07/01/2020,10:30:41,13.15,13.1,1500,13.2,9000,0,876000
RBLBANK30Jan20360CE.NFO,07/01/2020,10:30:44,13.15,13.1,1500,13.2,7500,0,876000
RBLBANK30Jan20360CE.NFO,07/01/2020,10:30:45,13.15,13.1,1500,13.15,1500,0,876000
RBLBANK30Jan20360CE.NFO,07/01/2020,10:30:49,13.15,13.1,1500,13.2,3000,1500,876000
RBLBANK30Jan20360CE.NFO,07/01/2020,10:30:50,13.15,13.1,1500,13.2,3000,0,876000
RBLBANK30Jan20360CE.NFO,07/01/2020,10:31:07,13.15,13.1,1500,13.2,9000,0,876000
RBLBANK30Jan20360CE.NFO,07/01/2020,10:31:08,13.15,13.1,1500,13.2,6000,0,876000
RBLBANK30Jan20360CE.NFO,07/01/2020,10:31:09,13.15,13.1,1500,13.2,3000,0,876000
RBLBANK30Jan20360CE.NFO,07/01/2020,10:31:11,13.15,13.1,1500,13.2,6000,0,876000
RBLBANK30Jan20360CE.NFO,07/01/2020,10:31:14,13.15,13.15,3000,13.2,3000,0,876000
RBLBANK30Jan20360CE.NFO,07/01/2020,10:31:18,13.15,13.1,3000,13.25,6000,1500,876000
RBLBANK30Jan20360CE.NFO,07/01/2020,10:31:22,13.05,13,22500,13.15,3000,3000,876000
RBLBANK30Jan20360CE.NFO,07/01/2020,10:31:26,13.05,13,22500,13.15,3000,0,876000
RBLBANK30Jan20360CE.NFO,07/01/2020,10:31:37,12.9,12.85,3000,13,1500,24000,876000
RBLBANK30Jan20360CE.NFO,07/01/2020,10:31:41,12.9,12.85,3000,13,1500,0,876000
RBLBANK30Jan20360CE.NFO,07/01/2020,10:31:45,12.9,12.8,4500,12.95,1500,0,876000
RBLBANK30Jan20360CE.NFO,07/01/2020,10:31:50,12.9,12.8,1500,12.9,1500,0,876000
RBLBANK30Jan20360CE.NFO,07/01/2020,10:31:57,12.8,12.75,4500,12.9,1500,3000,876000
RBLBANK30Jan20360CE.NFO,07/01/2020,10:32:02,12.8,12.75,3000,12.9,3000,0,876000
RBLBANK30Jan20360CE.NFO,07/01/2020,10:32:07,12.75,12.65,1500,12.85,3000,3000,876000
RBLBANK30Jan20360CE.NFO,07/01/2020,10:32:12,12.75,12.7,1500,12.75,3000,0,876000
RBLBANK30Jan20360CE.NFO,07/01/2020,10:32:12,12.75,12.6,3000,12.75,3000,0,876000
RBLBANK30Jan20360CE.NFO,07/01/2020,10:32:13,12.75,12.6,3000,12.75,4500,0,876000
RBLBANK30Jan20360CE.NFO,07/01/2020,10:32:14,12.75,12.65,1500,12.75,3000,0,876000
RBLBANK30Jan20360CE.NFO,07/01/2020,10:32:15,12.65,12.55,7500,12.75,1500,1500,876000
RBLBANK30Jan20360CE.NFO,07/01/2020,10:32:16,12.65,12.6,6000,12.8,3000,0,876000
RBLBANK30Jan20360CE.NFO,07/01/2020,10:32:17,12.65,12.6,4500,12.75,1500,0,876000
RBLBANK30Jan20360CE.NFO,07/01/2020,10:32:18,12.65,12.6,3000,12.75,1500,0,876000
RBLBANK30Jan20360CE.NFO,07/01/2020,10:32:19,12.65,12.6,3000,12.8,6000,0,876000
RBLBANK30Jan20360CE.NFO,07/01/2020,10:32:20,12.65,12.6,7500,12.75,1500,0,876000
RBLBANK30Jan20360CE.NFO,07/01/2020,10:32:21,12.65,12.6,7500,12.8,4500,0,876000
RBLBANK30Jan20360CE.NFO,07/01/2020,10:32:22,12.65,12.6,9000,12.75,1500,0,876000
RBLBANK30Jan20360CE.NFO,07/01/2020,10:32:24,12.65,12.6,9000,12.75,3000,0,876000
RBLBANK30Jan20360CE.NFO,07/01/2020,10:32:25,12.7,12.65,1500,12.8,4500,1500,876000
RBLBANK30Jan20360CE.NFO,07/01/2020,10:32:26,12.7,12.65,1500,12.8,4500,0,876000
RBLBANK30Jan20360CE.NFO,07/01/2020,10:32:30,12.7,12.65,1500,12.75,1500,0,876000
RBLBANK30Jan20360CE.NFO,07/01/2020,10:32:31,12.7,12.6,6000,12.75,1500,0,876000
RBLBANK30Jan20360CE.NFO,07/01/2020,10:32:32,12.7,12.6,7500,12.8,10500,0,876000
RBLBANK30Jan20360CE.NFO,07/01/2020,10:32:33,12.7,12.6,6000,12.75,1500,0,876000
RBLBANK30Jan20360CE.NFO,07/01/2020,10:32:34,12.7,12.65,1500,12.8,10500,0,876000
RBLBANK30Jan20360CE.NFO,07/01/2020,10:32:37,12.7,12.6,7500,12.75,1500,0,876000
RBLBANK30Jan20360CE.NFO,07/01/2020,10:32:37,12.7,12.6,7500,12.8,10500,0,876000
RBLBANK30Jan20360CE.NFO,07/01/2020,10:32:38,12.7,12.6,4500,12.75,1500,0,876000
RBLBANK30Jan20360CE.NFO,07/01/2020,10:32:40,12.7,12.6,1500,12.75,3000,0,876000
RBLBANK30Jan20360CE.NFO,07/01/2020,10:32:41,12.7,12.6,6000,12.75,1500,0,876000
RBLBANK30Jan20360CE.NFO,07/01/2020,10:32:42,12.7,12.65,1500,12.8,4500,0,876000
RBLBANK30Jan20360CE.NFO,07/01/2020,10:32:43,12.7,12.6,6000,12.75,1500,0,876000
RBLBANK30Jan20360CE.NFO,07/01/2020,10:32:44,12.7,12.6,6000,12.8,10500,0,876000
RBLBANK30Jan20360CE.NFO,07/01/2020,10:32:45,12.7,12.6,4500,12.7,1500,0,876000
RBLBANK30Jan20360CE.NFO,07/01/2020,10:32:49,12.7,12.65,3000,12.8,3000,1500,879000
RBLBANK30Jan20360CE.NFO,07/01/2020,10:32:50,12.7,12.65,3000,12.8,3000,0,879000
RBLBANK30Jan20360CE.NFO,07/01/2020,10:32:51,12.7,12.7,3000,12.8,1500,0,879000
RBLBANK30Jan20360CE.NFO,07/01/2020,10:32:52,12.8,12.7,3000,12.85,3000,1500,879000
RBLBANK30Jan20360CE.NFO,07/01/2020,10:32:53,12.8,12.7,3000,12.85,3000,0,879000
RBLBANK30Jan20360CE.NFO,07/01/2020,10:32:55,12.8,12.75,1500,12.9,3000,0,879000
RBLBANK30Jan20360CE.NFO,07/01/2020,10:32:56,12.8,12.7,7500,12.9,1500,0,879000
RBLBANK30Jan20360CE.NFO,07/01/2020,10:32:59,12.8,12.7,9000,12.9,3000,0,879000
RBLBANK30Jan20360CE.NFO,07/01/2020,10:33:00,12.85,12.8,1500,12.9,4500,1500,879000
RBLBANK30Jan20360CE.NFO,07/01/2020,10:33:01,12.85,12.8,1500,12.9,4500,0,879000
RBLBANK30Jan20360CE.NFO,07/01/2020,10:33:06,12.85,12.75,3000,12.9,4500,0,879000
RBLBANK30Jan20360CE.NFO,07/01/2020,10:33:07,12.85,12.8,1500,12.9,3000,0,879000
RBLBANK30Jan20360CE.NFO,07/01/2020,10:33:08,12.85,12.75,1500,12.9,3000,0,879000
RBLBANK30Jan20360CE.NFO,07/01/2020,10:33:09,12.85,12.75,1500,12.9,4500,0,879000
RBLBANK30Jan20360CE.NFO,07/01/2020,10:33:10,12.85,12.75,1500,12.9,3000,0,879000
RBLBANK30Jan20360CE.NFO,07/01/2020,10:33:17,12.85,12.75,1500,12.9,6000,0,879000
RBLBANK30Jan20360CE.NFO,07/01/2020,10:33:19,12.85,12.7,13500,12.9,10500,0,879000
RBLBANK30Jan20360CE.NFO,07/01/2020,10:33:20,12.85,12.75,1500,12.85,3000,0,879000
RBLBANK30Jan20360CE.NFO,07/01/2020,10:33:27,12.85,12.7,7500,12.8,3000,0,879000
RBLBANK30Jan20360CE.NFO,07/01/2020,10:33:29,12.85,12.7,10500,12.9,10500,0,879000
RBLBANK30Jan20360CE.NFO,07/01/2020,10:33:30,12.85,12.7,10500,12.85,3000,0,879000
RBLBANK30Jan20360CE.NFO,07/01/2020,10:33:31,12.85,12.75,3000,12.85,3000,0,879000
RBLBANK30Jan20360CE.NFO,07/01/2020,10:33:37,12.85,12.75,4500,12.85,10500,0,879000
RBLBANK30Jan20360CE.NFO,07/01/2020,10:33:38,12.85,12.75,6000,12.85,10500,0,879000
RBLBANK30Jan20360CE.NFO,07/01/2020,10:33:39,12.85,12.75,4500,12.85,10500,0,879000
RBLBANK30Jan20360CE.NFO,07/01/2020,10:33:40,12.85,12.75,6000,12.85,10500,0,879000
RBLBANK30Jan20360CE.NFO,07/01/2020,10:33:47,12.85,12.75,4500,12.85,10500,0,879000
RBLBANK30Jan20360CE.NFO,07/01/2020,10:33:48,12.85,12.75,3000,12.85,13500,0,879000
RBLBANK30Jan20360CE.NFO,07/01/2020,10:33:50,12.85,12.75,3000,12.8,12000,0,879000
RBLBANK30Jan20360CE.NFO,07/01/2020,10:33:51,12.8,12.75,7500,12.8,7500,3000,879000
RBLBANK30Jan20360CE.NFO,07/01/2020,10:33:53,12.8,12.75,7500,12.8,7500,0,879000
RBLBANK30Jan20360CE.NFO,07/01/2020,10:33:54,12.8,12.75,3000,12.8,7500,0,879000
RBLBANK30Jan20360CE.NFO,07/01/2020,10:33:56,12.8,12.75,4500,12.8,7500,0,879000
RBLBANK30Jan20360CE.NFO,07/01/2020,10:33:57,12.8,12.75,3000,12.8,6000,1500,879000
RBLBANK30Jan20360CE.NFO,07/01/2020,10:33:58,12.8,12.75,1500,12.8,6000,0,879000
RBLBANK30Jan20360CE.NFO,07/01/2020,10:33:59,12.8,12.75,3000,12.8,6000,0,879000
RBLBANK30Jan20360CE.NFO,07/01/2020,10:34:04,12.75,12.7,10500,12.8,6000,1500,879000
RBLBANK30Jan20360CE.NFO,07/01/2020,10:34:05,12.8,12.75,1500,12.8,4500,1500,879000
RBLBANK30Jan20360CE.NFO,07/01/2020,10:34:06,12.8,12.75,1500,12.8,4500,0,879000
RBLBANK30Jan20360CE.NFO,07/01/2020,10:34:07,12.8,12.75,3000,12.8,4500,0,879000
RBLBANK30Jan20360CE.NFO,07/01/2020,10:34:15,12.8,12.7,7500,12.75,4500,0,879000
RBLBANK30Jan20360CE.NFO,07/01/2020,10:34:43,12.75,12.7,10500,12.8,1500,4500,879000
RBLBANK30Jan20360CE.NFO,07/01/2020,10:34:48,12.75,12.75,1500,12.8,1500,0,879000
RBLBANK30Jan20360CE.NFO,07/01/2020,10:34:58,12.8,12.7,7500,12.8,3000,3000,879000
RBLBANK30Jan20360CE.NFO,07/01/2020,10:35:01,12.8,12.7,7500,12.8,4500,0,879000
RBLBANK30Jan20360CE.NFO,07/01/2020,10:35:08,12.8,12.7,7500,12.75,4500,0,879000
RBLBANK30Jan20360CE.NFO,07/01/2020,10:35:11,12.8,12.7,7500,12.75,1500,0,879000
RBLBANK30Jan20360CE.NFO,07/01/2020,10:35:15,12.8,12.7,7500,12.75,3000,0,879000
RBLBANK30Jan20360CE.NFO,07/01/2020,10:35:24,12.8,12.7,9000,12.75,3000,0,879000
RBLBANK30Jan20360CE.NFO,07/01/2020,10:35:28,12.8,12.7,9000,12.8,3000,0,879000
RBLBANK30Jan20360CE.NFO,07/01/2020,10:35:36,12.8,12.75,1500,12.85,6000,0,879000
RBLBANK30Jan20360CE.NFO,07/01/2020,10:35:39,12.8,12.7,10500,12.85,3000,0,879000
RBLBANK30Jan20360CE.NFO,07/01/2020,10:35:42,12.8,12.75,1500,12.85,4500,0,879000
RBLBANK30Jan20360CE.NFO,07/01/2020,10:35:52,12.8,12.7,9000,12.8,3000,0,879000
RBLBANK30Jan20360CE.NFO,07/01/2020,10:35:56,12.7,12.65,1500,12.75,7500,7500,876000
RBLBANK30Jan20360CE.NFO,07/01/2020,10:35:59,12.7,12.65,1500,12.75,6000,0,876000
RBLBANK30Jan20360CE.NFO,07/01/2020,10:36:03,12.7,12.65,1500,12.7,3000,0,876000
RBLBANK30Jan20360CE.NFO,07/01/2020,10:36:06,12.7,12.65,1500,12.75,7500,0,876000
RBLBANK30Jan20360CE.NFO,07/01/2020,10:36:09,12.7,12.65,1500,12.7,1500,0,876000
RBLBANK30Jan20360CE.NFO,07/01/2020,10:36:13,12.7,12.65,3000,12.8,4500,1500,876000
RBLBANK30Jan20360CE.NFO,07/01/2020,10:36:17,12.7,12.65,1500,12.8,4500,0,876000
RBLBANK30Jan20360CE.NFO,07/01/2020,10:36:21,12.7,12.7,1500,12.8,3000,0,876000
RBLBANK30Jan20360CE.NFO,07/01/2020,10:36:24,12.7,12.65,3000,12.8,4500,0,876000
RBLBANK30Jan20360CE.NFO,07/01/2020,10:36:44,12.7,12.65,3000,12.8,6000,1500,876000
RBLBANK30Jan20360CE.NFO,07/01/2020,10:36:51,12.7,12.7,1500,12.8,4500,0,876000
RBLBANK30Jan20360CE.NFO,07/01/2020,10:36:59,12.7,12.7,1500,12.8,1500,0,876000
RBLBANK30Jan20360CE.NFO,07/01/2020,10:37:02,12.7,12.7,1500,12.85,3000,0,876000
RBLBANK30Jan20360CE.NFO,07/01/2020,10:37:14,12.7,12.7,1500,12.8,3000,0,876000
RBLBANK30Jan20360CE.NFO,07/01/2020,10:37:17,12.7,12.65,4500,12.8,3000,0,876000
RBLBANK30Jan20360CE.NFO,07/01/2020,10:37:20,12.7,12.6,3000,12.75,6000,0,876000
RBLBANK30Jan20360CE.NFO,07/01/2020,10:37:32,12.7,12.65,1500,12.75,3000,0,876000
RBLBANK30Jan20360CE.NFO,07/01/2020,10:37:34,12.7,12.65,1500,12.75,4500,0,876000
RBLBANK30Jan20360CE.NFO,07/01/2020,10:37:38,12.7,12.6,4500,12.75,4500,0,876000
RBLBANK30Jan20360CE.NFO,07/01/2020,10:37:43,12.5,12.3,3000,12.45,3000,3000,876000
RBLBANK30Jan20360CE.NFO,07/01/2020,10:37:47,12.5,12.3,3000,12.45,4500,0,876000
RBLBANK30Jan20360CE.NFO,07/01/2020,10:37:50,12.5,12.35,1500,12.5,4500,0,876000
RBLBANK30Jan20360CE.NFO,07/01/2020,10:37:54,12.5,12.45,1500,12.6,6000,1500,876000
RBLBANK30Jan20360CE.NFO,07/01/2020,10:37:57,12.5,12.45,1500,12.6,4500,0,876000
RBLBANK30Jan20360CE.NFO,07/01/2020,10:38:04,12.5,12.4,1500,12.5,3000,0,876000
RBLBANK30Jan20360CE.NFO,07/01/2020,10:38:13,12.4,12.35,4500,12.5,3000,1500,876000
RBLBANK30Jan20360CE.NFO,07/01/2020,10:38:16,12.35,12.35,3000,12.5,4500,1500,876000
RBLBANK30Jan20360CE.NFO,07/01/2020,10:38:19,12.35,12.35,3000,12.5,4500,0,876000
RBLBANK30Jan20360CE.NFO,07/01/2020,10:38:23,12.35,12.4,1500,12.5,1500,0,876000
RBLBANK30Jan20360CE.NFO,07/01/2020,10:38:30,12.35,12.4,1500,12.5,3000,0,876000
RBLBANK30Jan20360CE.NFO,07/01/2020,10:38:33,12.35,12.4,1500,12.5,4500,0,876000
RBLBANK30Jan20360CE.NFO,07/01/2020,10:38:36,12.35,12.35,3000,12.5,7500,0,876000
RBLBANK30Jan20360CE.NFO,07/01/2020,10:38:41,12.35,12.3,4500,12.5,7500,0,876000
RBLBANK30Jan20360CE.NFO,07/01/2020,10:38:44,12.35,12.35,1500,12.5,7500,0,876000
RBLBANK30Jan20360CE.NFO,07/01/2020,10:38:53,12.35,12.35,1500,12.5,4500,0,876000
RBLBANK30Jan20360CE.NFO,07/01/2020,10:38:57,12.4,12.4,1500,12.5,4500,1500,873000
RBLBANK30Jan20360CE.NFO,07/01/2020,10:39:00,12.4,12.35,3000,12.5,4500,0,873000
RBLBANK30Jan20360CE.NFO,07/01/2020,10:39:05,12.4,12.4,1500,12.5,4500,0,873000
RBLBANK30Jan20360CE.NFO,07/01/2020,10:39:14,12.4,12.35,3000,12.5,7500,0,873000
RBLBANK30Jan20360CE.NFO,07/01/2020,10:39:18,12.4,12.4,1500,12.5,7500,0,873000
RBLBANK30Jan20360CE.NFO,07/01/2020,10:39:22,12.4,12.3,4500,12.45,3000,0,873000
RBLBANK30Jan20360CE.NFO,07/01/2020,10:39:26,12.4,12.35,1500,12.45,3000,0,873000
RBLBANK30Jan20360CE.NFO,07/01/2020,10:39:30,12.35,12.3,4500,12.45,3000,1500,873000
RBLBANK30Jan20360CE.NFO,07/01/2020,10:39:50,12.35,12.3,1500,12.35,1500,0,873000
RBLBANK30Jan20360CE.NFO,07/01/2020,10:40:00,12.3,12.2,4500,12.35,1500,1500,873000
