Ticker,Date,Time,LTP,BuyPrice,BuyQty,SellPrice,SellQty,LTQ,OpenInterest
RECLTD30Jan20160CE.NFO,07/01/2020,09:16:28,0.45,0.3,6000,0.6,6000,12000,414000
RECLTD30Jan20160CE.NFO,07/01/2020,09:16:28,0.45,0.3,6000,0.6,6000,0,414000
RECLTD30Jan20160CE.NFO,07/01/2020,09:16:28,0.45,0.3,6000,0.6,6000,0,414000
RECLTD30Jan20160CE.NFO,07/01/2020,09:16:28,0.45,0.3,6000,0.6,6000,0,414000
RECLTD30Jan20160CE.NFO,07/01/2020,09:16:37,0.45,0.3,6000,0.6,6000,0,414000
RECLTD30Jan20160CE.NFO,07/01/2020,09:16:57,0.45,0.35,6000,0.55,12000,0,414000
RECLTD30Jan20160CE.NFO,07/01/2020,09:17:06,0.45,0.45,6000,0.55,12000,0,414000
RECLTD30Jan20160CE.NFO,07/01/2020,09:17:25,0.5,0.4,18000,0.55,12000,6000,414000
RECLTD30Jan20160CE.NFO,07/01/2020,09:17:25,0.5,0.4,18000,0.55,12000,0,414000
RECLTD30Jan20160CE.NFO,07/01/2020,09:17:35,0.5,0.4,18000,0.6,24000,0,414000
RECLTD30Jan20160CE.NFO,07/01/2020,09:17:46,0.5,0.4,18000,0.5,12000,0,414000
RECLTD30Jan20160CE.NFO,07/01/2020,09:18:07,0.5,0.4,18000,0.5,6000,0,414000
RECLTD30Jan20160CE.NFO,07/01/2020,09:18:33,0.5,0.4,12000,0.55,6000,0,414000
RECLTD30Jan20160CE.NFO,07/01/2020,09:18:42,0.5,0.4,12000,0.55,12000,0,414000
RECLTD30Jan20160CE.NFO,07/01/2020,09:19:43,0.5,0.4,12000,0.55,18000,0,414000
RECLTD30Jan20160CE.NFO,07/01/2020,09:20:22,0.5,0.45,18000,0.55,18000,0,414000
RECLTD30Jan20160CE.NFO,07/01/2020,09:20:30,0.45,0.45,6000,0.55,18000,12000,420000
RECLTD30Jan20160CE.NFO,07/01/2020,09:20:37,0.45,0.4,66000,0.5,72000,0,420000
RECLTD30Jan20160CE.NFO,07/01/2020,09:21:00,0.45,0.4,6000,0.5,72000,0,420000
RECLTD30Jan20160CE.NFO,07/01/2020,09:21:17,0.45,0.4,6000,0.45,18000,0,420000
RECLTD30Jan20160CE.NFO,07/01/2020,09:21:24,0.45,0.4,6000,0.45,66000,0,420000
RECLTD30Jan20160CE.NFO,07/01/2020,09:21:40,0.45,0.35,78000,0.45,66000,0,420000
RECLTD30Jan20160CE.NFO,07/01/2020,09:22:27,0.45,0.4,12000,0.45,66000,0,420000
RECLTD30Jan20160CE.NFO,07/01/2020,09:22:49,0.45,0.4,12000,0.45,18000,0,420000
RECLTD30Jan20160CE.NFO,07/01/2020,09:22:56,0.45,0.4,12000,0.45,72000,0,420000
RECLTD30Jan20160CE.NFO,07/01/2020,09:23:03,0.45,0.4,6000,0.45,66000,6000,420000
RECLTD30Jan20160CE.NFO,07/01/2020,09:23:18,0.45,0.4,54000,0.45,12000,24000,432000
RECLTD30Jan20160CE.NFO,07/01/2020,09:23:25,0.45,0.4,54000,0.45,12000,0,432000
RECLTD30Jan20160CE.NFO,07/01/2020,09:23:37,0.45,0.4,54000,0.45,6000,0,432000
RECLTD30Jan20160CE.NFO,07/01/2020,09:23:50,0.45,0.4,54000,0.5,72000,0,432000
RECLTD30Jan20160CE.NFO,07/01/2020,09:24:18,0.45,0.4,6000,0.5,72000,0,432000
RECLTD30Jan20160CE.NFO,07/01/2020,09:24:38,0.45,0.4,60000,0.5,72000,0,432000
RECLTD30Jan20160CE.NFO,07/01/2020,09:26:18,0.45,0.4,60000,0.5,12000,0,432000
RECLTD30Jan20160CE.NFO,07/01/2020,09:26:30,0.45,0.4,60000,0.55,84000,0,432000
RECLTD30Jan20160CE.NFO,07/01/2020,09:26:44,0.45,0.4,60000,0.55,24000,0,432000
RECLTD30Jan20160CE.NFO,07/01/2020,09:26:50,0.45,0.4,60000,0.55,12000,0,432000
RECLTD30Jan20160CE.NFO,07/01/2020,09:26:55,0.55,0.55,6000,0.6,78000,12000,450000
RECLTD30Jan20160CE.NFO,07/01/2020,09:26:55,0.55,0.55,6000,0.6,78000,0,450000
RECLTD30Jan20160CE.NFO,07/01/2020,09:27:01,0.6,0.6,6000,0.65,96000,72000,450000
RECLTD30Jan20160CE.NFO,07/01/2020,09:27:01,0.6,0.6,6000,0.65,96000,0,450000
RECLTD30Jan20160CE.NFO,07/01/2020,09:27:06,0.6,0.6,12000,0.65,96000,0,450000
RECLTD30Jan20160CE.NFO,07/01/2020,09:27:17,0.6,0.6,6000,0.65,96000,0,450000
RECLTD30Jan20160CE.NFO,07/01/2020,09:27:24,0.6,0.6,6000,0.65,72000,0,450000
RECLTD30Jan20160CE.NFO,07/01/2020,09:27:37,0.6,0.55,54000,0.65,72000,6000,450000
RECLTD30Jan20160CE.NFO,07/01/2020,09:27:43,0.6,0.55,54000,0.65,72000,0,450000
RECLTD30Jan20160CE.NFO,07/01/2020,09:27:48,0.6,0.55,54000,0.65,72000,6000,450000
RECLTD30Jan20160CE.NFO,07/01/2020,09:27:58,0.6,0.55,54000,0.65,72000,0,450000
RECLTD30Jan20160CE.NFO,07/01/2020,09:28:12,0.6,0.55,54000,0.6,18000,0,450000
RECLTD30Jan20160CE.NFO,07/01/2020,09:28:19,0.6,0.55,54000,0.6,30000,0,450000
RECLTD30Jan20160CE.NFO,07/01/2020,09:28:48,0.6,0.55,60000,0.6,30000,0,450000
RECLTD30Jan20160CE.NFO,07/01/2020,09:28:54,0.6,0.55,60000,0.6,36000,0,450000
RECLTD30Jan20160CE.NFO,07/01/2020,09:29:13,0.55,0.55,42000,0.6,24000,18000,450000
RECLTD30Jan20160CE.NFO,07/01/2020,09:29:19,0.55,0.55,42000,0.6,24000,0,450000
RECLTD30Jan20160CE.NFO,07/01/2020,09:29:44,0.55,0.55,12000,0.6,24000,0,450000
RECLTD30Jan20160CE.NFO,07/01/2020,09:29:50,0.55,0.55,6000,0.6,24000,0,450000
RECLTD30Jan20160CE.NFO,07/01/2020,09:30:00,0.55,0.55,12000,0.6,24000,0,450000
RECLTD30Jan20160CE.NFO,07/01/2020,09:30:05,0.55,0.55,6000,0.6,24000,0,450000
RECLTD30Jan20160CE.NFO,07/01/2020,09:30:23,0.55,0.55,42000,0.6,18000,0,450000
RECLTD30Jan20160CE.NFO,07/01/2020,09:31:05,0.55,0.55,36000,0.6,18000,0,450000
RECLTD30Jan20160CE.NFO,07/01/2020,09:31:11,0.55,0.5,78000,0.6,18000,0,450000
RECLTD30Jan20160CE.NFO,07/01/2020,09:31:51,0.55,0.5,78000,0.6,18000,6000,486000
RECLTD30Jan20160CE.NFO,07/01/2020,09:32:16,0.55,0.5,78000,0.6,66000,0,486000
RECLTD30Jan20160CE.NFO,07/01/2020,09:33:12,0.55,0.5,78000,0.6,18000,0,486000
RECLTD30Jan20160CE.NFO,07/01/2020,09:33:19,0.55,0.55,12000,0.6,18000,0,486000
RECLTD30Jan20160CE.NFO,07/01/2020,09:33:37,0.55,0.55,12000,0.6,60000,0,486000
RECLTD30Jan20160CE.NFO,07/01/2020,09:33:48,0.55,0.55,12000,0.6,18000,0,486000
RECLTD30Jan20160CE.NFO,07/01/2020,09:34:20,0.55,0.55,6000,0.6,18000,0,486000
RECLTD30Jan20160CE.NFO,07/01/2020,09:34:27,0.55,0.55,42000,0.6,18000,0,486000
RECLTD30Jan20160CE.NFO,07/01/2020,09:34:33,0.55,0.55,6000,0.6,18000,0,486000
RECLTD30Jan20160CE.NFO,07/01/2020,09:35:13,0.55,0.5,78000,0.6,18000,6000,480000
RECLTD30Jan20160CE.NFO,07/01/2020,09:35:19,0.55,0.5,78000,0.6,12000,0,480000
RECLTD30Jan20160CE.NFO,07/01/2020,09:35:29,0.55,0.5,78000,0.6,54000,0,480000
RECLTD30Jan20160CE.NFO,07/01/2020,09:35:36,0.55,0.5,78000,0.6,60000,0,480000
RECLTD30Jan20160CE.NFO,07/01/2020,09:35:43,0.55,0.5,78000,0.6,66000,0,480000
RECLTD30Jan20160CE.NFO,07/01/2020,09:35:51,0.55,0.5,72000,0.6,66000,0,480000
RECLTD30Jan20160CE.NFO,07/01/2020,09:37:58,0.55,0.5,72000,0.6,60000,6000,456000
RECLTD30Jan20160CE.NFO,07/01/2020,09:38:52,0.55,0.5,72000,0.6,60000,0,456000
RECLTD30Jan20160CE.NFO,07/01/2020,09:39:07,0.55,0.5,72000,0.6,60000,6000,456000
RECLTD30Jan20160CE.NFO,07/01/2020,09:39:12,0.55,0.5,72000,0.6,60000,0,456000
RECLTD30Jan20160CE.NFO,07/01/2020,09:40:00,0.55,0.55,6000,0.6,60000,0,456000
RECLTD30Jan20160CE.NFO,07/01/2020,09:40:46,0.55,0.55,6000,0.6,54000,0,456000
RECLTD30Jan20160CE.NFO,07/01/2020,09:41:08,0.55,0.55,6000,0.6,60000,0,456000
RECLTD30Jan20160CE.NFO,07/01/2020,09:41:23,0.6,0.55,6000,0.6,54000,6000,456000
RECLTD30Jan20160CE.NFO,07/01/2020,09:41:44,0.6,0.55,12000,0.6,54000,0,462000
RECLTD30Jan20160CE.NFO,07/01/2020,09:41:55,0.6,0.55,6000,0.6,54000,0,462000
RECLTD30Jan20160CE.NFO,07/01/2020,09:42:03,0.6,0.55,12000,0.6,54000,0,462000
RECLTD30Jan20160CE.NFO,07/01/2020,09:42:10,0.6,0.55,6000,0.6,54000,0,462000
RECLTD30Jan20160CE.NFO,07/01/2020,09:44:13,0.6,0.55,12000,0.6,54000,0,462000
RECLTD30Jan20160CE.NFO,07/01/2020,09:44:24,0.6,0.55,12000,0.6,18000,6000,444000
RECLTD30Jan20160CE.NFO,07/01/2020,09:44:29,0.6,0.55,12000,0.6,12000,0,444000
RECLTD30Jan20160CE.NFO,07/01/2020,09:44:48,0.6,0.55,12000,0.6,48000,0,444000
RECLTD30Jan20160CE.NFO,07/01/2020,09:44:59,0.6,0.55,18000,0.6,48000,0,444000
RECLTD30Jan20160CE.NFO,07/01/2020,09:45:19,0.6,0.55,18000,0.6,54000,0,444000
RECLTD30Jan20160CE.NFO,07/01/2020,09:45:53,0.6,0.55,24000,0.6,54000,0,444000
RECLTD30Jan20160CE.NFO,07/01/2020,09:45:58,0.6,0.55,18000,0.6,54000,0,444000
RECLTD30Jan20160CE.NFO,07/01/2020,09:46:15,0.6,0.55,24000,0.6,54000,0,444000
RECLTD30Jan20160CE.NFO,07/01/2020,09:46:43,0.6,0.55,18000,0.6,42000,0,444000
RECLTD30Jan20160CE.NFO,07/01/2020,09:46:48,0.6,0.55,18000,0.6,54000,0,444000
RECLTD30Jan20160CE.NFO,07/01/2020,09:46:59,0.55,0.55,6000,0.6,48000,12000,444000
RECLTD30Jan20160CE.NFO,07/01/2020,09:47:04,0.55,0.5,78000,0.6,48000,6000,444000
RECLTD30Jan20160CE.NFO,07/01/2020,09:47:13,0.6,0.5,78000,0.6,42000,6000,444000
RECLTD30Jan20160CE.NFO,07/01/2020,09:47:28,0.6,0.5,78000,0.6,42000,0,444000
RECLTD30Jan20160CE.NFO,07/01/2020,09:47:33,0.6,0.5,72000,0.6,42000,0,444000
RECLTD30Jan20160CE.NFO,07/01/2020,09:47:41,0.6,0.5,72000,0.6,12000,0,444000
RECLTD30Jan20160CE.NFO,07/01/2020,09:49:00,0.6,0.5,72000,0.6,54000,0,444000
RECLTD30Jan20160CE.NFO,07/01/2020,09:49:28,0.6,0.55,6000,0.6,54000,0,444000
RECLTD30Jan20160CE.NFO,07/01/2020,09:51:13,0.55,0.5,72000,0.6,54000,6000,462000
RECLTD30Jan20160CE.NFO,07/01/2020,09:51:53,0.55,0.5,72000,0.6,54000,0,462000
RECLTD30Jan20160CE.NFO,07/01/2020,09:53:34,0.55,0.5,60000,0.6,54000,0,462000
RECLTD30Jan20160CE.NFO,07/01/2020,09:53:39,0.55,0.5,72000,0.6,54000,0,462000
RECLTD30Jan20160CE.NFO,07/01/2020,09:54:20,0.55,0.5,72000,0.6,60000,0,462000
RECLTD30Jan20160CE.NFO,07/01/2020,09:54:31,0.55,0.5,72000,0.6,66000,0,462000
RECLTD30Jan20160CE.NFO,07/01/2020,09:58:53,0.55,0.45,78000,0.6,66000,0,462000
RECLTD30Jan20160CE.NFO,07/01/2020,10:02:26,0.55,0.45,78000,0.6,72000,0,462000
RECLTD30Jan20160CE.NFO,07/01/2020,10:02:46,0.55,0.45,84000,0.5,6000,0,462000
RECLTD30Jan20160CE.NFO,07/01/2020,10:03:46,0.55,0.45,78000,0.5,6000,0,462000
RECLTD30Jan20160CE.NFO,07/01/2020,10:03:57,0.55,0.45,72000,0.5,6000,0,462000
RECLTD30Jan20160CE.NFO,07/01/2020,10:04:34,0.45,0.45,12000,0.5,6000,6000,438000
RECLTD30Jan20160CE.NFO,07/01/2020,10:04:45,0.45,0.45,12000,0.5,6000,0,438000
RECLTD30Jan20160CE.NFO,07/01/2020,10:05:00,0.45,0.4,78000,0.5,48000,0,438000
RECLTD30Jan20160CE.NFO,07/01/2020,10:05:11,0.45,0.4,84000,0.5,48000,0,438000
RECLTD30Jan20160CE.NFO,07/01/2020,10:05:20,0.45,0.4,84000,0.5,6000,0,438000
RECLTD30Jan20160CE.NFO,07/01/2020,10:05:25,0.45,0.4,84000,0.5,12000,0,438000
RECLTD30Jan20160CE.NFO,07/01/2020,10:05:30,0.45,0.4,72000,0.5,12000,0,438000
RECLTD30Jan20160CE.NFO,07/01/2020,10:06:19,0.45,0.4,78000,0.5,12000,0,438000
RECLTD30Jan20160CE.NFO,07/01/2020,10:06:25,0.45,0.4,84000,0.5,12000,0,438000
RECLTD30Jan20160CE.NFO,07/01/2020,10:07:41,0.45,0.4,90000,0.5,12000,0,438000
RECLTD30Jan20160CE.NFO,07/01/2020,10:07:47,0.45,0.45,72000,0.5,12000,0,438000
RECLTD30Jan20160CE.NFO,07/01/2020,10:07:53,0.45,0.45,72000,0.5,6000,0,438000
RECLTD30Jan20160CE.NFO,07/01/2020,10:09:52,0.5,0.45,72000,0.5,6000,6000,438000
RECLTD30Jan20160CE.NFO,07/01/2020,10:09:58,0.5,0.45,72000,0.55,72000,0,438000
RECLTD30Jan20160CE.NFO,07/01/2020,10:10:28,0.5,0.45,72000,0.5,12000,0,438000
RECLTD30Jan20160CE.NFO,07/01/2020,10:10:37,0.5,0.45,78000,0.5,12000,0,438000
RECLTD30Jan20160CE.NFO,07/01/2020,10:10:53,0.5,0.45,78000,0.55,72000,0,438000
RECLTD30Jan20160CE.NFO,07/01/2020,10:13:15,0.5,0.45,78000,0.55,12000,0,438000
RECLTD30Jan20160CE.NFO,07/01/2020,10:15:58,0.5,0.5,72000,0.55,12000,0,438000
RECLTD30Jan20160CE.NFO,07/01/2020,10:19:33,0.5,0.5,72000,0.55,6000,0,438000
RECLTD30Jan20160CE.NFO,07/01/2020,10:19:37,0.5,0.5,72000,0.55,18000,0,438000
RECLTD30Jan20160CE.NFO,07/01/2020,10:19:47,0.5,0.5,72000,0.55,12000,0,438000
RECLTD30Jan20160CE.NFO,07/01/2020,10:20:27,0.5,0.5,72000,0.55,6000,0,438000
RECLTD30Jan20160CE.NFO,07/01/2020,10:20:31,0.55,0.5,72000,0.6,72000,6000,438000
RECLTD30Jan20160CE.NFO,07/01/2020,10:20:36,0.55,0.5,72000,0.6,72000,0,438000
RECLTD30Jan20160CE.NFO,07/01/2020,10:21:53,0.55,0.5,72000,0.6,72000,6000,438000
RECLTD30Jan20160CE.NFO,07/01/2020,10:21:58,0.55,0.5,72000,0.6,72000,0,438000
RECLTD30Jan20160CE.NFO,07/01/2020,10:22:50,0.6,0.5,66000,0.6,66000,6000,438000
RECLTD30Jan20160CE.NFO,07/01/2020,10:23:07,0.6,0.5,66000,0.6,66000,0,438000
RECLTD30Jan20160CE.NFO,07/01/2020,10:24:43,0.6,0.5,72000,0.6,66000,0,438000
RECLTD30Jan20160CE.NFO,07/01/2020,10:27:36,0.6,0.5,18000,0.6,66000,0,438000
RECLTD30Jan20160CE.NFO,07/01/2020,10:32:39,0.6,0.5,12000,0.6,66000,0,438000
RECLTD30Jan20160CE.NFO,07/01/2020,10:34:11,0.6,0.5,6000,0.6,66000,0,438000
RECLTD30Jan20160CE.NFO,07/01/2020,10:34:39,0.6,0.5,12000,0.6,66000,0,438000
RECLTD30Jan20160CE.NFO,07/01/2020,10:36:03,0.5,0.5,6000,0.6,66000,6000,444000
RECLTD30Jan20160CE.NFO,07/01/2020,10:36:06,0.5,0.5,6000,0.6,66000,0,444000
RECLTD30Jan20160CE.NFO,07/01/2020,10:36:35,0.5,0.5,6000,0.55,78000,0,444000
RECLTD30Jan20160CE.NFO,07/01/2020,10:37:38,0.5,0.45,24000,0.55,78000,6000,444000
RECLTD30Jan20160CE.NFO,07/01/2020,10:37:43,0.5,0.45,24000,0.55,78000,0,444000
RECLTD30Jan20160CE.NFO,07/01/2020,10:37:50,0.45,0.45,18000,0.55,78000,6000,444000
RECLTD30Jan20160CE.NFO,07/01/2020,10:37:54,0.45,0.45,18000,0.55,78000,0,444000
RECLTD30Jan20160CE.NFO,07/01/2020,10:37:57,0.45,0.45,12000,0.5,18000,6000,444000
RECLTD30Jan20160CE.NFO,07/01/2020,10:38:30,0.45,0.45,18000,0.5,24000,0,444000
RECLTD30Jan20160CE.NFO,07/01/2020,10:38:44,0.45,0.45,60000,0.5,24000,0,444000
RECLTD30Jan20160CE.NFO,07/01/2020,10:39:47,0.45,0.45,18000,0.5,24000,0,444000
RECLTD30Jan20160CE.NFO,07/01/2020,10:40:04,0.45,0.45,18000,0.5,66000,0,444000
RECLTD30Jan20160CE.NFO,07/01/2020,10:40:23,0.5,0.45,18000,0.5,60000,6000,450000
RECLTD30Jan20160CE.NFO,07/01/2020,10:41:20,0.5,0.45,18000,0.5,60000,0,450000
RECLTD30Jan20160CE.NFO,07/01/2020,10:42:27,0.5,0.45,12000,0.5,60000,0,450000
RECLTD30Jan20160CE.NFO,07/01/2020,10:43:35,0.45,0.4,96000,0.5,60000,6000,438000
RECLTD30Jan20160CE.NFO,07/01/2020,10:43:39,0.45,0.4,96000,0.5,54000,0,438000
RECLTD30Jan20160CE.NFO,07/01/2020,10:43:42,0.45,0.4,102000,0.5,54000,0,438000
RECLTD30Jan20160CE.NFO,07/01/2020,10:44:49,0.45,0.45,6000,0.5,54000,0,438000
RECLTD30Jan20160CE.NFO,07/01/2020,10:45:20,0.45,0.4,102000,0.5,54000,6000,438000
RECLTD30Jan20160CE.NFO,07/01/2020,10:45:24,0.45,0.4,102000,0.5,54000,0,438000
RECLTD30Jan20160CE.NFO,07/01/2020,10:50:00,0.45,0.45,6000,0.5,54000,0,438000
RECLTD30Jan20160CE.NFO,07/01/2020,10:50:32,0.45,0.4,96000,0.5,54000,6000,444000
RECLTD30Jan20160CE.NFO,07/01/2020,10:50:37,0.45,0.4,96000,0.5,54000,0,444000
RECLTD30Jan20160CE.NFO,07/01/2020,10:51:52,0.45,0.4,90000,0.5,54000,0,444000
RECLTD30Jan20160CE.NFO,07/01/2020,10:53:16,0.45,0.4,84000,0.5,54000,0,444000
RECLTD30Jan20160CE.NFO,07/01/2020,10:56:29,0.45,0.4,84000,0.45,12000,6000,444000
RECLTD30Jan20160CE.NFO,07/01/2020,10:56:40,0.45,0.4,84000,0.45,12000,0,444000
RECLTD30Jan20160CE.NFO,07/01/2020,10:57:19,0.45,0.4,84000,0.45,18000,0,444000
RECLTD30Jan20160CE.NFO,07/01/2020,11:00:02,0.45,0.4,84000,0.45,12000,0,444000
RECLTD30Jan20160CE.NFO,07/01/2020,11:00:09,0.45,0.4,84000,0.45,18000,0,444000
RECLTD30Jan20160CE.NFO,07/01/2020,11:01:19,0.4,0.4,30000,0.45,54000,36000,444000
RECLTD30Jan20160CE.NFO,07/01/2020,11:01:19,0.4,0.4,30000,0.45,54000,0,444000
RECLTD30Jan20160CE.NFO,07/01/2020,11:01:27,0.4,0.35,72000,0.45,54000,42000,444000
RECLTD30Jan20160CE.NFO,07/01/2020,11:01:34,0.4,0.35,72000,0.45,60000,0,444000
RECLTD30Jan20160CE.NFO,07/01/2020,11:01:41,0.4,0.35,90000,0.45,60000,0,444000
RECLTD30Jan20160CE.NFO,07/01/2020,11:02:39,0.4,0.35,96000,0.45,60000,0,444000
RECLTD30Jan20160CE.NFO,07/01/2020,11:08:39,0.4,0.35,102000,0.45,60000,0,444000
RECLTD30Jan20160CE.NFO,07/01/2020,11:08:44,0.4,0.35,96000,0.45,60000,0,444000
RECLTD30Jan20160CE.NFO,07/01/2020,11:10:38,0.4,0.35,102000,0.45,60000,0,444000
RECLTD30Jan20160CE.NFO,07/01/2020,11:11:02,0.4,0.35,96000,0.45,60000,0,444000
RECLTD30Jan20160CE.NFO,07/01/2020,11:12:41,0.4,0.35,96000,0.4,6000,0,444000
RECLTD30Jan20160CE.NFO,07/01/2020,11:13:35,0.4,0.35,96000,0.4,12000,0,444000
RECLTD30Jan20160CE.NFO,07/01/2020,11:14:24,0.4,0.35,102000,0.4,12000,0,444000
RECLTD30Jan20160CE.NFO,07/01/2020,11:16:05,0.4,0.35,102000,0.4,18000,0,444000
RECLTD30Jan20160CE.NFO,07/01/2020,11:16:17,0.4,0.35,102000,0.4,12000,0,444000
RECLTD30Jan20160CE.NFO,07/01/2020,11:22:34,0.4,0.35,108000,0.4,12000,0,444000
RECLTD30Jan20160CE.NFO,07/01/2020,11:24:23,0.4,0.35,102000,0.4,6000,6000,432000
RECLTD30Jan20160CE.NFO,07/01/2020,11:24:42,0.4,0.35,102000,0.45,72000,6000,432000
RECLTD30Jan20160CE.NFO,07/01/2020,11:24:47,0.4,0.35,102000,0.45,72000,0,432000
RECLTD30Jan20160CE.NFO,07/01/2020,11:30:13,0.4,0.4,6000,0.45,72000,0,432000
RECLTD30Jan20160CE.NFO,07/01/2020,11:31:11,0.4,0.4,18000,0.45,72000,0,432000
RECLTD30Jan20160CE.NFO,07/01/2020,11:31:16,0.4,0.4,12000,0.45,24000,0,432000
RECLTD30Jan20160CE.NFO,07/01/2020,11:31:21,0.45,0.4,12000,0.45,66000,6000,438000
RECLTD30Jan20160CE.NFO,07/01/2020,11:31:25,0.45,0.4,12000,0.45,66000,0,438000
RECLTD30Jan20160CE.NFO,07/01/2020,11:31:38,0.45,0.4,18000,0.45,66000,0,438000
RECLTD30Jan20160CE.NFO,07/01/2020,11:35:12,0.45,0.4,24000,0.45,66000,0,438000
RECLTD30Jan20160CE.NFO,07/01/2020,11:35:54,0.45,0.4,36000,0.45,48000,6000,444000
RECLTD30Jan20160CE.NFO,07/01/2020,11:36:04,0.45,0.4,36000,0.5,60000,0,444000
RECLTD30Jan20160CE.NFO,07/01/2020,11:36:57,0.45,0.4,30000,0.5,60000,0,444000
RECLTD30Jan20160CE.NFO,07/01/2020,11:38:27,0.45,0.4,24000,0.5,60000,0,444000
RECLTD30Jan20160CE.NFO,07/01/2020,11:38:31,0.45,0.4,30000,0.5,60000,0,444000
RECLTD30Jan20160CE.NFO,07/01/2020,11:38:57,0.45,0.4,24000,0.5,60000,0,444000
RECLTD30Jan20160CE.NFO,07/01/2020,11:40:28,0.45,0.4,72000,0.5,60000,0,444000
RECLTD30Jan20160CE.NFO,07/01/2020,11:45:00,0.45,0.4,24000,0.5,60000,0,444000
RECLTD30Jan20160CE.NFO,07/01/2020,11:45:29,0.45,0.4,24000,0.5,66000,0,444000
RECLTD30Jan20160CE.NFO,07/01/2020,11:45:55,0.45,0.4,30000,0.5,66000,0,444000
RECLTD30Jan20160CE.NFO,07/01/2020,11:46:05,0.45,0.4,24000,0.5,66000,0,444000
RECLTD30Jan20160CE.NFO,07/01/2020,11:46:08,0.45,0.4,24000,0.45,24000,0,444000
RECLTD30Jan20160CE.NFO,07/01/2020,11:46:42,0.45,0.4,24000,0.45,18000,0,444000
RECLTD30Jan20160CE.NFO,07/01/2020,11:46:55,0.45,0.4,24000,0.45,66000,0,444000
RECLTD30Jan20160CE.NFO,07/01/2020,11:47:33,0.45,0.4,18000,0.45,60000,0,444000
RECLTD30Jan20160CE.NFO,07/01/2020,11:48:17,0.4,0.4,12000,0.45,60000,6000,450000
RECLTD30Jan20160CE.NFO,07/01/2020,11:48:22,0.4,0.4,6000,0.45,60000,0,450000
RECLTD30Jan20160CE.NFO,07/01/2020,11:51:09,0.4,0.4,6000,0.45,66000,0,450000
RECLTD30Jan20160CE.NFO,07/01/2020,11:51:39,0.4,0.4,24000,0.45,60000,0,450000
RECLTD30Jan20160CE.NFO,07/01/2020,11:51:48,0.4,0.4,30000,0.45,60000,0,450000
RECLTD30Jan20160CE.NFO,07/01/2020,11:51:57,0.4,0.4,36000,0.45,60000,0,450000
RECLTD30Jan20160CE.NFO,07/01/2020,11:52:16,0.4,0.4,30000,0.45,60000,6000,450000
RECLTD30Jan20160CE.NFO,07/01/2020,11:52:20,0.4,0.4,24000,0.45,60000,0,450000
RECLTD30Jan20160CE.NFO,07/01/2020,11:52:35,0.4,0.4,24000,0.45,12000,0,450000
RECLTD30Jan20160CE.NFO,07/01/2020,11:53:17,0.4,0.4,24000,0.45,18000,0,450000
RECLTD30Jan20160CE.NFO,07/01/2020,11:54:08,0.4,0.4,18000,0.45,18000,0,450000
RECLTD30Jan20160CE.NFO,07/01/2020,11:54:11,0.4,0.4,24000,0.45,18000,0,450000
RECLTD30Jan20160CE.NFO,07/01/2020,11:55:10,0.4,0.4,18000,0.45,18000,0,450000
RECLTD30Jan20160CE.NFO,07/01/2020,11:56:12,0.4,0.4,30000,0.45,18000,0,450000
RECLTD30Jan20160CE.NFO,07/01/2020,11:56:15,0.4,0.4,24000,0.45,18000,0,450000
RECLTD30Jan20160CE.NFO,07/01/2020,11:57:15,0.4,0.4,24000,0.45,6000,0,450000
RECLTD30Jan20160CE.NFO,07/01/2020,11:57:22,0.4,0.4,72000,0.5,66000,0,450000
RECLTD30Jan20160CE.NFO,07/01/2020,11:58:52,0.4,0.4,78000,0.5,66000,0,450000
RECLTD30Jan20160CE.NFO,07/01/2020,11:58:58,0.4,0.4,72000,0.5,66000,0,450000
RECLTD30Jan20160CE.NFO,07/01/2020,11:59:30,0.4,0.4,24000,0.5,66000,0,450000
RECLTD30Jan20160CE.NFO,07/01/2020,11:59:35,0.4,0.4,12000,0.5,66000,0,450000
RECLTD30Jan20160CE.NFO,07/01/2020,11:59:39,0.4,0.4,18000,0.5,66000,0,450000
RECLTD30Jan20160CE.NFO,07/01/2020,12:00:02,0.4,0.4,24000,0.5,66000,0,450000
RECLTD30Jan20160CE.NFO,07/01/2020,12:00:39,0.4,0.4,72000,0.5,66000,0,450000
RECLTD30Jan20160CE.NFO,07/01/2020,12:01:48,0.4,0.4,12000,0.5,66000,0,450000
RECLTD30Jan20160CE.NFO,07/01/2020,12:01:57,0.4,0.4,12000,0.45,30000,0,450000
RECLTD30Jan20160CE.NFO,07/01/2020,12:02:02,0.4,0.4,18000,0.45,30000,0,450000
RECLTD30Jan20160CE.NFO,07/01/2020,12:02:08,0.4,0.4,12000,0.45,78000,0,450000
RECLTD30Jan20160CE.NFO,07/01/2020,12:02:20,0.4,0.4,6000,0.45,78000,0,450000
RECLTD30Jan20160CE.NFO,07/01/2020,12:02:23,0.4,0.35,102000,0.45,78000,0,450000
RECLTD30Jan20160CE.NFO,07/01/2020,12:02:36,0.4,0.35,102000,0.45,30000,0,450000
RECLTD30Jan20160CE.NFO,07/01/2020,12:02:42,0.4,0.35,102000,0.45,24000,0,450000
RECLTD30Jan20160CE.NFO,07/01/2020,12:04:03,0.4,0.35,102000,0.45,18000,0,450000
RECLTD30Jan20160CE.NFO,07/01/2020,12:04:23,0.4,0.35,102000,0.45,30000,0,450000
RECLTD30Jan20160CE.NFO,07/01/2020,12:04:30,0.4,0.35,102000,0.45,78000,0,450000
RECLTD30Jan20160CE.NFO,07/01/2020,12:06:33,0.4,0.35,84000,0.45,78000,0,450000
RECLTD30Jan20160CE.NFO,07/01/2020,12:06:36,0.4,0.35,102000,0.45,78000,0,450000
RECLTD30Jan20160CE.NFO,07/01/2020,12:09:04,0.4,0.35,108000,0.45,78000,0,450000
RECLTD30Jan20160CE.NFO,07/01/2020,12:09:46,0.4,0.35,108000,0.45,30000,0,450000
RECLTD30Jan20160CE.NFO,07/01/2020,12:10:08,0.4,0.35,108000,0.45,24000,0,450000
RECLTD30Jan20160CE.NFO,07/01/2020,12:10:13,0.4,0.35,108000,0.45,18000,0,450000
RECLTD30Jan20160CE.NFO,07/01/2020,12:10:17,0.4,0.4,96000,0.45,6000,0,450000
RECLTD30Jan20160CE.NFO,07/01/2020,12:10:20,0.4,0.4,102000,0.45,6000,0,450000
RECLTD30Jan20160CE.NFO,07/01/2020,12:10:30,0.4,0.4,108000,0.45,6000,0,450000
RECLTD30Jan20160CE.NFO,07/01/2020,12:10:43,0.4,0.4,108000,0.5,66000,0,450000
RECLTD30Jan20160CE.NFO,07/01/2020,12:13:16,0.4,0.4,108000,0.5,24000,0,450000
RECLTD30Jan20160CE.NFO,07/01/2020,12:14:10,0.4,0.4,108000,0.5,66000,0,450000
RECLTD30Jan20160CE.NFO,07/01/2020,12:14:49,0.4,0.4,108000,0.5,24000,0,450000
RECLTD30Jan20160CE.NFO,07/01/2020,12:15:15,0.4,0.4,108000,0.5,18000,0,450000
RECLTD30Jan20160CE.NFO,07/01/2020,12:16:27,0.4,0.4,108000,0.5,54000,0,450000
RECLTD30Jan20160CE.NFO,07/01/2020,12:16:34,0.4,0.4,108000,0.5,66000,0,450000
RECLTD30Jan20160CE.NFO,07/01/2020,12:19:35,0.4,0.45,6000,0.5,66000,0,450000
RECLTD30Jan20160CE.NFO,07/01/2020,12:20:49,0.4,0.4,108000,0.5,66000,0,450000
RECLTD30Jan20160CE.NFO,07/01/2020,12:23:08,0.45,0.4,108000,0.5,66000,6000,444000
RECLTD30Jan20160CE.NFO,07/01/2020,12:23:23,0.45,0.4,108000,0.5,66000,0,444000
RECLTD30Jan20160CE.NFO,07/01/2020,12:28:45,0.45,0.4,114000,0.5,66000,0,444000
RECLTD30Jan20160CE.NFO,07/01/2020,12:28:58,0.45,0.4,114000,0.5,60000,0,444000
RECLTD30Jan20160CE.NFO,07/01/2020,12:29:05,0.45,0.4,114000,0.5,66000,0,444000
RECLTD30Jan20160CE.NFO,07/01/2020,12:30:27,0.45,0.4,108000,0.5,66000,0,444000
RECLTD30Jan20160CE.NFO,07/01/2020,13:03:12,0.45,0.4,42000,0.5,66000,0,444000
RECLTD30Jan20160CE.NFO,07/01/2020,13:03:27,0.45,0.4,42000,0.45,78000,0,444000
RECLTD30Jan20160CE.NFO,07/01/2020,13:04:29,0.45,0.4,48000,0.45,84000,0,444000
RECLTD30Jan20160CE.NFO,07/01/2020,13:04:39,0.45,0.4,42000,0.45,84000,0,444000
RECLTD30Jan20160CE.NFO,07/01/2020,13:05:03,0.45,0.4,30000,0.45,84000,0,444000
RECLTD30Jan20160CE.NFO,07/01/2020,13:06:42,0.45,0.4,18000,0.45,84000,0,444000
RECLTD30Jan20160CE.NFO,07/01/2020,13:08:10,0.4,0.35,102000,0.45,84000,18000,444000
RECLTD30Jan20160CE.NFO,07/01/2020,13:08:17,0.4,0.35,102000,0.45,90000,0,444000
RECLTD30Jan20160CE.NFO,07/01/2020,13:08:25,0.4,0.35,102000,0.45,96000,0,444000
RECLTD30Jan20160CE.NFO,07/01/2020,13:10:51,0.4,0.35,102000,0.4,12000,0,444000
RECLTD30Jan20160CE.NFO,07/01/2020,13:11:07,0.4,0.35,102000,0.4,18000,0,444000
RECLTD30Jan20160CE.NFO,07/01/2020,13:11:39,0.4,0.35,114000,0.4,18000,0,444000
RECLTD30Jan20160CE.NFO,07/01/2020,13:12:09,0.4,0.35,108000,0.4,18000,0,444000
RECLTD30Jan20160CE.NFO,07/01/2020,13:13:03,0.4,0.35,108000,0.4,12000,6000,462000
RECLTD30Jan20160CE.NFO,07/01/2020,13:13:11,0.4,0.35,108000,0.4,12000,0,462000
RECLTD30Jan20160CE.NFO,07/01/2020,13:18:26,0.4,0.35,96000,0.4,12000,0,462000
RECLTD30Jan20160CE.NFO,07/01/2020,13:20:57,0.4,0.35,96000,0.4,24000,0,462000
RECLTD30Jan20160CE.NFO,07/01/2020,13:21:02,0.4,0.35,36000,0.4,24000,0,462000
RECLTD30Jan20160CE.NFO,07/01/2020,13:21:08,0.4,0.35,30000,0.4,24000,0,462000
RECLTD30Jan20160CE.NFO,07/01/2020,13:24:33,0.4,0.35,24000,0.4,36000,0,462000
RECLTD30Jan20160CE.NFO,07/01/2020,13:24:54,0.4,0.35,66000,0.4,12000,0,462000
RECLTD30Jan20160CE.NFO,07/01/2020,13:25:00,0.4,0.35,90000,0.4,12000,0,462000
RECLTD30Jan20160CE.NFO,07/01/2020,13:25:11,0.4,0.35,84000,0.4,12000,0,462000
RECLTD30Jan20160CE.NFO,07/01/2020,13:32:45,0.4,0.35,84000,0.4,24000,0,462000
RECLTD30Jan20160CE.NFO,07/01/2020,13:32:52,0.4,0.35,84000,0.4,18000,0,462000
RECLTD30Jan20160CE.NFO,07/01/2020,13:33:10,0.4,0.35,84000,0.4,12000,0,462000
RECLTD30Jan20160CE.NFO,07/01/2020,13:33:48,0.4,0.35,84000,0.45,42000,12000,444000
RECLTD30Jan20160CE.NFO,07/01/2020,13:33:54,0.4,0.35,90000,0.45,84000,0,444000
RECLTD30Jan20160CE.NFO,07/01/2020,13:34:00,0.4,0.35,90000,0.45,90000,0,444000
RECLTD30Jan20160CE.NFO,07/01/2020,13:34:05,0.4,0.35,90000,0.45,42000,0,444000
RECLTD30Jan20160CE.NFO,07/01/2020,13:34:14,0.4,0.35,30000,0.45,42000,0,444000
RECLTD30Jan20160CE.NFO,07/01/2020,13:34:24,0.4,0.35,36000,0.45,42000,0,444000
RECLTD30Jan20160CE.NFO,07/01/2020,13:35:10,0.4,0.35,36000,0.45,24000,0,444000
RECLTD30Jan20160CE.NFO,07/01/2020,13:35:16,0.4,0.35,96000,0.45,24000,0,444000
RECLTD30Jan20160CE.NFO,07/01/2020,13:35:40,0.4,0.35,96000,0.45,42000,0,444000
RECLTD30Jan20160CE.NFO,07/01/2020,13:35:46,0.4,0.35,96000,0.45,36000,0,444000
RECLTD30Jan20160CE.NFO,07/01/2020,13:35:58,0.4,0.35,96000,0.45,30000,0,444000
RECLTD30Jan20160CE.NFO,07/01/2020,13:36:08,0.4,0.35,96000,0.45,42000,0,444000
RECLTD30Jan20160CE.NFO,07/01/2020,13:36:22,0.4,0.35,96000,0.45,36000,0,444000
RECLTD30Jan20160CE.NFO,07/01/2020,13:36:27,0.4,0.35,96000,0.45,84000,0,444000
RECLTD30Jan20160CE.NFO,07/01/2020,13:37:42,0.45,0.35,96000,0.45,78000,6000,444000
RECLTD30Jan20160CE.NFO,07/01/2020,13:37:47,0.45,0.35,96000,0.45,78000,0,444000
RECLTD30Jan20160CE.NFO,07/01/2020,13:37:50,0.45,0.4,6000,0.45,78000,0,444000
RECLTD30Jan20160CE.NFO,07/01/2020,13:38:14,0.45,0.4,18000,0.45,78000,0,444000
RECLTD30Jan20160CE.NFO,07/01/2020,13:38:21,0.45,0.4,12000,0.45,78000,0,444000
RECLTD30Jan20160CE.NFO,07/01/2020,13:39:03,0.45,0.4,18000,0.45,78000,0,444000
RECLTD30Jan20160CE.NFO,07/01/2020,13:39:42,0.45,0.4,12000,0.45,78000,0,444000
RECLTD30Jan20160CE.NFO,07/01/2020,13:40:37,0.45,0.4,18000,0.45,78000,0,444000
RECLTD30Jan20160CE.NFO,07/01/2020,13:41:48,0.45,0.4,12000,0.45,78000,0,444000
RECLTD30Jan20160CE.NFO,07/01/2020,13:42:16,0.4,0.35,96000,0.45,78000,12000,450000
RECLTD30Jan20160CE.NFO,07/01/2020,13:42:24,0.4,0.35,96000,0.45,78000,0,450000
RECLTD30Jan20160CE.NFO,07/01/2020,13:47:01,0.4,0.35,102000,0.45,78000,0,450000
RECLTD30Jan20160CE.NFO,07/01/2020,13:47:20,0.4,0.35,96000,0.45,78000,0,450000
RECLTD30Jan20160CE.NFO,07/01/2020,13:47:26,0.4,0.35,96000,0.45,72000,0,450000
RECLTD30Jan20160CE.NFO,07/01/2020,13:48:27,0.4,0.35,102000,0.45,72000,0,450000
RECLTD30Jan20160CE.NFO,07/01/2020,13:49:09,0.4,0.35,108000,0.45,72000,0,450000
RECLTD30Jan20160CE.NFO,07/01/2020,13:49:58,0.4,0.35,114000,0.45,72000,0,450000
RECLTD30Jan20160CE.NFO,07/01/2020,13:51:31,0.4,0.4,6000,0.45,72000,0,450000
RECLTD30Jan20160CE.NFO,07/01/2020,13:51:36,0.4,0.35,114000,0.45,72000,6000,456000
RECLTD30Jan20160CE.NFO,07/01/2020,13:51:41,0.4,0.4,6000,0.45,72000,0,456000
RECLTD30Jan20160CE.NFO,07/01/2020,13:51:51,0.4,0.35,114000,0.45,72000,6000,456000
RECLTD30Jan20160CE.NFO,07/01/2020,13:52:12,0.4,0.35,114000,0.45,72000,0,456000
RECLTD30Jan20160CE.NFO,07/01/2020,13:53:43,0.4,0.35,102000,0.45,72000,0,456000
RECLTD30Jan20160CE.NFO,07/01/2020,13:55:15,0.4,0.35,108000,0.45,72000,0,456000
RECLTD30Jan20160CE.NFO,07/01/2020,13:55:46,0.4,0.35,114000,0.45,72000,0,456000
RECLTD30Jan20160CE.NFO,07/01/2020,13:55:58,0.4,0.35,108000,0.45,72000,0,456000
RECLTD30Jan20160CE.NFO,07/01/2020,13:56:03,0.4,0.35,102000,0.45,72000,0,456000
RECLTD30Jan20160CE.NFO,07/01/2020,13:59:10,0.4,0.35,102000,0.45,78000,0,456000
RECLTD30Jan20160CE.NFO,07/01/2020,13:59:52,0.4,0.35,102000,0.45,72000,0,456000
RECLTD30Jan20160CE.NFO,07/01/2020,14:00:55,0.4,0.35,108000,0.45,72000,0,456000
RECLTD30Jan20160CE.NFO,07/01/2020,14:01:07,0.4,0.35,102000,0.45,72000,0,456000
RECLTD30Jan20160CE.NFO,07/01/2020,14:01:38,0.4,0.35,108000,0.45,72000,0,456000
RECLTD30Jan20160CE.NFO,07/01/2020,14:01:49,0.4,0.35,114000,0.45,78000,0,456000
RECLTD30Jan20160CE.NFO,07/01/2020,14:02:30,0.4,0.35,108000,0.45,78000,0,456000
RECLTD30Jan20160CE.NFO,07/01/2020,14:02:46,0.4,0.35,114000,0.45,78000,0,456000
RECLTD30Jan20160CE.NFO,07/01/2020,14:02:50,0.4,0.4,6000,0.45,78000,0,456000
RECLTD30Jan20160CE.NFO,07/01/2020,14:03:29,0.4,0.35,114000,0.45,78000,0,456000
RECLTD30Jan20160CE.NFO,07/01/2020,14:04:52,0.4,0.35,108000,0.45,78000,0,456000
RECLTD30Jan20160CE.NFO,07/01/2020,14:05:01,0.4,0.35,114000,0.45,78000,0,456000
RECLTD30Jan20160CE.NFO,07/01/2020,14:05:05,0.4,0.35,114000,0.45,60000,0,456000
RECLTD30Jan20160CE.NFO,07/01/2020,14:05:08,0.4,0.35,114000,0.45,78000,0,456000
RECLTD30Jan20160CE.NFO,07/01/2020,14:05:51,0.4,0.35,114000,0.45,84000,0,456000
RECLTD30Jan20160CE.NFO,07/01/2020,14:06:40,0.4,0.35,108000,0.45,84000,0,456000
RECLTD30Jan20160CE.NFO,07/01/2020,14:06:51,0.4,0.35,108000,0.45,78000,0,456000
RECLTD30Jan20160CE.NFO,07/01/2020,14:06:54,0.4,0.35,114000,0.45,78000,0,456000
RECLTD30Jan20160CE.NFO,07/01/2020,14:07:42,0.4,0.35,114000,0.4,6000,0,456000
RECLTD30Jan20160CE.NFO,07/01/2020,14:08:29,0.4,0.35,114000,0.45,78000,6000,456000
RECLTD30Jan20160CE.NFO,07/01/2020,14:09:24,0.4,0.35,114000,0.45,78000,0,456000
RECLTD30Jan20160CE.NFO,07/01/2020,14:15:24,0.4,0.35,114000,0.45,84000,0,456000
RECLTD30Jan20160CE.NFO,07/01/2020,14:15:44,0.4,0.35,114000,0.45,78000,0,456000
RECLTD30Jan20160CE.NFO,07/01/2020,14:17:57,0.4,0.4,6000,0.45,78000,0,456000
RECLTD30Jan20160CE.NFO,07/01/2020,14:18:21,0.4,0.35,114000,0.45,78000,0,456000
RECLTD30Jan20160CE.NFO,07/01/2020,14:21:07,0.4,0.35,114000,0.45,12000,0,456000
RECLTD30Jan20160CE.NFO,07/01/2020,14:21:12,0.4,0.35,114000,0.45,30000,0,456000
RECLTD30Jan20160CE.NFO,07/01/2020,14:25:52,0.4,0.35,114000,0.45,78000,0,456000
RECLTD30Jan20160CE.NFO,07/01/2020,14:27:13,0.4,0.4,72000,0.45,24000,0,456000
RECLTD30Jan20160CE.NFO,07/01/2020,14:27:20,0.4,0.4,78000,0.45,24000,0,456000
RECLTD30Jan20160CE.NFO,07/01/2020,14:27:26,0.4,0.4,84000,0.45,24000,0,456000
RECLTD30Jan20160CE.NFO,07/01/2020,14:28:03,0.4,0.4,84000,0.45,18000,0,456000
RECLTD30Jan20160CE.NFO,07/01/2020,14:28:25,0.45,0.4,84000,0.45,12000,6000,444000
RECLTD30Jan20160CE.NFO,07/01/2020,14:28:41,0.45,0.4,84000,0.45,12000,6000,444000
RECLTD30Jan20160CE.NFO,07/01/2020,14:28:45,0.45,0.4,84000,0.45,6000,0,444000
RECLTD30Jan20160CE.NFO,07/01/2020,14:29:25,0.45,0.4,84000,0.5,84000,0,444000
RECLTD30Jan20160CE.NFO,07/01/2020,14:30:56,0.45,0.4,36000,0.5,84000,0,444000
RECLTD30Jan20160CE.NFO,07/01/2020,14:31:21,0.45,0.4,42000,0.5,84000,0,444000
RECLTD30Jan20160CE.NFO,07/01/2020,14:31:29,0.45,0.4,84000,0.5,84000,6000,450000
RECLTD30Jan20160CE.NFO,07/01/2020,14:31:46,0.45,0.4,84000,0.5,84000,0,450000
RECLTD30Jan20160CE.NFO,07/01/2020,14:31:52,0.45,0.4,78000,0.5,84000,6000,450000
RECLTD30Jan20160CE.NFO,07/01/2020,14:31:59,0.45,0.4,78000,0.5,84000,6000,450000
RECLTD30Jan20160CE.NFO,07/01/2020,14:32:52,0.45,0.4,78000,0.45,6000,0,450000
RECLTD30Jan20160CE.NFO,07/01/2020,14:33:04,0.45,0.4,30000,0.45,6000,0,450000
RECLTD30Jan20160CE.NFO,07/01/2020,14:33:35,0.45,0.4,30000,0.5,84000,0,450000
RECLTD30Jan20160CE.NFO,07/01/2020,14:33:41,0.45,0.4,84000,0.5,84000,0,450000
RECLTD30Jan20160CE.NFO,07/01/2020,14:35:19,0.45,0.4,84000,0.45,6000,0,450000
RECLTD30Jan20160CE.NFO,07/01/2020,14:35:43,0.45,0.4,84000,0.45,18000,0,450000
RECLTD30Jan20160CE.NFO,07/01/2020,14:37:08,0.45,0.4,84000,0.45,12000,0,450000
RECLTD30Jan20160CE.NFO,07/01/2020,14:37:23,0.45,0.4,84000,0.45,18000,0,450000
RECLTD30Jan20160CE.NFO,07/01/2020,14:37:48,0.45,0.4,84000,0.45,12000,0,450000
RECLTD30Jan20160CE.NFO,07/01/2020,14:38:11,0.45,0.4,84000,0.45,24000,0,450000
RECLTD30Jan20160CE.NFO,07/01/2020,14:38:15,0.45,0.4,66000,0.45,24000,0,450000
RECLTD30Jan20160CE.NFO,07/01/2020,14:38:20,0.45,0.4,90000,0.45,24000,0,450000
RECLTD30Jan20160CE.NFO,07/01/2020,14:38:25,0.45,0.4,78000,0.45,24000,0,450000
RECLTD30Jan20160CE.NFO,07/01/2020,14:39:14,0.45,0.4,72000,0.45,24000,0,450000
RECLTD30Jan20160CE.NFO,07/01/2020,14:40:09,0.45,0.4,66000,0.45,24000,0,450000
RECLTD30Jan20160CE.NFO,07/01/2020,14:42:31,0.45,0.4,12000,0.45,24000,0,450000
RECLTD30Jan20160CE.NFO,07/01/2020,14:42:57,0.45,0.4,12000,0.45,72000,0,450000
RECLTD30Jan20160CE.NFO,07/01/2020,14:44:41,0.4,0.4,6000,0.45,72000,6000,456000
RECLTD30Jan20160CE.NFO,07/01/2020,14:44:55,0.4,0.4,6000,0.45,84000,0,456000
RECLTD30Jan20160CE.NFO,07/01/2020,14:45:13,0.4,0.35,108000,0.45,84000,6000,456000
RECLTD30Jan20160CE.NFO,07/01/2020,14:46:15,0.4,0.35,108000,0.45,84000,0,456000
RECLTD30Jan20160CE.NFO,07/01/2020,14:55:26,0.4,0.35,108000,0.45,36000,0,456000
RECLTD30Jan20160CE.NFO,07/01/2020,15:02:30,0.4,0.35,108000,0.45,84000,0,456000
RECLTD30Jan20160CE.NFO,07/01/2020,15:05:41,0.4,0.35,102000,0.45,84000,0,456000
RECLTD30Jan20160CE.NFO,07/01/2020,15:13:44,0.4,0.35,102000,0.45,78000,0,456000
RECLTD30Jan20160CE.NFO,07/01/2020,15:15:15,0.4,0.35,102000,0.45,78000,6000,444000
RECLTD30Jan20160CE.NFO,07/01/2020,15:15:21,0.4,0.35,102000,0.45,78000,6000,444000
RECLTD30Jan20160CE.NFO,07/01/2020,15:15:26,0.4,0.35,102000,0.45,78000,0,444000
RECLTD30Jan20160CE.NFO,07/01/2020,15:17:25,0.4,0.4,6000,0.45,78000,0,444000
RECLTD30Jan20160CE.NFO,07/01/2020,15:18:37,0.4,0.35,102000,0.45,78000,0,444000
RECLTD30Jan20160CE.NFO,07/01/2020,15:19:03,0.4,0.35,102000,0.45,30000,0,444000
RECLTD30Jan20160CE.NFO,07/01/2020,15:20:32,0.4,0.35,102000,0.45,78000,0,444000
RECLTD30Jan20160CE.NFO,07/01/2020,15:25:27,0.4,0.35,102000,0.45,72000,0,444000
RECLTD30Jan20160CE.NFO,07/01/2020,15:25:38,0.4,0.35,102000,0.45,66000,0,444000
RECLTD30Jan20160CE.NFO,07/01/2020,15:28:42,0.4,0.35,84000,0.45,66000,0,444000
RECLTD30Jan20160CE.NFO,07/01/2020,15:29:35,0.4,0.35,78000,0.45,66000,0,438000
RECLTD30Jan20160CE.NFO,07/01/2020,15:29:42,0.4,0.35,78000,0.45,54000,0,438000
RECLTD30Jan20160CE.NFO,07/01/2020,15:29:54,0.4,0.35,18000,0.45,6000,0,438000
