Ticker,Date,Time,LTP,BuyPrice,BuyQty,SellPrice,SellQty,LTQ,OpenInterest
RECLTD30Jan20145CE.NFO,07/01/2020,09:15:52,3.15,3,12000,3.2,6000,12000,924000
RECLTD30Jan20145CE.NFO,07/01/2020,09:15:52,3.15,3,12000,3.2,6000,0,924000
RECLTD30Jan20145CE.NFO,07/01/2020,09:15:52,3.15,3,12000,3.2,6000,0,924000
RECLTD30Jan20145CE.NFO,07/01/2020,09:15:52,3.15,3,12000,3.2,6000,0,924000
RECLTD30Jan20145CE.NFO,07/01/2020,09:16:04,3.2,3,12000,3.3,6000,6000,924000
RECLTD30Jan20145CE.NFO,07/01/2020,09:16:04,3.2,3,12000,3.3,6000,0,924000
RECLTD30Jan20145CE.NFO,07/01/2020,09:16:16,3.2,3.1,6000,3.25,6000,0,924000
RECLTD30Jan20145CE.NFO,07/01/2020,09:16:27,3.2,3.2,6000,3.3,6000,0,924000
RECLTD30Jan20145CE.NFO,07/01/2020,09:16:37,3.3,3.1,6000,3.3,12000,12000,924000
RECLTD30Jan20145CE.NFO,07/01/2020,09:16:37,3.3,3.1,6000,3.3,12000,0,924000
RECLTD30Jan20145CE.NFO,07/01/2020,09:16:47,3.3,3.15,6000,3.3,12000,0,924000
RECLTD30Jan20145CE.NFO,07/01/2020,09:16:57,3.05,3,6000,3.15,12000,24000,924000
RECLTD30Jan20145CE.NFO,07/01/2020,09:16:57,3.05,3,6000,3.15,12000,0,924000
RECLTD30Jan20145CE.NFO,07/01/2020,09:17:06,3.05,3,12000,3.15,6000,0,924000
RECLTD30Jan20145CE.NFO,07/01/2020,09:17:15,3.15,3.15,6000,3.25,6000,6000,960000
RECLTD30Jan20145CE.NFO,07/01/2020,09:17:25,3.3,3.25,12000,3.35,6000,12000,960000
RECLTD30Jan20145CE.NFO,07/01/2020,09:17:35,3.4,3.3,12000,3.45,6000,30000,960000
RECLTD30Jan20145CE.NFO,07/01/2020,09:17:35,3.45,3.3,12000,3.45,6000,0,960000
RECLTD30Jan20145CE.NFO,07/01/2020,09:17:46,3.4,3.25,6000,3.3,12000,0,960000
RECLTD30Jan20145CE.NFO,07/01/2020,09:17:57,3.25,3.25,18000,3.35,12000,6000,960000
RECLTD30Jan20145CE.NFO,07/01/2020,09:18:07,3.25,3.4,6000,3.45,12000,0,960000
RECLTD30Jan20145CE.NFO,07/01/2020,09:18:16,3.25,3.35,6000,3.4,12000,0,960000
RECLTD30Jan20145CE.NFO,07/01/2020,09:18:33,3.7,3.6,6000,3.8,6000,42000,960000
RECLTD30Jan20145CE.NFO,07/01/2020,09:18:33,3.7,3.6,6000,3.8,6000,0,960000
RECLTD30Jan20145CE.NFO,07/01/2020,09:18:42,3.7,3.6,12000,3.8,6000,0,960000
RECLTD30Jan20145CE.NFO,07/01/2020,09:19:00,3.7,3.55,6000,3.75,12000,0,960000
RECLTD30Jan20145CE.NFO,07/01/2020,09:19:09,3.7,3.55,6000,3.7,12000,0,960000
RECLTD30Jan20145CE.NFO,07/01/2020,09:19:18,3.7,3.55,12000,3.75,6000,0,960000
RECLTD30Jan20145CE.NFO,07/01/2020,09:19:26,3.65,3.6,6000,3.75,6000,6000,960000
RECLTD30Jan20145CE.NFO,07/01/2020,09:19:35,3.65,3.6,6000,3.75,6000,0,960000
RECLTD30Jan20145CE.NFO,07/01/2020,09:19:43,3.65,3.5,12000,3.65,6000,0,960000
RECLTD30Jan20145CE.NFO,07/01/2020,09:19:51,3.65,3.55,18000,3.75,12000,0,960000
RECLTD30Jan20145CE.NFO,07/01/2020,09:19:59,3.65,3.6,12000,3.75,6000,0,960000
RECLTD30Jan20145CE.NFO,07/01/2020,09:20:06,3.65,3.6,6000,3.65,6000,24000,960000
RECLTD30Jan20145CE.NFO,07/01/2020,09:20:15,3.65,3.55,6000,3.65,6000,0,960000
RECLTD30Jan20145CE.NFO,07/01/2020,09:20:30,3.6,3.55,6000,3.6,18000,6000,966000
RECLTD30Jan20145CE.NFO,07/01/2020,09:20:37,3.55,3.5,12000,3.6,24000,6000,966000
RECLTD30Jan20145CE.NFO,07/01/2020,09:20:45,3.55,3.55,18000,3.6,6000,0,966000
RECLTD30Jan20145CE.NFO,07/01/2020,09:20:52,3.6,3.5,18000,3.6,6000,6000,966000
RECLTD30Jan20145CE.NFO,07/01/2020,09:21:00,3.5,3.45,12000,3.6,24000,6000,966000
RECLTD30Jan20145CE.NFO,07/01/2020,09:21:09,3.5,3.45,12000,3.55,6000,12000,966000
RECLTD30Jan20145CE.NFO,07/01/2020,09:21:17,3.5,3.5,12000,3.6,6000,0,966000
RECLTD30Jan20145CE.NFO,07/01/2020,09:21:24,3.5,3.45,12000,3.6,12000,12000,966000
RECLTD30Jan20145CE.NFO,07/01/2020,09:21:31,3.5,3.45,12000,3.55,6000,0,966000
RECLTD30Jan20145CE.NFO,07/01/2020,09:21:39,3.5,3.4,24000,3.5,6000,0,966000
RECLTD30Jan20145CE.NFO,07/01/2020,09:21:48,3.45,3.45,12000,3.55,12000,12000,966000
RECLTD30Jan20145CE.NFO,07/01/2020,09:21:56,3.45,3.45,12000,3.55,12000,0,966000
RECLTD30Jan20145CE.NFO,07/01/2020,09:22:03,3.45,3.5,6000,3.55,6000,0,966000
RECLTD30Jan20145CE.NFO,07/01/2020,09:22:12,3.55,3.5,12000,3.55,6000,12000,966000
RECLTD30Jan20145CE.NFO,07/01/2020,09:22:20,3.55,3.5,12000,3.55,6000,0,966000
RECLTD30Jan20145CE.NFO,07/01/2020,09:22:27,3.55,3.5,12000,3.6,24000,0,966000
RECLTD30Jan20145CE.NFO,07/01/2020,09:22:35,3.55,3.55,6000,3.6,12000,0,966000
RECLTD30Jan20145CE.NFO,07/01/2020,09:22:41,3.6,3.55,12000,3.65,18000,6000,966000
RECLTD30Jan20145CE.NFO,07/01/2020,09:22:49,3.65,3.65,6000,3.75,18000,6000,966000
RECLTD30Jan20145CE.NFO,07/01/2020,09:22:56,3.55,3.6,18000,3.75,12000,24000,966000
RECLTD30Jan20145CE.NFO,07/01/2020,09:23:03,3.55,3.6,24000,3.8,30000,0,966000
RECLTD30Jan20145CE.NFO,07/01/2020,09:23:11,3.55,3.7,12000,3.75,12000,0,966000
RECLTD30Jan20145CE.NFO,07/01/2020,09:23:18,3.55,3.7,12000,3.75,6000,0,966000
RECLTD30Jan20145CE.NFO,07/01/2020,09:23:25,3.55,3.65,6000,3.75,12000,0,966000
RECLTD30Jan20145CE.NFO,07/01/2020,09:23:31,3.7,3.55,12000,3.7,6000,6000,936000
RECLTD30Jan20145CE.NFO,07/01/2020,09:23:37,3.7,3.55,6000,3.7,24000,0,936000
RECLTD30Jan20145CE.NFO,07/01/2020,09:23:43,3.65,3.55,6000,3.65,6000,12000,936000
RECLTD30Jan20145CE.NFO,07/01/2020,09:24:04,3.6,3.55,12000,3.65,6000,6000,936000
RECLTD30Jan20145CE.NFO,07/01/2020,09:24:11,3.6,3.55,12000,3.65,6000,0,936000
RECLTD30Jan20145CE.NFO,07/01/2020,09:24:18,3.6,3.55,12000,3.65,6000,12000,936000
RECLTD30Jan20145CE.NFO,07/01/2020,09:24:25,3.6,3.5,18000,3.65,24000,0,936000
RECLTD30Jan20145CE.NFO,07/01/2020,09:24:31,3.6,3.55,6000,3.65,24000,6000,936000
RECLTD30Jan20145CE.NFO,07/01/2020,09:24:38,3.7,3.65,18000,3.75,24000,12000,936000
RECLTD30Jan20145CE.NFO,07/01/2020,09:24:44,3.7,3.65,12000,3.75,18000,0,936000
RECLTD30Jan20145CE.NFO,07/01/2020,09:24:50,3.65,3.6,12000,3.7,12000,6000,936000
RECLTD30Jan20145CE.NFO,07/01/2020,09:24:56,3.65,3.6,6000,3.7,18000,0,936000
RECLTD30Jan20145CE.NFO,07/01/2020,09:25:03,3.65,3.6,18000,3.75,24000,0,936000
RECLTD30Jan20145CE.NFO,07/01/2020,09:25:11,3.65,3.7,24000,3.8,12000,0,936000
RECLTD30Jan20145CE.NFO,07/01/2020,09:25:25,3.85,3.75,12000,3.9,24000,12000,936000
RECLTD30Jan20145CE.NFO,07/01/2020,09:25:25,3.85,3.75,12000,3.9,24000,0,936000
RECLTD30Jan20145CE.NFO,07/01/2020,09:25:32,3.85,3.8,12000,3.85,18000,0,936000
RECLTD30Jan20145CE.NFO,07/01/2020,09:25:39,3.8,3.75,18000,3.85,12000,24000,936000
RECLTD30Jan20145CE.NFO,07/01/2020,09:25:47,3.8,3.8,6000,3.85,6000,0,936000
RECLTD30Jan20145CE.NFO,07/01/2020,09:26:02,3.8,3.8,12000,3.9,18000,12000,936000
RECLTD30Jan20145CE.NFO,07/01/2020,09:26:10,3.8,3.85,12000,3.9,6000,0,936000
RECLTD30Jan20145CE.NFO,07/01/2020,09:26:18,3.8,3.85,6000,3.9,6000,0,936000
RECLTD30Jan20145CE.NFO,07/01/2020,09:26:24,3.8,3.85,6000,3.9,18000,0,936000
RECLTD30Jan20145CE.NFO,07/01/2020,09:26:30,3.8,3.85,30000,3.95,12000,0,936000
RECLTD30Jan20145CE.NFO,07/01/2020,09:26:37,3.8,3.9,24000,3.95,12000,0,936000
RECLTD30Jan20145CE.NFO,07/01/2020,09:26:44,4.05,3.95,12000,4.05,6000,24000,936000
RECLTD30Jan20145CE.NFO,07/01/2020,09:26:44,4.05,3.95,12000,4.05,6000,0,936000
RECLTD30Jan20145CE.NFO,07/01/2020,09:26:50,4.1,4,18000,4.1,24000,36000,936000
RECLTD30Jan20145CE.NFO,07/01/2020,09:26:50,4.1,4,18000,4.1,24000,0,936000
RECLTD30Jan20145CE.NFO,07/01/2020,09:26:55,4.2,4.15,24000,4.25,6000,24000,936000
RECLTD30Jan20145CE.NFO,07/01/2020,09:26:55,4.2,4.15,24000,4.25,6000,0,936000
RECLTD30Jan20145CE.NFO,07/01/2020,09:27:01,4.2,4.15,18000,4.2,6000,12000,936000
RECLTD30Jan20145CE.NFO,07/01/2020,09:27:01,4.25,4.15,18000,4.2,6000,0,936000
RECLTD30Jan20145CE.NFO,07/01/2020,09:27:06,4.25,4.2,30000,4.3,6000,12000,936000
RECLTD30Jan20145CE.NFO,07/01/2020,09:27:11,4.2,4.2,6000,4.3,6000,24000,936000
RECLTD30Jan20145CE.NFO,07/01/2020,09:27:17,4.2,4.15,12000,4.25,24000,18000,936000
RECLTD30Jan20145CE.NFO,07/01/2020,09:27:24,4.2,4.15,6000,4.2,6000,0,936000
RECLTD30Jan20145CE.NFO,07/01/2020,09:27:31,4.2,4.15,6000,4.2,6000,6000,936000
RECLTD30Jan20145CE.NFO,07/01/2020,09:27:37,4.15,4.15,24000,4.2,6000,18000,936000
RECLTD30Jan20145CE.NFO,07/01/2020,09:27:43,4.2,4.1,6000,4.2,36000,18000,936000
RECLTD30Jan20145CE.NFO,07/01/2020,09:27:48,4.2,4.05,48000,4.2,30000,6000,936000
RECLTD30Jan20145CE.NFO,07/01/2020,09:27:58,4.15,4.1,6000,4.2,12000,12000,936000
RECLTD30Jan20145CE.NFO,07/01/2020,09:28:12,4.2,4,18000,4.15,30000,6000,936000
RECLTD30Jan20145CE.NFO,07/01/2020,09:28:19,4.2,4,18000,4.1,6000,0,936000
RECLTD30Jan20145CE.NFO,07/01/2020,09:28:25,4.2,4,6000,4.1,30000,0,936000
RECLTD30Jan20145CE.NFO,07/01/2020,09:28:37,4,4,6000,4.1,30000,6000,936000
RECLTD30Jan20145CE.NFO,07/01/2020,09:28:43,4,3.95,42000,4.1,30000,0,936000
RECLTD30Jan20145CE.NFO,07/01/2020,09:28:48,4,4,42000,4.15,24000,0,936000
RECLTD30Jan20145CE.NFO,07/01/2020,09:29:00,4.05,4.05,6000,4.1,24000,42000,936000
RECLTD30Jan20145CE.NFO,07/01/2020,09:29:06,4.05,4.05,24000,4.15,18000,0,936000
RECLTD30Jan20145CE.NFO,07/01/2020,09:29:13,4.05,4.05,36000,4.15,12000,0,936000
RECLTD30Jan20145CE.NFO,07/01/2020,09:29:19,4.05,4.05,42000,4.15,12000,0,936000
RECLTD30Jan20145CE.NFO,07/01/2020,09:29:24,4.05,4.05,42000,4.15,18000,0,936000
RECLTD30Jan20145CE.NFO,07/01/2020,09:29:37,4.05,4.05,12000,4.1,12000,0,936000
RECLTD30Jan20145CE.NFO,07/01/2020,09:29:44,4.05,4.05,6000,4.1,24000,0,936000
RECLTD30Jan20145CE.NFO,07/01/2020,09:29:50,4.05,4,6000,4.1,24000,6000,966000
RECLTD30Jan20145CE.NFO,07/01/2020,09:29:55,4.05,4,6000,4.1,24000,0,966000
RECLTD30Jan20145CE.NFO,07/01/2020,09:30:05,4.1,4,18000,4.1,12000,6000,966000
RECLTD30Jan20145CE.NFO,07/01/2020,09:30:17,4.1,4.05,12000,4.15,24000,0,966000
RECLTD30Jan20145CE.NFO,07/01/2020,09:30:23,4.1,4,18000,4.1,18000,0,966000
RECLTD30Jan20145CE.NFO,07/01/2020,09:30:28,4.1,4,24000,4.1,18000,0,966000
RECLTD30Jan20145CE.NFO,07/01/2020,09:30:33,4.1,4,24000,4.1,24000,0,966000
RECLTD30Jan20145CE.NFO,07/01/2020,09:30:39,4.1,4,42000,4.1,24000,0,966000
RECLTD30Jan20145CE.NFO,07/01/2020,09:31:05,4.1,4,6000,4.1,36000,0,966000
RECLTD30Jan20145CE.NFO,07/01/2020,09:31:11,4.05,4,6000,4.05,12000,6000,966000
RECLTD30Jan20145CE.NFO,07/01/2020,09:31:17,4,3.9,18000,4,6000,6000,966000
RECLTD30Jan20145CE.NFO,07/01/2020,09:31:23,4,3.9,30000,4.05,18000,0,966000
RECLTD30Jan20145CE.NFO,07/01/2020,09:31:34,4.05,3.9,18000,4.05,12000,6000,966000
RECLTD30Jan20145CE.NFO,07/01/2020,09:31:40,4.05,3.95,6000,4,6000,0,966000
RECLTD30Jan20145CE.NFO,07/01/2020,09:31:51,4.05,3.95,12000,4,6000,0,966000
RECLTD30Jan20145CE.NFO,07/01/2020,09:32:16,4.05,3.9,6000,4,18000,0,966000
RECLTD30Jan20145CE.NFO,07/01/2020,09:32:23,4.05,3.9,18000,4,12000,0,966000
RECLTD30Jan20145CE.NFO,07/01/2020,09:32:36,4.05,3.85,42000,4,18000,0,966000
RECLTD30Jan20145CE.NFO,07/01/2020,09:32:43,4.05,3.9,6000,4,18000,0,966000
RECLTD30Jan20145CE.NFO,07/01/2020,09:32:49,4.05,3.85,18000,3.95,6000,0,966000
RECLTD30Jan20145CE.NFO,07/01/2020,09:33:00,4.05,3.85,36000,4,24000,0,966000
RECLTD30Jan20145CE.NFO,07/01/2020,09:33:06,4.05,3.9,6000,4,18000,0,966000
RECLTD30Jan20145CE.NFO,07/01/2020,09:33:12,4.05,3.9,12000,4,18000,0,966000
RECLTD30Jan20145CE.NFO,07/01/2020,09:33:19,4.05,3.9,18000,4,18000,0,966000
RECLTD30Jan20145CE.NFO,07/01/2020,09:33:25,4.05,3.95,6000,4,12000,0,966000
RECLTD30Jan20145CE.NFO,07/01/2020,09:33:42,4.05,3.95,12000,4,12000,0,966000
RECLTD30Jan20145CE.NFO,07/01/2020,09:33:48,4,4,6000,4.05,6000,12000,972000
RECLTD30Jan20145CE.NFO,07/01/2020,09:33:53,4,4,6000,4.1,36000,0,972000
RECLTD30Jan20145CE.NFO,07/01/2020,09:33:58,4.05,4,18000,4.1,36000,6000,972000
RECLTD30Jan20145CE.NFO,07/01/2020,09:34:04,4.05,4,18000,4.1,36000,0,972000
RECLTD30Jan20145CE.NFO,07/01/2020,09:34:15,4.05,4,6000,4.1,36000,0,972000
RECLTD30Jan20145CE.NFO,07/01/2020,09:34:20,4.1,4,12000,4.1,30000,6000,972000
RECLTD30Jan20145CE.NFO,07/01/2020,09:34:27,4.05,4,18000,4.1,18000,6000,972000
RECLTD30Jan20145CE.NFO,07/01/2020,09:34:33,4.05,4,6000,4.05,12000,0,972000
RECLTD30Jan20145CE.NFO,07/01/2020,09:34:46,4.05,4,6000,4.05,6000,0,972000
RECLTD30Jan20145CE.NFO,07/01/2020,09:34:51,4.05,4,12000,4.05,6000,0,972000
RECLTD30Jan20145CE.NFO,07/01/2020,09:34:57,4,3.95,6000,4,6000,12000,972000
RECLTD30Jan20145CE.NFO,07/01/2020,09:35:02,4,3.95,6000,4,6000,0,972000
RECLTD30Jan20145CE.NFO,07/01/2020,09:35:07,4,3.9,12000,4,12000,0,972000
RECLTD30Jan20145CE.NFO,07/01/2020,09:35:13,4,3.9,12000,4,18000,0,972000
RECLTD30Jan20145CE.NFO,07/01/2020,09:35:19,4,3.9,12000,4,24000,0,972000
RECLTD30Jan20145CE.NFO,07/01/2020,09:35:29,4,3.85,6000,3.95,12000,0,972000
RECLTD30Jan20145CE.NFO,07/01/2020,09:35:43,4,3.8,6000,3.85,6000,0,972000
RECLTD30Jan20145CE.NFO,07/01/2020,09:35:51,4,3.8,6000,3.85,12000,0,972000
RECLTD30Jan20145CE.NFO,07/01/2020,09:35:59,3.8,3.75,18000,3.85,6000,6000,984000
RECLTD30Jan20145CE.NFO,07/01/2020,09:36:05,3.8,3.75,12000,3.8,12000,0,984000
RECLTD30Jan20145CE.NFO,07/01/2020,09:36:12,3.8,3.8,12000,3.9,18000,12000,984000
RECLTD30Jan20145CE.NFO,07/01/2020,09:36:18,3.8,3.75,12000,3.85,12000,0,984000
RECLTD30Jan20145CE.NFO,07/01/2020,09:36:35,3.8,3.8,6000,3.85,12000,0,984000
RECLTD30Jan20145CE.NFO,07/01/2020,09:36:45,3.8,3.8,12000,3.85,6000,6000,984000
RECLTD30Jan20145CE.NFO,07/01/2020,09:37:02,3.8,3.8,24000,3.85,6000,0,984000
RECLTD30Jan20145CE.NFO,07/01/2020,09:37:07,3.85,3.8,18000,3.9,6000,6000,984000
RECLTD30Jan20145CE.NFO,07/01/2020,09:37:18,3.85,3.8,18000,3.9,6000,0,984000
RECLTD30Jan20145CE.NFO,07/01/2020,09:37:23,3.85,3.85,6000,3.9,6000,0,984000
RECLTD30Jan20145CE.NFO,07/01/2020,09:37:28,3.85,3.8,12000,3.9,6000,6000,984000
RECLTD30Jan20145CE.NFO,07/01/2020,09:37:33,3.85,3.8,12000,3.9,6000,0,984000
RECLTD30Jan20145CE.NFO,07/01/2020,09:37:58,3.85,3.8,18000,3.9,6000,6000,984000
RECLTD30Jan20145CE.NFO,07/01/2020,09:38:03,3.85,3.8,12000,3.9,6000,0,984000
RECLTD30Jan20145CE.NFO,07/01/2020,09:38:08,3.85,3.8,18000,3.9,6000,0,984000
RECLTD30Jan20145CE.NFO,07/01/2020,09:38:32,3.85,3.8,6000,3.85,18000,0,984000
RECLTD30Jan20145CE.NFO,07/01/2020,09:38:52,3.85,3.8,6000,3.85,12000,0,984000
RECLTD30Jan20145CE.NFO,07/01/2020,09:38:57,3.85,3.8,12000,3.85,12000,0,984000
RECLTD30Jan20145CE.NFO,07/01/2020,09:39:07,3.85,3.8,18000,3.9,6000,0,984000
RECLTD30Jan20145CE.NFO,07/01/2020,09:39:33,3.85,3.85,12000,3.9,6000,0,984000
RECLTD30Jan20145CE.NFO,07/01/2020,09:39:38,3.85,3.8,18000,3.9,6000,0,984000
RECLTD30Jan20145CE.NFO,07/01/2020,09:39:50,3.85,3.8,24000,3.9,6000,6000,978000
RECLTD30Jan20145CE.NFO,07/01/2020,09:39:55,3.85,3.85,12000,3.95,6000,0,978000
RECLTD30Jan20145CE.NFO,07/01/2020,09:40:12,3.85,3.85,18000,3.95,6000,0,978000
RECLTD30Jan20145CE.NFO,07/01/2020,09:40:18,3.85,3.85,12000,3.95,6000,0,978000
RECLTD30Jan20145CE.NFO,07/01/2020,09:40:46,3.85,3.85,18000,3.95,6000,0,978000
RECLTD30Jan20145CE.NFO,07/01/2020,09:40:51,3.85,3.85,12000,3.95,6000,0,978000
RECLTD30Jan20145CE.NFO,07/01/2020,09:41:02,3.85,3.85,24000,3.95,6000,0,978000
RECLTD30Jan20145CE.NFO,07/01/2020,09:41:08,3.85,3.8,18000,3.9,12000,0,978000
RECLTD30Jan20145CE.NFO,07/01/2020,09:41:18,3.85,3.85,6000,3.9,12000,0,978000
RECLTD30Jan20145CE.NFO,07/01/2020,09:42:10,3.85,3.8,42000,3.9,24000,0,978000
RECLTD30Jan20145CE.NFO,07/01/2020,09:42:24,3.85,3.8,36000,3.9,24000,0,978000
RECLTD30Jan20145CE.NFO,07/01/2020,09:42:37,3.8,3.8,6000,3.85,6000,30000,966000
RECLTD30Jan20145CE.NFO,07/01/2020,09:42:44,3.8,3.8,6000,3.85,6000,0,966000
RECLTD30Jan20145CE.NFO,07/01/2020,09:42:51,3.8,3.8,12000,3.85,6000,0,966000
RECLTD30Jan20145CE.NFO,07/01/2020,09:42:58,3.8,3.8,6000,3.85,6000,0,966000
RECLTD30Jan20145CE.NFO,07/01/2020,09:43:04,3.8,3.8,6000,3.85,18000,6000,966000
RECLTD30Jan20145CE.NFO,07/01/2020,09:43:18,3.8,3.8,12000,3.85,12000,0,966000
RECLTD30Jan20145CE.NFO,07/01/2020,09:43:30,3.8,3.75,6000,3.85,18000,6000,966000
RECLTD30Jan20145CE.NFO,07/01/2020,09:43:50,3.8,3.75,18000,3.85,6000,0,966000
RECLTD30Jan20145CE.NFO,07/01/2020,09:43:55,3.8,3.75,12000,3.85,18000,0,966000
RECLTD30Jan20145CE.NFO,07/01/2020,09:44:01,3.8,3.8,6000,3.85,6000,0,966000
RECLTD30Jan20145CE.NFO,07/01/2020,09:44:07,3.8,3.8,12000,3.85,6000,0,966000
RECLTD30Jan20145CE.NFO,07/01/2020,09:44:13,3.8,3.85,6000,3.95,12000,0,966000
RECLTD30Jan20145CE.NFO,07/01/2020,09:44:18,3.8,3.85,24000,3.95,12000,0,966000
RECLTD30Jan20145CE.NFO,07/01/2020,09:44:24,3.8,3.9,6000,4,24000,0,966000
RECLTD30Jan20145CE.NFO,07/01/2020,09:44:48,3.8,3.9,12000,4,24000,0,966000
RECLTD30Jan20145CE.NFO,07/01/2020,09:45:04,3.8,3.85,18000,3.95,12000,0,966000
RECLTD30Jan20145CE.NFO,07/01/2020,09:45:11,3.8,3.9,12000,3.95,6000,0,966000
RECLTD30Jan20145CE.NFO,07/01/2020,09:45:19,3.8,3.85,18000,3.95,6000,0,966000
RECLTD30Jan20145CE.NFO,07/01/2020,09:45:25,3.8,3.85,18000,3.95,12000,0,966000
RECLTD30Jan20145CE.NFO,07/01/2020,09:45:31,3.8,3.9,6000,3.95,12000,0,966000
RECLTD30Jan20145CE.NFO,07/01/2020,09:45:53,3.9,3.85,18000,3.95,12000,6000,1002000
RECLTD30Jan20145CE.NFO,07/01/2020,09:45:58,3.9,3.8,24000,3.9,12000,0,1002000
RECLTD30Jan20145CE.NFO,07/01/2020,09:46:04,3.9,3.85,6000,3.9,6000,0,1002000
RECLTD30Jan20145CE.NFO,07/01/2020,09:46:25,3.9,3.85,18000,3.95,18000,0,1002000
RECLTD30Jan20145CE.NFO,07/01/2020,09:46:31,3.9,3.8,24000,3.9,6000,0,1002000
RECLTD30Jan20145CE.NFO,07/01/2020,09:46:43,3.85,3.75,6000,3.8,6000,18000,1002000
RECLTD30Jan20145CE.NFO,07/01/2020,09:46:48,3.85,3.75,6000,3.85,12000,0,1002000
RECLTD30Jan20145CE.NFO,07/01/2020,09:46:53,3.85,3.7,24000,3.8,6000,0,1002000
RECLTD30Jan20145CE.NFO,07/01/2020,09:46:59,3.85,3.65,24000,3.75,6000,0,1002000
RECLTD30Jan20145CE.NFO,07/01/2020,09:47:04,3.85,3.6,24000,3.7,6000,0,1002000
RECLTD30Jan20145CE.NFO,07/01/2020,09:47:09,3.85,3.6,42000,3.7,6000,0,1002000
RECLTD30Jan20145CE.NFO,07/01/2020,09:47:13,3.85,3.6,36000,3.7,6000,0,1002000
RECLTD30Jan20145CE.NFO,07/01/2020,09:47:23,3.85,3.6,42000,3.7,6000,0,1002000
RECLTD30Jan20145CE.NFO,07/01/2020,09:47:28,3.85,3.65,18000,3.75,12000,0,1002000
RECLTD30Jan20145CE.NFO,07/01/2020,09:47:41,3.7,3.65,30000,3.8,12000,6000,1014000
RECLTD30Jan20145CE.NFO,07/01/2020,09:47:46,3.7,3.65,30000,3.8,12000,0,1014000
RECLTD30Jan20145CE.NFO,07/01/2020,09:48:00,3.7,3.7,12000,3.8,6000,0,1014000
RECLTD30Jan20145CE.NFO,07/01/2020,09:48:05,3.7,3.75,6000,3.85,12000,0,1014000
RECLTD30Jan20145CE.NFO,07/01/2020,09:48:24,3.7,3.75,24000,3.9,12000,0,1014000
RECLTD30Jan20145CE.NFO,07/01/2020,09:48:29,3.7,3.75,12000,3.85,6000,0,1014000
RECLTD30Jan20145CE.NFO,07/01/2020,09:49:00,3.7,3.7,6000,3.8,18000,0,1014000
RECLTD30Jan20145CE.NFO,07/01/2020,09:49:50,3.7,3.7,18000,3.8,18000,0,1014000
RECLTD30Jan20145CE.NFO,07/01/2020,09:49:55,3.7,3.75,24000,3.85,6000,0,1014000
RECLTD30Jan20145CE.NFO,07/01/2020,09:50:20,3.7,3.75,6000,3.85,12000,0,1014000
RECLTD30Jan20145CE.NFO,07/01/2020,09:51:02,3.7,3.75,6000,3.85,18000,0,1014000
RECLTD30Jan20145CE.NFO,07/01/2020,09:51:08,3.7,3.7,12000,3.8,6000,18000,1008000
RECLTD30Jan20145CE.NFO,07/01/2020,09:51:13,3.7,3.7,12000,3.8,12000,0,1008000
RECLTD30Jan20145CE.NFO,07/01/2020,09:52:08,3.7,3.65,18000,3.75,6000,0,1008000
RECLTD30Jan20145CE.NFO,07/01/2020,09:52:13,3.65,3.65,12000,3.75,12000,6000,1008000
RECLTD30Jan20145CE.NFO,07/01/2020,09:52:51,3.65,3.6,18000,3.7,18000,0,1008000
RECLTD30Jan20145CE.NFO,07/01/2020,09:53:01,3.65,3.6,6000,3.7,18000,0,1008000
RECLTD30Jan20145CE.NFO,07/01/2020,09:53:19,3.65,3.6,6000,3.7,24000,0,1008000
RECLTD30Jan20145CE.NFO,07/01/2020,09:53:34,3.6,3.5,6000,3.6,6000,6000,1002000
RECLTD30Jan20145CE.NFO,07/01/2020,09:53:39,3.6,3.5,6000,3.6,6000,0,1002000
RECLTD30Jan20145CE.NFO,07/01/2020,09:53:49,3.6,3.55,6000,3.65,18000,6000,1002000
RECLTD30Jan20145CE.NFO,07/01/2020,09:53:59,3.6,3.5,6000,3.65,24000,0,1002000
RECLTD30Jan20145CE.NFO,07/01/2020,09:54:15,3.6,3.55,6000,3.65,18000,0,1002000
RECLTD30Jan20145CE.NFO,07/01/2020,09:54:31,3.6,3.5,12000,3.6,6000,0,1002000
RECLTD30Jan20145CE.NFO,07/01/2020,09:54:36,3.6,3.5,6000,3.6,6000,0,1002000
RECLTD30Jan20145CE.NFO,07/01/2020,09:55:06,3.6,3.5,6000,3.6,12000,0,1002000
RECLTD30Jan20145CE.NFO,07/01/2020,09:55:44,3.6,3.5,12000,3.6,12000,0,1002000
RECLTD30Jan20145CE.NFO,07/01/2020,09:55:57,3.6,3.5,12000,3.6,6000,0,1002000
RECLTD30Jan20145CE.NFO,07/01/2020,09:56:06,3.6,3.55,6000,3.65,18000,0,1002000
RECLTD30Jan20145CE.NFO,07/01/2020,09:56:13,3.6,3.5,6000,3.6,18000,0,1002000
RECLTD30Jan20145CE.NFO,07/01/2020,09:56:20,3.6,3.5,12000,3.55,6000,0,1002000
RECLTD30Jan20145CE.NFO,07/01/2020,09:56:33,3.55,3.5,30000,3.6,6000,6000,1014000
RECLTD30Jan20145CE.NFO,07/01/2020,09:56:38,3.55,3.5,18000,3.6,12000,0,1014000
RECLTD30Jan20145CE.NFO,07/01/2020,09:56:52,3.55,3.5,30000,3.6,12000,0,1014000
RECLTD30Jan20145CE.NFO,07/01/2020,09:57:05,3.55,3.5,24000,3.6,12000,0,1014000
RECLTD30Jan20145CE.NFO,07/01/2020,09:57:15,3.55,3.5,6000,3.6,18000,0,1014000
RECLTD30Jan20145CE.NFO,07/01/2020,09:57:21,3.55,3.5,12000,3.6,18000,0,1014000
RECLTD30Jan20145CE.NFO,07/01/2020,09:57:37,3.55,3.55,6000,3.65,12000,0,1014000
RECLTD30Jan20145CE.NFO,07/01/2020,09:57:45,3.55,3.55,12000,3.65,12000,0,1014000
RECLTD30Jan20145CE.NFO,07/01/2020,09:57:50,3.55,3.6,6000,3.65,6000,0,1014000
RECLTD30Jan20145CE.NFO,07/01/2020,09:58:14,3.6,3.5,24000,3.65,18000,6000,1014000
RECLTD30Jan20145CE.NFO,07/01/2020,09:58:19,3.6,3.55,6000,3.65,18000,0,1014000
RECLTD30Jan20145CE.NFO,07/01/2020,09:58:53,3.45,3.4,18000,3.5,6000,12000,1014000
RECLTD30Jan20145CE.NFO,07/01/2020,09:58:59,3.45,3.4,24000,3.5,6000,0,1014000
RECLTD30Jan20145CE.NFO,07/01/2020,09:59:11,3.45,3.4,18000,3.5,6000,0,1014000
RECLTD30Jan20145CE.NFO,07/01/2020,09:59:17,3.45,3.4,12000,3.5,6000,0,1014000
RECLTD30Jan20145CE.NFO,07/01/2020,09:59:29,3.45,3.35,18000,3.45,12000,0,1014000
RECLTD30Jan20145CE.NFO,07/01/2020,09:59:34,3.45,3.3,42000,3.45,24000,0,1014000
RECLTD30Jan20145CE.NFO,07/01/2020,09:59:43,3.4,3.3,42000,3.45,24000,6000,1014000
RECLTD30Jan20145CE.NFO,07/01/2020,09:59:48,3.4,3.3,42000,3.45,24000,0,1014000
RECLTD30Jan20145CE.NFO,07/01/2020,09:59:52,3.4,3.35,12000,3.45,24000,0,1014000
RECLTD30Jan20145CE.NFO,07/01/2020,10:00:05,3.4,3.35,18000,3.45,24000,0,1014000
RECLTD30Jan20145CE.NFO,07/01/2020,10:00:09,3.4,3.35,12000,3.45,24000,0,1014000
RECLTD30Jan20145CE.NFO,07/01/2020,10:00:35,3.4,3.35,6000,3.45,24000,0,1014000
RECLTD30Jan20145CE.NFO,07/01/2020,10:00:46,3.4,3.3,6000,3.35,6000,0,1014000
RECLTD30Jan20145CE.NFO,07/01/2020,10:00:53,3.4,3.25,24000,3.35,6000,0,1014000
RECLTD30Jan20145CE.NFO,07/01/2020,10:00:59,3.35,3.3,18000,3.4,18000,6000,1014000
RECLTD30Jan20145CE.NFO,07/01/2020,10:01:06,3.3,3.3,18000,3.4,18000,6000,1014000
RECLTD30Jan20145CE.NFO,07/01/2020,10:01:12,3.3,3.3,12000,3.4,18000,0,1014000
RECLTD30Jan20145CE.NFO,07/01/2020,10:01:19,3.4,3.3,6000,3.4,6000,6000,1014000
RECLTD30Jan20145CE.NFO,07/01/2020,10:01:25,3.4,3.3,12000,3.4,12000,0,1014000
RECLTD30Jan20145CE.NFO,07/01/2020,10:01:31,3.4,3.3,12000,3.4,24000,0,1014000
RECLTD30Jan20145CE.NFO,07/01/2020,10:01:48,3.4,3.35,6000,3.4,18000,0,1014000
RECLTD30Jan20145CE.NFO,07/01/2020,10:01:54,3.4,3.35,6000,3.4,12000,0,1014000
RECLTD30Jan20145CE.NFO,07/01/2020,10:02:16,3.4,3.35,18000,3.45,12000,0,1014000
RECLTD30Jan20145CE.NFO,07/01/2020,10:02:21,3.4,3.4,6000,3.45,6000,0,1014000
RECLTD30Jan20145CE.NFO,07/01/2020,10:02:26,3.4,3.35,6000,3.45,18000,0,1014000
RECLTD30Jan20145CE.NFO,07/01/2020,10:02:36,3.4,3.35,6000,3.45,24000,0,1014000
RECLTD30Jan20145CE.NFO,07/01/2020,10:02:56,3.4,3.35,6000,3.4,6000,0,1014000
RECLTD30Jan20145CE.NFO,07/01/2020,10:03:07,3.35,3.3,6000,3.4,6000,12000,1008000
RECLTD30Jan20145CE.NFO,07/01/2020,10:03:35,3.35,3.3,6000,3.4,12000,0,1008000
RECLTD30Jan20145CE.NFO,07/01/2020,10:04:14,3.35,3.3,12000,3.4,24000,0,1008000
RECLTD30Jan20145CE.NFO,07/01/2020,10:04:19,3.35,3.3,12000,3.4,12000,0,1008000
RECLTD30Jan20145CE.NFO,07/01/2020,10:04:24,3.35,3.3,18000,3.4,12000,0,1008000
RECLTD30Jan20145CE.NFO,07/01/2020,10:04:29,3.35,3.3,6000,3.35,6000,6000,1008000
RECLTD30Jan20145CE.NFO,07/01/2020,10:04:39,3.35,3.3,6000,3.35,6000,0,1008000
RECLTD30Jan20145CE.NFO,07/01/2020,10:04:50,3.3,3.25,30000,3.35,12000,6000,1008000
RECLTD30Jan20145CE.NFO,07/01/2020,10:05:00,3.3,3.2,30000,3.3,24000,0,1008000
RECLTD30Jan20145CE.NFO,07/01/2020,10:05:06,3.3,3.2,30000,3.3,18000,0,1008000
RECLTD30Jan20145CE.NFO,07/01/2020,10:05:30,3.3,3.15,42000,3.25,12000,0,1008000
RECLTD30Jan20145CE.NFO,07/01/2020,10:05:37,3.3,3.15,30000,3.25,30000,0,1008000
RECLTD30Jan20145CE.NFO,07/01/2020,10:05:43,3.3,3.15,30000,3.25,36000,0,1008000
RECLTD30Jan20145CE.NFO,07/01/2020,10:05:49,3.25,3.15,30000,3.25,36000,6000,1020000
RECLTD30Jan20145CE.NFO,07/01/2020,10:05:55,3.25,3.15,30000,3.25,36000,0,1020000
RECLTD30Jan20145CE.NFO,07/01/2020,10:06:13,3.25,3.2,6000,3.25,12000,0,1020000
RECLTD30Jan20145CE.NFO,07/01/2020,10:06:25,3.25,3.2,48000,3.3,24000,0,1020000
RECLTD30Jan20145CE.NFO,07/01/2020,10:06:36,3.25,3.2,48000,3.3,18000,0,1020000
RECLTD30Jan20145CE.NFO,07/01/2020,10:06:40,3.25,3.2,36000,3.3,36000,0,1020000
RECLTD30Jan20145CE.NFO,07/01/2020,10:06:45,3.25,3.2,48000,3.3,36000,0,1020000
RECLTD30Jan20145CE.NFO,07/01/2020,10:06:51,3.25,3.2,48000,3.3,18000,0,1020000
RECLTD30Jan20145CE.NFO,07/01/2020,10:07:00,3.25,3.25,6000,3.3,12000,0,1020000
RECLTD30Jan20145CE.NFO,07/01/2020,10:07:06,3.25,3.2,42000,3.3,24000,0,1020000
RECLTD30Jan20145CE.NFO,07/01/2020,10:07:16,3.25,3.2,42000,3.3,30000,0,1020000
RECLTD30Jan20145CE.NFO,07/01/2020,10:07:22,3.25,3.25,6000,3.3,6000,0,1020000
RECLTD30Jan20145CE.NFO,07/01/2020,10:07:35,3.3,3.25,6000,3.35,12000,6000,1020000
RECLTD30Jan20145CE.NFO,07/01/2020,10:07:41,3.3,3.25,6000,3.35,12000,0,1020000
RECLTD30Jan20145CE.NFO,07/01/2020,10:07:53,3.3,3.3,36000,3.4,24000,0,1020000
RECLTD30Jan20145CE.NFO,07/01/2020,10:07:59,3.3,3.3,30000,3.4,24000,0,1020000
RECLTD30Jan20145CE.NFO,07/01/2020,10:08:31,3.3,3.3,30000,3.4,18000,0,1020000
RECLTD30Jan20145CE.NFO,07/01/2020,10:09:01,3.3,3.3,6000,3.4,24000,0,1020000
RECLTD30Jan20145CE.NFO,07/01/2020,10:09:22,3.3,3.25,54000,3.4,18000,0,1020000
RECLTD30Jan20145CE.NFO,07/01/2020,10:09:27,3.4,3.3,6000,3.4,12000,6000,1026000
RECLTD30Jan20145CE.NFO,07/01/2020,10:09:33,3.4,3.3,6000,3.4,12000,0,1026000
RECLTD30Jan20145CE.NFO,07/01/2020,10:09:38,3.4,3.25,42000,3.35,6000,0,1026000
RECLTD30Jan20145CE.NFO,07/01/2020,10:09:48,3.4,3.3,6000,3.35,6000,0,1026000
RECLTD30Jan20145CE.NFO,07/01/2020,10:09:58,3.4,3.3,6000,3.4,12000,0,1026000
RECLTD30Jan20145CE.NFO,07/01/2020,10:10:28,3.4,3.3,6000,3.35,6000,0,1026000
RECLTD30Jan20145CE.NFO,07/01/2020,10:10:33,3.4,3.25,54000,3.4,12000,0,1026000
RECLTD30Jan20145CE.NFO,07/01/2020,10:10:37,3.4,3.25,24000,3.35,6000,0,1026000
RECLTD30Jan20145CE.NFO,07/01/2020,10:10:48,3.4,3.25,30000,3.35,6000,0,1026000
RECLTD30Jan20145CE.NFO,07/01/2020,10:11:17,3.4,3.3,6000,3.4,12000,0,1026000
RECLTD30Jan20145CE.NFO,07/01/2020,10:11:45,3.4,3.3,42000,3.4,6000,0,1026000
RECLTD30Jan20145CE.NFO,07/01/2020,10:11:51,3.4,3.35,6000,3.45,12000,0,1026000
RECLTD30Jan20145CE.NFO,07/01/2020,10:11:57,3.4,3.3,30000,3.4,6000,0,1026000
RECLTD30Jan20145CE.NFO,07/01/2020,10:12:03,3.4,3.35,6000,3.45,12000,0,1026000
RECLTD30Jan20145CE.NFO,07/01/2020,10:12:35,3.4,3.4,6000,3.45,12000,0,1026000
RECLTD30Jan20145CE.NFO,07/01/2020,10:13:15,3.45,3.45,6000,3.55,12000,6000,1032000
RECLTD30Jan20145CE.NFO,07/01/2020,10:13:21,3.45,3.45,12000,3.6,12000,0,1032000
RECLTD30Jan20145CE.NFO,07/01/2020,10:13:50,3.45,3.55,6000,3.6,12000,0,1032000
RECLTD30Jan20145CE.NFO,07/01/2020,10:13:56,3.6,3.55,6000,3.65,12000,6000,1032000
RECLTD30Jan20145CE.NFO,07/01/2020,10:14:01,3.6,3.55,6000,3.65,12000,0,1032000
RECLTD30Jan20145CE.NFO,07/01/2020,10:14:35,3.6,3.55,12000,3.65,12000,0,1032000
RECLTD30Jan20145CE.NFO,07/01/2020,10:14:52,3.6,3.55,6000,3.65,12000,0,1032000
RECLTD30Jan20145CE.NFO,07/01/2020,10:15:09,3.6,3.5,6000,3.6,12000,0,1032000
RECLTD30Jan20145CE.NFO,07/01/2020,10:15:14,3.6,3.45,18000,3.6,12000,0,1032000
RECLTD30Jan20145CE.NFO,07/01/2020,10:15:20,3.6,3.5,6000,3.6,12000,0,1032000
RECLTD30Jan20145CE.NFO,07/01/2020,10:15:41,3.6,3.5,12000,3.6,12000,0,1032000
RECLTD30Jan20145CE.NFO,07/01/2020,10:15:46,3.6,3.5,6000,3.6,12000,0,1032000
RECLTD30Jan20145CE.NFO,07/01/2020,10:15:52,3.6,3.45,12000,3.6,12000,0,1032000
RECLTD30Jan20145CE.NFO,07/01/2020,10:15:58,3.6,3.45,18000,3.6,12000,0,1032000
RECLTD30Jan20145CE.NFO,07/01/2020,10:16:20,3.6,3.45,12000,3.6,30000,0,1032000
RECLTD30Jan20145CE.NFO,07/01/2020,10:16:30,3.6,3.45,18000,3.55,6000,0,1032000
RECLTD30Jan20145CE.NFO,07/01/2020,10:16:35,3.6,3.45,24000,3.55,6000,0,1032000
RECLTD30Jan20145CE.NFO,07/01/2020,10:16:40,3.6,3.5,6000,3.6,24000,0,1032000
RECLTD30Jan20145CE.NFO,07/01/2020,10:16:45,3.55,3.45,6000,3.55,24000,6000,1032000
RECLTD30Jan20145CE.NFO,07/01/2020,10:16:50,3.55,3.45,6000,3.55,24000,0,1032000
RECLTD30Jan20145CE.NFO,07/01/2020,10:16:55,3.55,3.45,6000,3.55,30000,0,1032000
RECLTD30Jan20145CE.NFO,07/01/2020,10:18:25,3.45,3.4,30000,3.55,30000,6000,1038000
RECLTD30Jan20145CE.NFO,07/01/2020,10:18:28,3.45,3.4,30000,3.55,30000,0,1038000
RECLTD30Jan20145CE.NFO,07/01/2020,10:18:33,3.45,3.4,18000,3.5,18000,0,1038000
RECLTD30Jan20145CE.NFO,07/01/2020,10:18:38,3.45,3.4,12000,3.5,18000,0,1038000
RECLTD30Jan20145CE.NFO,07/01/2020,10:18:59,3.45,3.35,18000,3.5,24000,0,1038000
RECLTD30Jan20145CE.NFO,07/01/2020,10:19:07,3.45,3.35,18000,3.45,18000,0,1038000
RECLTD30Jan20145CE.NFO,07/01/2020,10:19:15,3.45,3.35,18000,3.45,24000,0,1038000
RECLTD30Jan20145CE.NFO,07/01/2020,10:19:25,3.45,3.35,18000,3.5,24000,0,1038000
RECLTD30Jan20145CE.NFO,07/01/2020,10:19:29,3.45,3.35,18000,3.45,24000,0,1038000
RECLTD30Jan20145CE.NFO,07/01/2020,10:19:33,3.45,3.45,6000,3.55,18000,0,1038000
RECLTD30Jan20145CE.NFO,07/01/2020,10:19:47,3.45,3.45,24000,3.6,24000,0,1038000
RECLTD30Jan20145CE.NFO,07/01/2020,10:19:52,3.45,3.45,18000,3.6,24000,0,1038000
RECLTD30Jan20145CE.NFO,07/01/2020,10:20:22,3.45,3.45,18000,3.6,6000,0,1038000
RECLTD30Jan20145CE.NFO,07/01/2020,10:20:31,3.45,3.5,24000,3.6,6000,0,1038000
RECLTD30Jan20145CE.NFO,07/01/2020,10:20:52,3.45,3.55,6000,3.6,6000,0,1038000
RECLTD30Jan20145CE.NFO,07/01/2020,10:20:56,3.45,3.55,12000,3.6,6000,0,1038000
RECLTD30Jan20145CE.NFO,07/01/2020,10:21:01,3.45,3.55,12000,3.6,18000,0,1038000
RECLTD30Jan20145CE.NFO,07/01/2020,10:21:06,3.45,3.55,12000,3.6,6000,0,1038000
RECLTD30Jan20145CE.NFO,07/01/2020,10:21:53,3.45,3.55,12000,3.6,12000,0,1038000
RECLTD30Jan20145CE.NFO,07/01/2020,10:22:06,3.45,3.55,6000,3.6,12000,0,1038000
RECLTD30Jan20145CE.NFO,07/01/2020,10:22:38,3.45,3.55,6000,3.6,6000,0,1038000
RECLTD30Jan20145CE.NFO,07/01/2020,10:22:43,3.45,3.5,12000,3.6,12000,0,1038000
RECLTD30Jan20145CE.NFO,07/01/2020,10:22:50,3.45,3.5,6000,3.6,12000,0,1038000
RECLTD30Jan20145CE.NFO,07/01/2020,10:23:17,3.45,3.5,42000,3.6,6000,0,1038000
RECLTD30Jan20145CE.NFO,07/01/2020,10:23:31,3.45,3.55,12000,3.6,6000,0,1038000
RECLTD30Jan20145CE.NFO,07/01/2020,10:23:55,3.45,3.55,12000,3.6,12000,0,1038000
RECLTD30Jan20145CE.NFO,07/01/2020,10:23:58,3.45,3.55,12000,3.6,6000,0,1038000
RECLTD30Jan20145CE.NFO,07/01/2020,10:24:38,3.55,3.5,6000,3.6,42000,6000,1038000
RECLTD30Jan20145CE.NFO,07/01/2020,10:24:43,3.55,3.5,6000,3.55,18000,0,1038000
RECLTD30Jan20145CE.NFO,07/01/2020,10:24:55,3.55,3.5,6000,3.55,24000,0,1038000
RECLTD30Jan20145CE.NFO,07/01/2020,10:25:04,3.55,3.45,18000,3.55,30000,0,1038000
RECLTD30Jan20145CE.NFO,07/01/2020,10:25:19,3.55,3.45,12000,3.5,120000,0,1038000
RECLTD30Jan20145CE.NFO,07/01/2020,10:25:27,3.55,3.45,6000,3.5,138000,0,1038000
RECLTD30Jan20145CE.NFO,07/01/2020,10:25:32,3.55,3.45,12000,3.5,120000,0,1038000
RECLTD30Jan20145CE.NFO,07/01/2020,10:25:40,3.55,3.45,6000,3.5,138000,0,1038000
RECLTD30Jan20145CE.NFO,07/01/2020,10:25:45,3.55,3.45,12000,3.5,120000,0,1038000
RECLTD30Jan20145CE.NFO,07/01/2020,10:25:50,3.55,3.45,6000,3.5,120000,0,1038000
RECLTD30Jan20145CE.NFO,07/01/2020,10:25:55,3.55,3.45,6000,3.5,132000,0,1038000
RECLTD30Jan20145CE.NFO,07/01/2020,10:26:00,3.55,3.45,6000,3.5,120000,0,1038000
RECLTD30Jan20145CE.NFO,07/01/2020,10:26:15,3.55,3.45,6000,3.5,126000,0,1038000
RECLTD30Jan20145CE.NFO,07/01/2020,10:26:23,3.45,3.4,30000,3.5,132000,6000,1038000
RECLTD30Jan20145CE.NFO,07/01/2020,10:26:27,3.45,3.4,30000,3.5,132000,0,1038000
RECLTD30Jan20145CE.NFO,07/01/2020,10:26:30,3.45,3.45,36000,3.5,126000,0,1038000
RECLTD30Jan20145CE.NFO,07/01/2020,10:26:33,3.45,3.45,6000,3.5,126000,0,1038000
RECLTD30Jan20145CE.NFO,07/01/2020,10:26:46,3.5,3.45,6000,3.5,120000,6000,1038000
RECLTD30Jan20145CE.NFO,07/01/2020,10:26:55,3.5,3.4,42000,3.5,126000,0,1038000
RECLTD30Jan20145CE.NFO,07/01/2020,10:27:12,3.5,3.45,42000,3.5,120000,0,1038000
RECLTD30Jan20145CE.NFO,07/01/2020,10:27:24,3.5,3.45,18000,3.5,30000,90000,1038000
RECLTD30Jan20145CE.NFO,07/01/2020,10:27:28,3.5,3.45,18000,3.5,30000,0,1038000
RECLTD30Jan20145CE.NFO,07/01/2020,10:27:36,3.5,3.4,24000,3.5,36000,0,1038000
RECLTD30Jan20145CE.NFO,07/01/2020,10:27:45,3.45,3.45,6000,3.5,36000,6000,1038000
RECLTD30Jan20145CE.NFO,07/01/2020,10:27:53,3.45,3.45,6000,3.5,36000,0,1038000
RECLTD30Jan20145CE.NFO,07/01/2020,10:28:06,3.45,3.4,18000,3.5,48000,0,1038000
RECLTD30Jan20145CE.NFO,07/01/2020,10:28:10,3.45,3.45,24000,3.5,42000,0,1038000
RECLTD30Jan20145CE.NFO,07/01/2020,10:28:24,3.45,3.45,24000,3.5,66000,0,1038000
RECLTD30Jan20145CE.NFO,07/01/2020,10:29:15,3.45,3.45,24000,3.5,42000,0,1038000
RECLTD30Jan20145CE.NFO,07/01/2020,10:30:31,3.45,3.45,18000,3.5,42000,6000,1074000
RECLTD30Jan20145CE.NFO,07/01/2020,10:31:18,3.45,3.45,18000,3.5,60000,0,1074000
RECLTD30Jan20145CE.NFO,07/01/2020,10:31:30,3.45,3.45,18000,3.5,66000,0,1074000
RECLTD30Jan20145CE.NFO,07/01/2020,10:32:39,3.45,3.35,24000,3.45,30000,18000,1068000
RECLTD30Jan20145CE.NFO,07/01/2020,10:32:49,3.45,3.35,24000,3.45,30000,0,1068000
RECLTD30Jan20145CE.NFO,07/01/2020,10:33:42,3.45,3.35,24000,3.45,36000,0,1068000
RECLTD30Jan20145CE.NFO,07/01/2020,10:34:11,3.45,3.3,24000,3.4,24000,0,1068000
RECLTD30Jan20145CE.NFO,07/01/2020,10:34:39,3.45,3.35,12000,3.45,30000,0,1068000
RECLTD30Jan20145CE.NFO,07/01/2020,10:34:48,3.45,3.35,12000,3.45,36000,0,1068000
RECLTD30Jan20145CE.NFO,07/01/2020,10:34:53,3.45,3.35,24000,3.45,6000,0,1068000
RECLTD30Jan20145CE.NFO,07/01/2020,10:34:58,3.45,3.35,24000,3.5,72000,0,1068000
RECLTD30Jan20145CE.NFO,07/01/2020,10:35:02,3.45,3.4,6000,3.5,78000,0,1068000
RECLTD30Jan20145CE.NFO,07/01/2020,10:35:21,3.45,3.35,18000,3.45,6000,0,1068000
RECLTD30Jan20145CE.NFO,07/01/2020,10:35:32,3.45,3.35,18000,3.45,36000,0,1068000
RECLTD30Jan20145CE.NFO,07/01/2020,10:35:47,3.45,3.35,12000,3.45,36000,0,1068000
RECLTD30Jan20145CE.NFO,07/01/2020,10:35:56,3.45,3.3,24000,3.4,6000,0,1068000
RECLTD30Jan20145CE.NFO,07/01/2020,10:35:59,3.45,3.3,24000,3.4,12000,0,1068000
RECLTD30Jan20145CE.NFO,07/01/2020,10:36:03,3.45,3.3,24000,3.4,36000,0,1068000
RECLTD30Jan20145CE.NFO,07/01/2020,10:36:26,3.45,3.3,24000,3.4,42000,0,1068000
RECLTD30Jan20145CE.NFO,07/01/2020,10:36:33,3.45,3.3,30000,3.4,42000,0,1068000
RECLTD30Jan20145CE.NFO,07/01/2020,10:37:38,3.3,3.25,6000,3.35,42000,12000,1062000
RECLTD30Jan20145CE.NFO,07/01/2020,10:37:50,3.35,3.25,6000,3.35,48000,6000,1062000
RECLTD30Jan20145CE.NFO,07/01/2020,10:37:54,3.35,3.25,6000,3.35,48000,0,1062000
RECLTD30Jan20145CE.NFO,07/01/2020,10:38:30,3.35,3.25,6000,3.35,42000,0,1062000
RECLTD30Jan20145CE.NFO,07/01/2020,10:38:39,3.35,3.25,6000,3.35,48000,0,1062000
RECLTD30Jan20145CE.NFO,07/01/2020,10:38:44,3.35,3.25,18000,3.35,42000,0,1062000
RECLTD30Jan20145CE.NFO,07/01/2020,10:38:47,3.35,3.25,24000,3.35,42000,0,1062000
RECLTD30Jan20145CE.NFO,07/01/2020,10:39:00,3.35,3.25,30000,3.35,42000,0,1062000
RECLTD30Jan20145CE.NFO,07/01/2020,10:39:14,3.35,3.25,30000,3.3,30000,0,1062000
RECLTD30Jan20145CE.NFO,07/01/2020,10:39:40,3.35,3.2,42000,3.3,54000,0,1062000
RECLTD30Jan20145CE.NFO,07/01/2020,10:39:43,3.35,3.2,42000,3.3,42000,0,1062000
RECLTD30Jan20145CE.NFO,07/01/2020,10:39:50,3.35,3.2,36000,3.25,12000,0,1062000
RECLTD30Jan20145CE.NFO,07/01/2020,10:40:00,3.25,3.2,30000,3.25,6000,6000,1056000
RECLTD30Jan20145CE.NFO,07/01/2020,10:40:04,3.3,3.2,6000,3.3,24000,18000,1056000
RECLTD30Jan20145CE.NFO,07/01/2020,10:40:19,3.3,3.2,6000,3.3,36000,0,1056000
RECLTD30Jan20145CE.NFO,07/01/2020,10:40:23,3.3,3.15,24000,3.25,30000,0,1056000
RECLTD30Jan20145CE.NFO,07/01/2020,10:40:27,3.25,3.15,24000,3.25,18000,6000,1056000
RECLTD30Jan20145CE.NFO,07/01/2020,10:40:31,3.25,3.15,24000,3.25,18000,0,1056000
RECLTD30Jan20145CE.NFO,07/01/2020,10:40:46,3.25,3.15,24000,3.25,24000,0,1056000
RECLTD30Jan20145CE.NFO,07/01/2020,10:41:02,3.25,3.15,24000,3.25,6000,0,1056000
RECLTD30Jan20145CE.NFO,07/01/2020,10:41:08,3.25,3.15,24000,3.25,36000,0,1056000
RECLTD30Jan20145CE.NFO,07/01/2020,10:41:20,3.25,3.2,12000,3.3,48000,0,1056000
RECLTD30Jan20145CE.NFO,07/01/2020,10:41:32,3.25,3.2,6000,3.25,24000,0,1056000
RECLTD30Jan20145CE.NFO,07/01/2020,10:41:55,3.25,3.15,24000,3.25,30000,0,1056000
RECLTD30Jan20145CE.NFO,07/01/2020,10:41:59,3.25,3.15,24000,3.25,24000,6000,1062000
RECLTD30Jan20145CE.NFO,07/01/2020,10:43:53,3.25,3.15,18000,3.25,48000,0,1062000
RECLTD30Jan20145CE.NFO,07/01/2020,10:43:57,3.25,3.15,18000,3.25,42000,0,1062000
RECLTD30Jan20145CE.NFO,07/01/2020,10:44:41,3.25,3.15,12000,3.25,42000,0,1062000
RECLTD30Jan20145CE.NFO,07/01/2020,10:44:46,3.25,3.2,12000,3.25,30000,0,1062000
RECLTD30Jan20145CE.NFO,07/01/2020,10:44:52,3.25,3.2,6000,3.25,30000,0,1062000
RECLTD30Jan20145CE.NFO,07/01/2020,10:45:00,3.25,3.2,6000,3.25,36000,0,1062000
RECLTD30Jan20145CE.NFO,07/01/2020,10:45:20,3.25,3.15,18000,3.25,36000,0,1062000
RECLTD30Jan20145CE.NFO,07/01/2020,10:45:53,3.25,3.2,12000,3.3,48000,0,1062000
RECLTD30Jan20145CE.NFO,07/01/2020,10:46:32,3.25,3.2,24000,3.3,48000,0,1062000
RECLTD30Jan20145CE.NFO,07/01/2020,10:47:00,3.25,3.2,6000,3.25,30000,0,1062000
RECLTD30Jan20145CE.NFO,07/01/2020,10:47:03,3.25,3.15,30000,3.25,36000,0,1062000
RECLTD30Jan20145CE.NFO,07/01/2020,10:47:29,3.25,3.2,30000,3.25,18000,0,1062000
RECLTD30Jan20145CE.NFO,07/01/2020,10:47:37,3.25,3.2,30000,3.25,6000,0,1062000
RECLTD30Jan20145CE.NFO,07/01/2020,10:47:48,3.25,3.25,6000,3.35,24000,6000,1056000
RECLTD30Jan20145CE.NFO,07/01/2020,10:47:52,3.25,3.25,6000,3.35,24000,0,1056000
RECLTD30Jan20145CE.NFO,07/01/2020,10:48:37,3.25,3.2,6000,3.3,24000,0,1056000
RECLTD30Jan20145CE.NFO,07/01/2020,10:48:43,3.25,3.2,6000,3.3,30000,0,1056000
RECLTD30Jan20145CE.NFO,07/01/2020,10:49:29,3.25,3.1,42000,3.25,18000,0,1056000
RECLTD30Jan20145CE.NFO,07/01/2020,10:49:32,3.25,3.15,6000,3.25,18000,0,1056000
RECLTD30Jan20145CE.NFO,07/01/2020,10:49:47,3.25,3.1,36000,3.25,24000,0,1056000
RECLTD30Jan20145CE.NFO,07/01/2020,10:50:00,3.25,3.15,6000,3.25,24000,0,1056000
RECLTD30Jan20145CE.NFO,07/01/2020,10:50:05,3.25,3.1,36000,3.25,36000,0,1056000
RECLTD30Jan20145CE.NFO,07/01/2020,10:50:32,3.25,3.05,36000,3.2,36000,0,1056000
RECLTD30Jan20145CE.NFO,07/01/2020,10:50:43,3.25,3.1,6000,3.2,36000,0,1056000
RECLTD30Jan20145CE.NFO,07/01/2020,10:51:12,3.25,3.05,42000,3.2,36000,0,1056000
RECLTD30Jan20145CE.NFO,07/01/2020,10:51:48,3.25,3.1,6000,3.2,36000,0,1056000
RECLTD30Jan20145CE.NFO,07/01/2020,10:52:13,3.25,3.05,36000,3.15,6000,0,1056000
RECLTD30Jan20145CE.NFO,07/01/2020,10:52:23,3.25,3.1,6000,3.2,36000,0,1056000
RECLTD30Jan20145CE.NFO,07/01/2020,10:53:04,3.25,3.1,6000,3.15,6000,0,1056000
RECLTD30Jan20145CE.NFO,07/01/2020,10:53:10,3.25,3.05,42000,3.15,6000,0,1056000
RECLTD30Jan20145CE.NFO,07/01/2020,10:53:16,3.25,3,12000,3.1,18000,0,1056000
RECLTD30Jan20145CE.NFO,07/01/2020,10:53:23,3.25,3,12000,3.1,24000,0,1056000
RECLTD30Jan20145CE.NFO,07/01/2020,10:53:29,3.25,3,12000,3.1,36000,0,1056000
RECLTD30Jan20145CE.NFO,07/01/2020,10:53:45,3.25,3,42000,3.1,36000,0,1056000
RECLTD30Jan20145CE.NFO,07/01/2020,10:53:58,3.25,3,12000,3.1,36000,0,1056000
RECLTD30Jan20145CE.NFO,07/01/2020,10:54:16,3.25,3,6000,3.1,36000,0,1056000
RECLTD30Jan20145CE.NFO,07/01/2020,10:54:27,3.25,3,6000,3.05,18000,0,1056000
RECLTD30Jan20145CE.NFO,07/01/2020,10:54:41,3.25,3,6000,3.05,12000,0,1056000
RECLTD30Jan20145CE.NFO,07/01/2020,10:54:50,3.25,3,6000,3.05,18000,0,1056000
RECLTD30Jan20145CE.NFO,07/01/2020,10:54:55,3,2.95,42000,3.05,24000,6000,1050000
RECLTD30Jan20145CE.NFO,07/01/2020,10:54:55,3,2.95,42000,3.05,24000,0,1050000
RECLTD30Jan20145CE.NFO,07/01/2020,10:55:08,3,2.95,42000,3,6000,0,1050000
RECLTD30Jan20145CE.NFO,07/01/2020,10:55:26,3,2.95,18000,3,12000,0,1050000
RECLTD30Jan20145CE.NFO,07/01/2020,10:55:31,3,2.95,42000,3,12000,0,1050000
RECLTD30Jan20145CE.NFO,07/01/2020,10:55:37,3,3,6000,3.1,30000,6000,1050000
RECLTD30Jan20145CE.NFO,07/01/2020,10:55:51,3,2.95,54000,3.05,6000,0,1050000
RECLTD30Jan20145CE.NFO,07/01/2020,10:56:00,3,2.95,60000,3.05,6000,0,1050000
RECLTD30Jan20145CE.NFO,07/01/2020,10:56:05,3,3,6000,3.1,30000,6000,1050000
RECLTD30Jan20145CE.NFO,07/01/2020,10:56:11,3,3,36000,3.1,18000,0,1050000
RECLTD30Jan20145CE.NFO,07/01/2020,10:56:34,3,3,18000,3.1,24000,0,1050000
RECLTD30Jan20145CE.NFO,07/01/2020,10:56:40,3,3,48000,3.1,18000,0,1050000
RECLTD30Jan20145CE.NFO,07/01/2020,10:56:58,3,3,42000,3.1,18000,0,1050000
RECLTD30Jan20145CE.NFO,07/01/2020,10:57:25,3,3,36000,3.1,18000,0,1050000
RECLTD30Jan20145CE.NFO,07/01/2020,10:57:32,2.95,2.95,48000,3.05,6000,6000,1050000
RECLTD30Jan20145CE.NFO,07/01/2020,10:57:32,2.95,2.95,48000,3.05,6000,0,1050000
RECLTD30Jan20145CE.NFO,07/01/2020,10:57:38,2.95,2.95,42000,3.05,6000,0,1050000
RECLTD30Jan20145CE.NFO,07/01/2020,10:57:50,2.95,3,24000,3.1,30000,0,1050000
RECLTD30Jan20145CE.NFO,07/01/2020,10:58:09,2.95,2.95,60000,3.05,12000,0,1050000
RECLTD30Jan20145CE.NFO,07/01/2020,10:58:19,2.95,2.95,60000,3.05,6000,0,1050000
RECLTD30Jan20145CE.NFO,07/01/2020,10:58:41,3,2.95,24000,3,12000,6000,1050000
RECLTD30Jan20145CE.NFO,07/01/2020,10:58:47,3,2.95,24000,3,12000,0,1050000
RECLTD30Jan20145CE.NFO,07/01/2020,10:58:53,3,2.95,24000,3,12000,6000,1050000
RECLTD30Jan20145CE.NFO,07/01/2020,10:58:58,3,2.95,48000,3,6000,0,1050000
RECLTD30Jan20145CE.NFO,07/01/2020,10:59:03,3,2.95,54000,3,6000,0,1050000
RECLTD30Jan20145CE.NFO,07/01/2020,10:59:15,3,3,12000,3.05,18000,6000,1050000
RECLTD30Jan20145CE.NFO,07/01/2020,10:59:24,3,3,12000,3.05,18000,0,1050000
RECLTD30Jan20145CE.NFO,07/01/2020,10:59:47,3,3,36000,3.1,30000,0,1050000
RECLTD30Jan20145CE.NFO,07/01/2020,10:59:57,3,3,36000,3.1,18000,0,1050000
RECLTD30Jan20145CE.NFO,07/01/2020,11:00:09,3,3,18000,3.1,24000,0,1050000
RECLTD30Jan20145CE.NFO,07/01/2020,11:00:15,3,2.95,66000,3.05,6000,0,1050000
RECLTD30Jan20145CE.NFO,07/01/2020,11:00:22,3,2.95,60000,3.05,6000,0,1050000
RECLTD30Jan20145CE.NFO,07/01/2020,11:00:36,3,2.95,36000,3.05,12000,0,1050000
RECLTD30Jan20145CE.NFO,07/01/2020,11:01:19,3,2.9,54000,3,18000,30000,1032000
RECLTD30Jan20145CE.NFO,07/01/2020,11:01:27,3,2.9,42000,3,30000,0,1032000
RECLTD30Jan20145CE.NFO,07/01/2020,11:01:34,3,2.9,48000,3,18000,0,1032000
RECLTD30Jan20145CE.NFO,07/01/2020,11:01:41,3,2.9,54000,3,24000,0,1032000
RECLTD30Jan20145CE.NFO,07/01/2020,11:01:57,3,2.95,36000,3.05,30000,0,1032000
RECLTD30Jan20145CE.NFO,07/01/2020,11:02:04,3,2.95,24000,3.05,30000,0,1032000
RECLTD30Jan20145CE.NFO,07/01/2020,11:02:11,3,2.95,30000,3.05,30000,0,1032000
RECLTD30Jan20145CE.NFO,07/01/2020,11:02:25,3,2.95,36000,3.05,30000,0,1032000
RECLTD30Jan20145CE.NFO,07/01/2020,11:02:32,3,2.95,24000,3.05,30000,0,1032000
RECLTD30Jan20145CE.NFO,07/01/2020,11:03:42,3,2.95,6000,3.05,30000,0,1032000
RECLTD30Jan20145CE.NFO,07/01/2020,11:03:50,3,2.9,48000,3,12000,0,1032000
RECLTD30Jan20145CE.NFO,07/01/2020,11:04:03,3,2.9,54000,3,24000,0,1032000
RECLTD30Jan20145CE.NFO,07/01/2020,11:04:10,2.9,2.9,48000,3,24000,6000,1020000
RECLTD30Jan20145CE.NFO,07/01/2020,11:04:10,2.9,2.9,48000,3,24000,0,1020000
RECLTD30Jan20145CE.NFO,07/01/2020,11:04:23,2.9,2.9,36000,3,36000,0,1020000
RECLTD30Jan20145CE.NFO,07/01/2020,11:04:29,2.9,2.9,48000,3,30000,0,1020000
RECLTD30Jan20145CE.NFO,07/01/2020,11:04:35,2.9,2.95,6000,3,30000,0,1020000
RECLTD30Jan20145CE.NFO,07/01/2020,11:04:43,2.9,2.95,6000,3,36000,0,1020000
RECLTD30Jan20145CE.NFO,07/01/2020,11:04:50,2.95,2.9,6000,3,48000,6000,1020000
RECLTD30Jan20145CE.NFO,07/01/2020,11:04:57,2.95,2.9,30000,3,48000,0,1020000
RECLTD30Jan20145CE.NFO,07/01/2020,11:05:10,2.95,2.95,6000,3.05,30000,12000,1020000
RECLTD30Jan20145CE.NFO,07/01/2020,11:05:17,2.95,2.95,6000,3.05,30000,0,1020000
RECLTD30Jan20145CE.NFO,07/01/2020,11:05:24,2.95,2.9,36000,3,18000,0,1020000
RECLTD30Jan20145CE.NFO,07/01/2020,11:05:30,2.95,2.85,42000,3,36000,0,1020000
RECLTD30Jan20145CE.NFO,07/01/2020,11:05:49,2.95,2.9,42000,3,30000,0,1020000
RECLTD30Jan20145CE.NFO,07/01/2020,11:05:57,2.95,2.9,42000,3,6000,0,1020000
RECLTD30Jan20145CE.NFO,07/01/2020,11:06:03,2.95,2.9,42000,3,12000,0,1020000
RECLTD30Jan20145CE.NFO,07/01/2020,11:06:17,2.95,2.95,30000,3.05,30000,0,1020000
RECLTD30Jan20145CE.NFO,07/01/2020,11:06:51,2.95,2.95,6000,3.05,36000,0,1020000
RECLTD30Jan20145CE.NFO,07/01/2020,11:07:02,2.95,2.95,30000,3.05,36000,0,1020000
RECLTD30Jan20145CE.NFO,07/01/2020,11:07:08,2.95,2.95,30000,3.05,30000,0,1020000
RECLTD30Jan20145CE.NFO,07/01/2020,11:07:28,2.95,2.95,36000,3.05,12000,0,1020000
RECLTD30Jan20145CE.NFO,07/01/2020,11:07:39,2.95,2.95,42000,3.05,12000,0,1020000
RECLTD30Jan20145CE.NFO,07/01/2020,11:07:44,2.95,2.95,60000,3.05,12000,0,1020000
RECLTD30Jan20145CE.NFO,07/01/2020,11:08:08,2.95,2.95,54000,3.05,12000,0,1020000
RECLTD30Jan20145CE.NFO,07/01/2020,11:08:18,2.95,3,6000,3.05,12000,0,1020000
RECLTD30Jan20145CE.NFO,07/01/2020,11:08:28,2.95,3,36000,3.1,30000,0,1020000
RECLTD30Jan20145CE.NFO,07/01/2020,11:08:33,2.95,3,42000,3.1,30000,0,1020000
RECLTD30Jan20145CE.NFO,07/01/2020,11:09:42,2.95,2.95,48000,3.05,12000,0,1020000
RECLTD30Jan20145CE.NFO,07/01/2020,11:10:08,2.95,3,6000,3.05,12000,0,1020000
RECLTD30Jan20145CE.NFO,07/01/2020,11:10:27,2.95,3,36000,3.1,30000,0,1020000
RECLTD30Jan20145CE.NFO,07/01/2020,11:11:02,2.95,2.95,54000,3.05,6000,0,1020000
RECLTD30Jan20145CE.NFO,07/01/2020,11:11:07,2.95,2.95,48000,3.05,6000,0,1020000
RECLTD30Jan20145CE.NFO,07/01/2020,11:11:19,2.95,2.95,6000,3,12000,0,1020000
RECLTD30Jan20145CE.NFO,07/01/2020,11:11:26,2.95,2.9,30000,2.95,6000,0,1020000
RECLTD30Jan20145CE.NFO,07/01/2020,11:11:35,2.95,2.85,54000,2.95,36000,0,1020000
RECLTD30Jan20145CE.NFO,07/01/2020,11:11:43,2.95,2.85,30000,2.95,36000,0,1020000
RECLTD30Jan20145CE.NFO,07/01/2020,11:11:49,2.95,2.85,36000,2.95,36000,0,1020000
RECLTD30Jan20145CE.NFO,07/01/2020,11:11:55,2.95,2.85,30000,2.95,36000,0,1020000
RECLTD30Jan20145CE.NFO,07/01/2020,11:12:02,2.95,2.85,6000,2.9,12000,0,1020000
RECLTD30Jan20145CE.NFO,07/01/2020,11:12:30,2.9,2.85,36000,2.95,30000,6000,1008000
RECLTD30Jan20145CE.NFO,07/01/2020,11:12:36,2.9,2.85,30000,2.95,30000,0,1008000
RECLTD30Jan20145CE.NFO,07/01/2020,11:13:13,2.9,2.9,30000,3,30000,0,1008000
RECLTD30Jan20145CE.NFO,07/01/2020,11:13:18,2.9,2.9,30000,3,36000,0,1008000
RECLTD30Jan20145CE.NFO,07/01/2020,11:13:58,2.9,2.9,42000,3,30000,0,1008000
RECLTD30Jan20145CE.NFO,07/01/2020,11:14:18,2.9,2.9,48000,3,30000,0,1008000
RECLTD30Jan20145CE.NFO,07/01/2020,11:14:47,2.9,2.9,48000,3,36000,0,1008000
RECLTD30Jan20145CE.NFO,07/01/2020,11:15:03,2.9,2.9,42000,3,36000,0,1008000
RECLTD30Jan20145CE.NFO,07/01/2020,11:15:10,2.9,2.9,42000,2.95,12000,0,1008000
RECLTD30Jan20145CE.NFO,07/01/2020,11:15:16,2.9,2.9,48000,3,36000,0,1008000
RECLTD30Jan20145CE.NFO,07/01/2020,11:15:27,2.9,2.9,48000,3,30000,0,1008000
RECLTD30Jan20145CE.NFO,07/01/2020,11:16:05,2.9,2.9,42000,2.95,12000,0,1008000
RECLTD30Jan20145CE.NFO,07/01/2020,11:16:11,2.9,2.9,6000,2.95,12000,0,1008000
RECLTD30Jan20145CE.NFO,07/01/2020,11:16:17,2.9,2.9,36000,2.95,12000,0,1008000
RECLTD30Jan20145CE.NFO,07/01/2020,11:16:23,2.9,2.9,42000,3,36000,0,1008000
RECLTD30Jan20145CE.NFO,07/01/2020,11:16:29,2.9,2.9,42000,3,30000,0,1008000
RECLTD30Jan20145CE.NFO,07/01/2020,11:16:44,2.9,2.9,42000,3,36000,0,1008000
RECLTD30Jan20145CE.NFO,07/01/2020,11:16:55,2.9,2.9,36000,3,36000,0,1008000
RECLTD30Jan20145CE.NFO,07/01/2020,11:17:01,3,2.9,48000,3,24000,6000,1008000
RECLTD30Jan20145CE.NFO,07/01/2020,11:17:10,3,2.9,12000,3,30000,0,1008000
RECLTD30Jan20145CE.NFO,07/01/2020,11:17:32,3,2.9,6000,3,30000,0,1008000
RECLTD30Jan20145CE.NFO,07/01/2020,11:17:38,3,2.9,36000,3,30000,0,1008000
RECLTD30Jan20145CE.NFO,07/01/2020,11:17:45,3,2.9,18000,3,30000,0,1008000
RECLTD30Jan20145CE.NFO,07/01/2020,11:17:50,3,2.9,48000,3,30000,0,1008000
RECLTD30Jan20145CE.NFO,07/01/2020,11:18:38,3,2.9,18000,3,30000,0,1008000
RECLTD30Jan20145CE.NFO,07/01/2020,11:18:46,3,2.9,48000,3,30000,0,1008000
RECLTD30Jan20145CE.NFO,07/01/2020,11:19:16,3,2.95,12000,3.05,30000,0,1008000
RECLTD30Jan20145CE.NFO,07/01/2020,11:19:25,3,2.95,6000,3,12000,0,1008000
RECLTD30Jan20145CE.NFO,07/01/2020,11:19:50,3,2.95,36000,3.05,24000,6000,1002000
RECLTD30Jan20145CE.NFO,07/01/2020,11:19:54,3,2.95,36000,3.05,24000,0,1002000
RECLTD30Jan20145CE.NFO,07/01/2020,11:20:13,3,3,6000,3.05,18000,0,1002000
RECLTD30Jan20145CE.NFO,07/01/2020,11:20:46,3,2.95,12000,3.05,24000,0,1002000
RECLTD30Jan20145CE.NFO,07/01/2020,11:20:58,3,3,6000,3.05,18000,0,1002000
RECLTD30Jan20145CE.NFO,07/01/2020,11:21:32,3,2.95,36000,3.05,18000,0,1002000
RECLTD30Jan20145CE.NFO,07/01/2020,11:21:47,3,2.95,42000,3.05,18000,0,1002000
RECLTD30Jan20145CE.NFO,07/01/2020,11:22:13,3,2.95,42000,3,12000,0,1002000
RECLTD30Jan20145CE.NFO,07/01/2020,11:22:34,3,3,42000,3.1,30000,6000,996000
RECLTD30Jan20145CE.NFO,07/01/2020,11:22:42,3,3,6000,3.1,36000,0,996000
RECLTD30Jan20145CE.NFO,07/01/2020,11:22:56,3,3,42000,3.1,24000,0,996000
RECLTD30Jan20145CE.NFO,07/01/2020,11:23:00,3,3,42000,3.1,18000,0,996000
RECLTD30Jan20145CE.NFO,07/01/2020,11:23:14,3,3,48000,3.1,18000,0,996000
RECLTD30Jan20145CE.NFO,07/01/2020,11:23:24,3,3.05,12000,3.1,12000,0,996000
RECLTD30Jan20145CE.NFO,07/01/2020,11:23:29,3,3.05,42000,3.1,12000,0,996000
RECLTD30Jan20145CE.NFO,07/01/2020,11:23:33,3,3.05,6000,3.1,18000,0,996000
RECLTD30Jan20145CE.NFO,07/01/2020,11:23:38,3,3,48000,3.1,18000,0,996000
RECLTD30Jan20145CE.NFO,07/01/2020,11:24:10,3,3,36000,3.1,42000,0,996000
RECLTD30Jan20145CE.NFO,07/01/2020,11:24:19,3,3.05,6000,3.1,42000,0,996000
RECLTD30Jan20145CE.NFO,07/01/2020,11:24:23,3,3,36000,3.1,42000,0,996000
RECLTD30Jan20145CE.NFO,07/01/2020,11:24:33,3,3,42000,3.1,42000,0,996000
RECLTD30Jan20145CE.NFO,07/01/2020,11:24:38,3,3,30000,3.1,42000,18000,990000
RECLTD30Jan20145CE.NFO,07/01/2020,11:24:42,3,3.05,12000,3.15,36000,0,990000
RECLTD30Jan20145CE.NFO,07/01/2020,11:24:47,3,3.05,6000,3.1,30000,0,990000
RECLTD30Jan20145CE.NFO,07/01/2020,11:25:10,3,3.05,12000,3.1,30000,0,990000
RECLTD30Jan20145CE.NFO,07/01/2020,11:25:24,3,3,24000,3.1,36000,0,990000
RECLTD30Jan20145CE.NFO,07/01/2020,11:25:34,3,3,18000,3.1,36000,0,990000
RECLTD30Jan20145CE.NFO,07/01/2020,11:25:42,3,3.05,6000,3.1,12000,0,990000
RECLTD30Jan20145CE.NFO,07/01/2020,11:26:23,3.1,3.05,6000,3.15,66000,6000,990000
RECLTD30Jan20145CE.NFO,07/01/2020,11:26:28,3.1,3.05,6000,3.15,66000,0,990000
RECLTD30Jan20145CE.NFO,07/01/2020,11:26:45,3.1,3,18000,3.1,30000,0,990000
RECLTD30Jan20145CE.NFO,07/01/2020,11:26:50,3.1,3,24000,3.1,30000,0,990000
RECLTD30Jan20145CE.NFO,07/01/2020,11:27:11,3.1,3,30000,3.1,30000,0,990000
RECLTD30Jan20145CE.NFO,07/01/2020,11:27:28,3.1,3,24000,3.1,30000,0,990000
RECLTD30Jan20145CE.NFO,07/01/2020,11:27:48,3.1,3,24000,3.1,36000,0,990000
RECLTD30Jan20145CE.NFO,07/01/2020,11:27:58,3.1,3,24000,3.1,30000,0,990000
RECLTD30Jan20145CE.NFO,07/01/2020,11:28:04,3.1,3,24000,3.1,36000,0,990000
RECLTD30Jan20145CE.NFO,07/01/2020,11:29:10,3.1,3.05,6000,3.1,36000,0,990000
RECLTD30Jan20145CE.NFO,07/01/2020,11:29:17,3.1,3.05,6000,3.1,30000,0,990000
RECLTD30Jan20145CE.NFO,07/01/2020,11:29:24,3.1,3,30000,3.1,24000,0,990000
RECLTD30Jan20145CE.NFO,07/01/2020,11:29:28,3.1,3,36000,3.1,24000,0,990000
RECLTD30Jan20145CE.NFO,07/01/2020,11:29:32,3.1,3.05,12000,3.1,24000,0,990000
RECLTD30Jan20145CE.NFO,07/01/2020,11:29:45,3.1,3.05,12000,3.15,42000,0,990000
RECLTD30Jan20145CE.NFO,07/01/2020,11:29:53,3.1,3.05,12000,3.1,24000,0,990000
RECLTD30Jan20145CE.NFO,07/01/2020,11:30:21,3.1,3.05,6000,3.1,24000,0,990000
RECLTD30Jan20145CE.NFO,07/01/2020,11:31:04,3.1,3.05,12000,3.15,42000,0,990000
RECLTD30Jan20145CE.NFO,07/01/2020,11:31:11,3.1,3.2,6000,3.25,30000,0,990000
RECLTD30Jan20145CE.NFO,07/01/2020,11:31:16,3.1,3.15,18000,3.25,24000,0,990000
RECLTD30Jan20145CE.NFO,07/01/2020,11:31:25,3.1,3.15,6000,3.2,24000,0,990000
RECLTD30Jan20145CE.NFO,07/01/2020,11:31:30,3.1,3.15,12000,3.2,24000,0,990000
RECLTD30Jan20145CE.NFO,07/01/2020,11:31:47,3.15,3.05,36000,3.15,18000,6000,990000
RECLTD30Jan20145CE.NFO,07/01/2020,11:31:53,3.15,3.1,24000,3.15,18000,0,990000
RECLTD30Jan20145CE.NFO,07/01/2020,11:31:59,3.15,3.1,24000,3.2,42000,0,990000
RECLTD30Jan20145CE.NFO,07/01/2020,11:32:04,3.15,3.1,24000,3.2,24000,0,990000
RECLTD30Jan20145CE.NFO,07/01/2020,11:32:10,3.15,3.1,24000,3.2,30000,0,990000
RECLTD30Jan20145CE.NFO,07/01/2020,11:32:21,3.15,3.1,24000,3.15,18000,0,990000
RECLTD30Jan20145CE.NFO,07/01/2020,11:32:30,3.15,3.1,24000,3.15,24000,0,990000
RECLTD30Jan20145CE.NFO,07/01/2020,11:32:36,3.15,3.1,24000,3.2,30000,0,990000
RECLTD30Jan20145CE.NFO,07/01/2020,11:32:44,3.15,3.1,24000,3.15,18000,0,990000
RECLTD30Jan20145CE.NFO,07/01/2020,11:32:52,3.15,3.05,36000,3.15,24000,0,990000
RECLTD30Jan20145CE.NFO,07/01/2020,11:33:04,3.15,3.1,30000,3.2,42000,0,990000
RECLTD30Jan20145CE.NFO,07/01/2020,11:33:21,3.15,3.1,24000,3.15,30000,0,990000
RECLTD30Jan20145CE.NFO,07/01/2020,11:33:43,3.15,3.1,24000,3.2,48000,0,990000
RECLTD30Jan20145CE.NFO,07/01/2020,11:33:48,3.15,3.1,24000,3.2,30000,0,990000
RECLTD30Jan20145CE.NFO,07/01/2020,11:33:56,3.15,3.15,18000,3.25,54000,0,990000
RECLTD30Jan20145CE.NFO,07/01/2020,11:34:02,3.15,3.15,24000,3.25,54000,0,990000
RECLTD30Jan20145CE.NFO,07/01/2020,11:34:09,3.15,3.15,24000,3.25,48000,0,990000
RECLTD30Jan20145CE.NFO,07/01/2020,11:34:16,3.15,3.15,24000,3.25,42000,0,990000
RECLTD30Jan20145CE.NFO,07/01/2020,11:34:23,3.15,3.15,12000,3.25,42000,0,990000
RECLTD30Jan20145CE.NFO,07/01/2020,11:34:29,3.15,3.15,18000,3.25,42000,0,990000
RECLTD30Jan20145CE.NFO,07/01/2020,11:34:35,3.15,3.15,6000,3.2,36000,0,990000
RECLTD30Jan20145CE.NFO,07/01/2020,11:35:06,3.15,3.15,24000,3.25,42000,0,990000
RECLTD30Jan20145CE.NFO,07/01/2020,11:35:12,3.15,3.15,24000,3.25,36000,0,990000
RECLTD30Jan20145CE.NFO,07/01/2020,11:35:36,3.15,3.2,6000,3.25,36000,0,990000
RECLTD30Jan20145CE.NFO,07/01/2020,11:35:49,3.15,3.2,6000,3.25,30000,0,990000
RECLTD30Jan20145CE.NFO,07/01/2020,11:35:54,3.3,3.25,6000,3.35,12000,6000,990000
RECLTD30Jan20145CE.NFO,07/01/2020,11:36:09,3.3,3.25,18000,3.35,24000,0,990000
RECLTD30Jan20145CE.NFO,07/01/2020,11:36:35,3.3,3.25,18000,3.3,12000,0,990000
RECLTD30Jan20145CE.NFO,07/01/2020,11:36:39,3.3,3.2,24000,3.3,18000,0,990000
RECLTD30Jan20145CE.NFO,07/01/2020,11:36:44,3.3,3.2,18000,3.25,12000,0,990000
RECLTD30Jan20145CE.NFO,07/01/2020,11:36:51,3.3,3.2,12000,3.25,12000,0,990000
RECLTD30Jan20145CE.NFO,07/01/2020,11:36:57,3.3,3.2,36000,3.3,18000,0,990000
RECLTD30Jan20145CE.NFO,07/01/2020,11:37:14,3.3,3.2,36000,3.3,6000,0,990000
RECLTD30Jan20145CE.NFO,07/01/2020,11:37:32,3.3,3.15,54000,3.25,6000,0,990000
RECLTD30Jan20145CE.NFO,07/01/2020,11:37:43,3.3,3.2,24000,3.3,12000,0,990000
RECLTD30Jan20145CE.NFO,07/01/2020,11:37:48,3.3,3.15,60000,3.25,6000,0,990000
RECLTD30Jan20145CE.NFO,07/01/2020,11:37:53,3.3,3.15,54000,3.25,6000,0,990000
RECLTD30Jan20145CE.NFO,07/01/2020,11:37:56,3.3,3.15,60000,3.25,6000,0,990000
RECLTD30Jan20145CE.NFO,07/01/2020,11:38:15,3.3,3.15,60000,3.25,12000,0,990000
RECLTD30Jan20145CE.NFO,07/01/2020,11:38:27,3.3,3.15,30000,3.25,12000,0,990000
RECLTD30Jan20145CE.NFO,07/01/2020,11:38:31,3.3,3.15,66000,3.25,12000,0,990000
RECLTD30Jan20145CE.NFO,07/01/2020,11:38:57,3.3,3.15,60000,3.25,12000,0,990000
RECLTD30Jan20145CE.NFO,07/01/2020,11:39:10,3.3,3.15,54000,3.25,12000,0,990000
RECLTD30Jan20145CE.NFO,07/01/2020,11:39:23,3.3,3.15,18000,3.25,12000,0,990000
RECLTD30Jan20145CE.NFO,07/01/2020,11:39:28,3.3,3.15,24000,3.25,12000,0,990000
RECLTD30Jan20145CE.NFO,07/01/2020,11:39:43,3.3,3.15,6000,3.2,6000,0,990000
RECLTD30Jan20145CE.NFO,07/01/2020,11:39:48,3.3,3.15,6000,3.2,12000,0,990000
RECLTD30Jan20145CE.NFO,07/01/2020,11:39:56,3.15,3.1,12000,3.2,12000,6000,990000
RECLTD30Jan20145CE.NFO,07/01/2020,11:40:23,3.15,3.1,36000,3.2,12000,0,990000
RECLTD30Jan20145CE.NFO,07/01/2020,11:40:36,3.15,3.15,12000,3.2,12000,0,990000
RECLTD30Jan20145CE.NFO,07/01/2020,11:40:47,3.15,3.1,18000,3.2,12000,0,990000
RECLTD30Jan20145CE.NFO,07/01/2020,11:40:57,3.15,3.1,24000,3.2,12000,0,990000
RECLTD30Jan20145CE.NFO,07/01/2020,11:41:07,3.15,3.1,6000,3.15,6000,0,990000
RECLTD30Jan20145CE.NFO,07/01/2020,11:41:11,3.15,3.05,24000,3.15,6000,0,990000
RECLTD30Jan20145CE.NFO,07/01/2020,11:41:20,3.15,3.1,6000,3.15,6000,0,990000
RECLTD30Jan20145CE.NFO,07/01/2020,11:41:27,3.15,3.1,12000,3.15,6000,0,990000
RECLTD30Jan20145CE.NFO,07/01/2020,11:41:37,3.15,3.05,48000,3.15,6000,0,990000
RECLTD30Jan20145CE.NFO,07/01/2020,11:41:43,3.15,3.1,6000,3.2,30000,0,990000
RECLTD30Jan20145CE.NFO,07/01/2020,11:41:50,3.15,3.05,42000,3.15,6000,0,990000
RECLTD30Jan20145CE.NFO,07/01/2020,11:41:52,3.15,3.05,42000,3.15,12000,0,990000
RECLTD30Jan20145CE.NFO,07/01/2020,11:42:08,3.15,3.05,18000,3.15,12000,0,990000
RECLTD30Jan20145CE.NFO,07/01/2020,11:42:52,3.15,3.05,6000,3.15,12000,0,990000
RECLTD30Jan20145CE.NFO,07/01/2020,11:44:56,3.15,3.05,6000,3.15,24000,0,990000
RECLTD30Jan20145CE.NFO,07/01/2020,11:45:29,3.15,3.05,6000,3.15,30000,0,990000
RECLTD30Jan20145CE.NFO,07/01/2020,11:45:38,3.15,3,12000,3.1,6000,0,990000
RECLTD30Jan20145CE.NFO,07/01/2020,11:45:43,3.15,3,12000,3.1,24000,0,990000
RECLTD30Jan20145CE.NFO,07/01/2020,11:46:08,3.15,3,42000,3.1,18000,0,990000
RECLTD30Jan20145CE.NFO,07/01/2020,11:46:12,3.15,3,18000,3.1,24000,0,990000
RECLTD30Jan20145CE.NFO,07/01/2020,11:46:46,3.15,3,48000,3.1,24000,0,990000
RECLTD30Jan20145CE.NFO,07/01/2020,11:47:20,3.15,3,48000,3.1,18000,0,990000
RECLTD30Jan20145CE.NFO,07/01/2020,11:47:33,3.15,2.95,18000,3.05,24000,0,990000
RECLTD30Jan20145CE.NFO,07/01/2020,11:47:52,3.15,2.95,42000,3.05,24000,0,990000
RECLTD30Jan20145CE.NFO,07/01/2020,11:48:12,3.15,2.95,6000,3.05,24000,0,990000
RECLTD30Jan20145CE.NFO,07/01/2020,11:48:17,3.15,2.9,6000,2.95,6000,0,990000
RECLTD30Jan20145CE.NFO,07/01/2020,11:48:22,3.15,2.9,6000,3,30000,0,990000
RECLTD30Jan20145CE.NFO,07/01/2020,11:48:26,3.15,2.9,12000,2.95,6000,0,990000
RECLTD30Jan20145CE.NFO,07/01/2020,11:48:30,3.15,2.9,12000,3,24000,0,990000
RECLTD30Jan20145CE.NFO,07/01/2020,11:48:47,3.15,2.9,12000,3,18000,0,990000
RECLTD30Jan20145CE.NFO,07/01/2020,11:49:05,3.15,2.9,12000,3,24000,0,990000
RECLTD30Jan20145CE.NFO,07/01/2020,11:49:34,3.15,2.9,12000,3,30000,0,990000
RECLTD30Jan20145CE.NFO,07/01/2020,11:50:05,3.15,2.9,12000,3,24000,0,990000
RECLTD30Jan20145CE.NFO,07/01/2020,11:51:09,3,2.95,66000,3.1,18000,12000,996000
RECLTD30Jan20145CE.NFO,07/01/2020,11:51:15,3,2.95,42000,3.1,24000,0,996000
RECLTD30Jan20145CE.NFO,07/01/2020,11:51:19,3,3,6000,3.1,24000,0,996000
RECLTD30Jan20145CE.NFO,07/01/2020,11:51:34,3,2.95,66000,3.1,24000,0,996000
RECLTD30Jan20145CE.NFO,07/01/2020,11:51:39,3,3,42000,3.1,12000,0,996000
RECLTD30Jan20145CE.NFO,07/01/2020,11:51:43,3,3.05,6000,3.1,12000,0,996000
RECLTD30Jan20145CE.NFO,07/01/2020,11:52:06,3,3.05,6000,3.1,18000,0,996000
RECLTD30Jan20145CE.NFO,07/01/2020,11:52:09,3,3,12000,3.1,18000,0,996000
RECLTD30Jan20145CE.NFO,07/01/2020,11:52:13,3,3,42000,3.1,18000,0,996000
RECLTD30Jan20145CE.NFO,07/01/2020,11:52:20,3,3,18000,3.1,18000,0,996000
RECLTD30Jan20145CE.NFO,07/01/2020,11:52:28,3,3,42000,3.1,18000,0,996000
RECLTD30Jan20145CE.NFO,07/01/2020,11:52:35,3,2.95,60000,3.05,6000,0,996000
RECLTD30Jan20145CE.NFO,07/01/2020,11:52:42,3,2.95,18000,3.05,12000,0,996000
RECLTD30Jan20145CE.NFO,07/01/2020,11:53:07,3,2.95,30000,3.05,6000,0,996000
RECLTD30Jan20145CE.NFO,07/01/2020,11:53:17,3,3,6000,3.05,12000,0,996000
RECLTD30Jan20145CE.NFO,07/01/2020,11:53:20,3,2.95,24000,3.05,12000,0,996000
RECLTD30Jan20145CE.NFO,07/01/2020,11:53:24,3,2.95,60000,3.05,12000,0,996000
RECLTD30Jan20145CE.NFO,07/01/2020,11:53:30,3,2.9,66000,3,6000,0,996000
RECLTD30Jan20145CE.NFO,07/01/2020,11:53:37,3,2.9,66000,3,6000,6000,996000
RECLTD30Jan20145CE.NFO,07/01/2020,11:53:40,3,2.9,72000,3,6000,6000,996000
RECLTD30Jan20145CE.NFO,07/01/2020,11:53:43,3,2.9,72000,3,6000,0,996000
RECLTD30Jan20145CE.NFO,07/01/2020,11:53:51,3,2.9,72000,3,12000,0,996000
RECLTD30Jan20145CE.NFO,07/01/2020,11:53:54,3,2.9,72000,3,6000,0,996000
RECLTD30Jan20145CE.NFO,07/01/2020,11:54:01,3,2.95,6000,3.05,36000,0,996000
RECLTD30Jan20145CE.NFO,07/01/2020,11:54:04,3,2.95,6000,3.05,24000,0,996000
RECLTD30Jan20145CE.NFO,07/01/2020,11:54:08,3,2.9,66000,3.05,24000,0,996000
RECLTD30Jan20145CE.NFO,07/01/2020,11:54:11,3,2.95,6000,3.05,18000,0,996000
RECLTD30Jan20145CE.NFO,07/01/2020,11:54:37,3,2.95,42000,3.05,18000,0,996000
RECLTD30Jan20145CE.NFO,07/01/2020,11:54:54,3,2.95,48000,3.05,18000,0,996000
RECLTD30Jan20145CE.NFO,07/01/2020,11:55:03,3,3,6000,3.05,18000,0,996000
RECLTD30Jan20145CE.NFO,07/01/2020,11:55:10,3,2.95,6000,3.05,30000,0,996000
RECLTD30Jan20145CE.NFO,07/01/2020,11:55:24,3,2.95,6000,3.05,24000,0,996000
RECLTD30Jan20145CE.NFO,07/01/2020,11:55:30,3,2.95,6000,3.05,18000,0,996000
RECLTD30Jan20145CE.NFO,07/01/2020,11:56:29,3,2.95,54000,3.05,12000,0,996000
RECLTD30Jan20145CE.NFO,07/01/2020,11:56:41,3,3,12000,3.05,12000,0,996000
RECLTD30Jan20145CE.NFO,07/01/2020,11:57:04,3,2.95,48000,3.05,12000,0,996000
RECLTD30Jan20145CE.NFO,07/01/2020,11:57:08,3,3,12000,3.1,24000,0,996000
RECLTD30Jan20145CE.NFO,07/01/2020,11:57:15,3,3,48000,3.1,18000,0,996000
RECLTD30Jan20145CE.NFO,07/01/2020,11:57:22,3.1,3.05,54000,3.15,18000,6000,1008000
RECLTD30Jan20145CE.NFO,07/01/2020,11:57:26,3.1,3.05,54000,3.15,6000,0,1008000
RECLTD30Jan20145CE.NFO,07/01/2020,11:57:30,3.1,3.1,6000,3.2,18000,0,1008000
RECLTD30Jan20145CE.NFO,07/01/2020,11:57:34,3.1,3.1,42000,3.2,18000,0,1008000
RECLTD30Jan20145CE.NFO,07/01/2020,11:57:40,3.1,3.1,48000,3.25,24000,0,1008000
RECLTD30Jan20145CE.NFO,07/01/2020,11:57:49,3.1,3.1,6000,3.2,24000,0,1008000
RECLTD30Jan20145CE.NFO,07/01/2020,11:58:00,3.1,3.1,48000,3.2,24000,0,1008000
RECLTD30Jan20145CE.NFO,07/01/2020,11:58:04,3.1,3.1,48000,3.2,18000,0,1008000
RECLTD30Jan20145CE.NFO,07/01/2020,11:58:13,3.1,3.15,12000,3.2,6000,0,1008000
RECLTD30Jan20145CE.NFO,07/01/2020,11:58:17,3.1,3.15,12000,3.25,18000,0,1008000
RECLTD30Jan20145CE.NFO,07/01/2020,11:58:20,3.1,3.15,18000,3.25,18000,0,1008000
RECLTD30Jan20145CE.NFO,07/01/2020,11:58:39,3.15,3.15,24000,3.25,18000,6000,1008000
RECLTD30Jan20145CE.NFO,07/01/2020,11:58:43,3.15,3.15,60000,3.25,12000,0,1008000
RECLTD30Jan20145CE.NFO,07/01/2020,11:58:51,3.15,3.2,48000,3.3,24000,0,1008000
RECLTD30Jan20145CE.NFO,07/01/2020,11:58:55,3.15,3.2,18000,3.3,24000,0,1008000
RECLTD30Jan20145CE.NFO,07/01/2020,11:58:58,3.15,3.2,6000,3.3,30000,0,1008000
RECLTD30Jan20145CE.NFO,07/01/2020,11:59:02,3.15,3.15,12000,3.25,24000,0,1008000
RECLTD30Jan20145CE.NFO,07/01/2020,11:59:05,3.15,3.1,54000,3.2,6000,0,1008000
RECLTD30Jan20145CE.NFO,07/01/2020,11:59:09,3.15,3.1,6000,3.2,30000,0,1008000
RECLTD30Jan20145CE.NFO,07/01/2020,11:59:22,3.15,3.05,54000,3.2,30000,0,1008000
RECLTD30Jan20145CE.NFO,07/01/2020,11:59:26,3.15,3,12000,3.1,18000,0,1008000
RECLTD30Jan20145CE.NFO,07/01/2020,11:59:30,3,2.95,36000,3.1,36000,6000,1008000
RECLTD30Jan20145CE.NFO,07/01/2020,11:59:35,3,2.95,36000,3.1,30000,0,1008000
RECLTD30Jan20145CE.NFO,07/01/2020,11:59:39,3,2.95,6000,3.05,24000,0,1008000
RECLTD30Jan20145CE.NFO,07/01/2020,11:59:46,3,2.9,18000,3.05,36000,0,1008000
RECLTD30Jan20145CE.NFO,07/01/2020,12:00:02,3,2.9,18000,3,12000,0,1008000
RECLTD30Jan20145CE.NFO,07/01/2020,12:00:14,3,2.9,48000,3,12000,0,1008000
RECLTD30Jan20145CE.NFO,07/01/2020,12:00:22,3,2.9,60000,3,12000,0,1008000
RECLTD30Jan20145CE.NFO,07/01/2020,12:00:29,3,2.95,24000,3.05,18000,0,1008000
RECLTD30Jan20145CE.NFO,07/01/2020,12:00:34,3,2.95,24000,3.05,24000,0,1008000
RECLTD30Jan20145CE.NFO,07/01/2020,12:00:39,3,2.95,24000,3.05,12000,0,1008000
RECLTD30Jan20145CE.NFO,07/01/2020,12:00:46,3,2.95,48000,3.05,12000,0,1008000
RECLTD30Jan20145CE.NFO,07/01/2020,12:00:56,3,2.95,24000,3.05,12000,0,1008000
RECLTD30Jan20145CE.NFO,07/01/2020,12:00:59,3,2.95,18000,3.05,12000,0,1008000
RECLTD30Jan20145CE.NFO,07/01/2020,12:01:02,3,2.9,66000,3.05,24000,0,1008000
RECLTD30Jan20145CE.NFO,07/01/2020,12:01:05,3,2.9,66000,3.05,30000,0,1008000
RECLTD30Jan20145CE.NFO,07/01/2020,12:01:08,3,2.95,6000,3.05,30000,0,1008000
RECLTD30Jan20145CE.NFO,07/01/2020,12:01:10,3,2.9,72000,3,12000,0,1008000
RECLTD30Jan20145CE.NFO,07/01/2020,12:01:13,3,2.95,6000,3.05,24000,0,1008000
RECLTD30Jan20145CE.NFO,07/01/2020,12:01:24,3,2.9,72000,3,6000,0,1008000
RECLTD30Jan20145CE.NFO,07/01/2020,12:01:27,3,2.9,72000,3,12000,0,1008000
RECLTD30Jan20145CE.NFO,07/01/2020,12:01:32,3,2.9,72000,3.05,30000,0,1008000
RECLTD30Jan20145CE.NFO,07/01/2020,12:01:36,3,2.9,60000,3,12000,0,1008000
RECLTD30Jan20145CE.NFO,07/01/2020,12:01:39,3,2.9,66000,3,12000,0,1008000
RECLTD30Jan20145CE.NFO,07/01/2020,12:01:42,3,2.9,60000,3,12000,0,1008000
RECLTD30Jan20145CE.NFO,07/01/2020,12:01:45,3,2.9,66000,3,12000,0,1008000
RECLTD30Jan20145CE.NFO,07/01/2020,12:01:48,3,2.9,6000,3,30000,0,1008000
RECLTD30Jan20145CE.NFO,07/01/2020,12:01:51,2.85,2.85,6000,2.95,6000,12000,1008000
RECLTD30Jan20145CE.NFO,07/01/2020,12:01:51,2.85,2.85,6000,2.95,6000,0,1008000
RECLTD30Jan20145CE.NFO,07/01/2020,12:01:54,2.85,2.85,6000,2.9,6000,0,1008000
RECLTD30Jan20145CE.NFO,07/01/2020,12:02:05,2.85,2.8,66000,2.9,12000,0,1008000
RECLTD30Jan20145CE.NFO,07/01/2020,12:02:08,2.85,2.8,60000,2.9,12000,0,1008000
RECLTD30Jan20145CE.NFO,07/01/2020,12:02:11,2.85,2.8,36000,2.9,12000,0,1008000
RECLTD30Jan20145CE.NFO,07/01/2020,12:02:17,2.9,2.8,12000,2.9,18000,6000,1008000
RECLTD30Jan20145CE.NFO,07/01/2020,12:02:36,2.9,2.85,12000,2.95,24000,0,1008000
RECLTD30Jan20145CE.NFO,07/01/2020,12:02:42,2.9,2.85,60000,3,30000,0,1008000
RECLTD30Jan20145CE.NFO,07/01/2020,12:02:49,2.9,2.85,54000,2.95,6000,0,1008000
RECLTD30Jan20145CE.NFO,07/01/2020,12:03:04,2.9,2.85,12000,2.95,24000,0,1008000
RECLTD30Jan20145CE.NFO,07/01/2020,12:03:10,2.9,2.85,6000,2.95,24000,0,1008000
RECLTD30Jan20145CE.NFO,07/01/2020,12:03:16,2.9,2.85,6000,2.95,30000,0,1008000
RECLTD30Jan20145CE.NFO,07/01/2020,12:03:28,2.9,2.85,12000,2.95,36000,0,1008000
RECLTD30Jan20145CE.NFO,07/01/2020,12:03:33,2.9,2.85,12000,2.95,30000,0,1008000
RECLTD30Jan20145CE.NFO,07/01/2020,12:03:47,2.95,2.85,12000,2.95,24000,6000,1014000
RECLTD30Jan20145CE.NFO,07/01/2020,12:03:50,2.9,2.9,12000,2.95,12000,18000,1014000
RECLTD30Jan20145CE.NFO,07/01/2020,12:03:57,2.9,2.9,12000,2.95,12000,0,1014000
RECLTD30Jan20145CE.NFO,07/01/2020,12:04:00,2.9,2.9,12000,2.95,6000,0,1014000
RECLTD30Jan20145CE.NFO,07/01/2020,12:04:07,2.9,2.9,12000,2.95,12000,0,1014000
RECLTD30Jan20145CE.NFO,07/01/2020,12:04:13,2.9,2.9,12000,2.95,6000,0,1014000
RECLTD30Jan20145CE.NFO,07/01/2020,12:04:23,2.9,2.8,48000,2.9,30000,12000,1014000
RECLTD30Jan20145CE.NFO,07/01/2020,12:04:26,2.9,2.8,48000,2.9,30000,0,1014000
RECLTD30Jan20145CE.NFO,07/01/2020,12:04:30,2.9,2.8,12000,2.85,18000,0,1014000
RECLTD30Jan20145CE.NFO,07/01/2020,12:04:33,2.9,2.8,6000,2.85,30000,0,1014000
RECLTD30Jan20145CE.NFO,07/01/2020,12:04:41,2.9,2.8,6000,2.85,36000,0,1014000
RECLTD30Jan20145CE.NFO,07/01/2020,12:04:56,2.8,2.75,24000,2.85,30000,6000,1014000
RECLTD30Jan20145CE.NFO,07/01/2020,12:04:56,2.8,2.75,24000,2.85,30000,0,1014000
RECLTD30Jan20145CE.NFO,07/01/2020,12:04:59,2.8,2.75,24000,2.85,30000,0,1014000
RECLTD30Jan20145CE.NFO,07/01/2020,12:05:18,2.8,2.75,24000,2.85,36000,0,1014000
RECLTD30Jan20145CE.NFO,07/01/2020,12:06:02,2.8,2.8,6000,2.85,36000,0,1014000
RECLTD30Jan20145CE.NFO,07/01/2020,12:06:06,2.8,2.8,12000,2.85,36000,0,1014000
RECLTD30Jan20145CE.NFO,07/01/2020,12:06:15,2.8,2.8,12000,2.9,48000,0,1014000
RECLTD30Jan20145CE.NFO,07/01/2020,12:06:19,2.8,2.8,18000,2.9,54000,0,1014000
RECLTD30Jan20145CE.NFO,07/01/2020,12:06:23,2.8,2.8,24000,2.9,54000,0,1014000
RECLTD30Jan20145CE.NFO,07/01/2020,12:06:33,2.8,2.7,18000,2.8,30000,12000,1056000
RECLTD30Jan20145CE.NFO,07/01/2020,12:06:36,2.8,2.7,18000,2.8,30000,0,1056000
RECLTD30Jan20145CE.NFO,07/01/2020,12:06:56,2.8,2.7,12000,2.8,30000,0,1056000
RECLTD30Jan20145CE.NFO,07/01/2020,12:06:59,2.8,2.7,12000,2.8,36000,0,1056000
RECLTD30Jan20145CE.NFO,07/01/2020,12:07:02,2.8,2.75,12000,2.85,54000,0,1056000
RECLTD30Jan20145CE.NFO,07/01/2020,12:07:16,2.8,2.75,18000,2.85,54000,0,1056000
RECLTD30Jan20145CE.NFO,07/01/2020,12:07:19,2.8,2.75,12000,2.85,54000,0,1056000
RECLTD30Jan20145CE.NFO,07/01/2020,12:07:33,2.8,2.7,30000,2.8,30000,0,1056000
RECLTD30Jan20145CE.NFO,07/01/2020,12:07:35,2.8,2.75,6000,2.8,24000,0,1056000
RECLTD30Jan20145CE.NFO,07/01/2020,12:07:41,2.8,2.75,12000,2.85,54000,0,1056000
RECLTD30Jan20145CE.NFO,07/01/2020,12:07:51,2.8,2.75,6000,2.8,30000,0,1056000
RECLTD30Jan20145CE.NFO,07/01/2020,12:07:59,2.8,2.75,12000,2.85,54000,0,1056000
RECLTD30Jan20145CE.NFO,07/01/2020,12:08:03,2.8,2.75,30000,2.85,30000,0,1056000
RECLTD30Jan20145CE.NFO,07/01/2020,12:08:10,2.8,2.8,6000,2.85,30000,0,1056000
RECLTD30Jan20145CE.NFO,07/01/2020,12:08:14,2.8,2.8,6000,2.85,24000,24000,1056000
RECLTD30Jan20145CE.NFO,07/01/2020,12:08:20,2.8,2.8,12000,2.9,36000,0,1056000
RECLTD30Jan20145CE.NFO,07/01/2020,12:08:26,2.8,2.8,6000,2.85,6000,0,1056000
RECLTD30Jan20145CE.NFO,07/01/2020,12:08:32,2.8,2.8,6000,2.85,12000,0,1056000
RECLTD30Jan20145CE.NFO,07/01/2020,12:08:43,2.9,2.85,12000,2.9,6000,12000,1056000
RECLTD30Jan20145CE.NFO,07/01/2020,12:08:46,2.9,2.85,18000,2.95,30000,18000,1092000
RECLTD30Jan20145CE.NFO,07/01/2020,12:08:50,2.9,2.9,6000,2.95,36000,0,1092000
RECLTD30Jan20145CE.NFO,07/01/2020,12:08:53,2.95,2.9,18000,2.95,30000,6000,1092000
RECLTD30Jan20145CE.NFO,07/01/2020,12:08:57,2.95,2.9,6000,2.95,24000,6000,1092000
RECLTD30Jan20145CE.NFO,07/01/2020,12:09:01,2.95,2.9,12000,2.95,12000,12000,1092000
RECLTD30Jan20145CE.NFO,07/01/2020,12:09:04,2.95,2.95,12000,3.05,24000,18000,1092000
RECLTD30Jan20145CE.NFO,07/01/2020,12:09:07,2.95,2.95,18000,3.05,24000,0,1092000
RECLTD30Jan20145CE.NFO,07/01/2020,12:09:10,3,2.95,18000,3,12000,6000,1092000
RECLTD30Jan20145CE.NFO,07/01/2020,12:09:13,3,2.95,18000,3,12000,0,1092000
RECLTD30Jan20145CE.NFO,07/01/2020,12:09:16,3,2.95,12000,3,6000,6000,1092000
RECLTD30Jan20145CE.NFO,07/01/2020,12:09:19,3,2.95,12000,3,6000,0,1092000
RECLTD30Jan20145CE.NFO,07/01/2020,12:09:22,3,2.95,6000,3,6000,0,1092000
RECLTD30Jan20145CE.NFO,07/01/2020,12:09:36,3,2.9,24000,3.05,24000,12000,1092000
RECLTD30Jan20145CE.NFO,07/01/2020,12:09:42,3,2.9,18000,3.05,24000,0,1092000
RECLTD30Jan20145CE.NFO,07/01/2020,12:09:46,3.05,2.9,18000,3,6000,6000,1092000
RECLTD30Jan20145CE.NFO,07/01/2020,12:09:49,3.05,2.95,6000,3.05,18000,0,1092000
RECLTD30Jan20145CE.NFO,07/01/2020,12:09:53,3.05,2.9,18000,3.05,24000,0,1092000
RECLTD30Jan20145CE.NFO,07/01/2020,12:09:55,3.05,2.9,18000,3.05,24000,6000,1092000
RECLTD30Jan20145CE.NFO,07/01/2020,12:10:02,3.05,2.9,24000,3.05,30000,0,1092000
RECLTD30Jan20145CE.NFO,07/01/2020,12:10:13,3.05,2.9,24000,3.05,24000,6000,1092000
RECLTD30Jan20145CE.NFO,07/01/2020,12:10:23,3.05,2.9,24000,3.05,24000,6000,1092000
RECLTD30Jan20145CE.NFO,07/01/2020,12:10:25,3.05,2.9,30000,3.05,18000,6000,1092000
RECLTD30Jan20145CE.NFO,07/01/2020,12:10:28,3.05,2.95,6000,3.05,18000,0,1092000
RECLTD30Jan20145CE.NFO,07/01/2020,12:10:33,3.05,2.95,12000,3.05,18000,0,1092000
RECLTD30Jan20145CE.NFO,07/01/2020,12:10:50,3.05,2.95,12000,3.05,12000,0,1092000
RECLTD30Jan20145CE.NFO,07/01/2020,12:10:57,3.05,2.95,18000,3.05,12000,0,1092000
RECLTD30Jan20145CE.NFO,07/01/2020,12:11:05,3.05,3,6000,3.05,12000,0,1092000
RECLTD30Jan20145CE.NFO,07/01/2020,12:11:07,3,2.95,18000,3.05,6000,12000,1092000
RECLTD30Jan20145CE.NFO,07/01/2020,12:11:11,3,2.95,18000,3.05,6000,0,1092000
RECLTD30Jan20145CE.NFO,07/01/2020,12:11:21,3,2.95,18000,3.05,12000,0,1092000
RECLTD30Jan20145CE.NFO,07/01/2020,12:11:24,3,2.95,24000,3,6000,0,1092000
RECLTD30Jan20145CE.NFO,07/01/2020,12:11:28,2.95,2.95,18000,3,6000,6000,1092000
RECLTD30Jan20145CE.NFO,07/01/2020,12:11:32,2.95,2.95,18000,3,6000,0,1092000
RECLTD30Jan20145CE.NFO,07/01/2020,12:11:38,2.95,2.95,12000,3.05,18000,6000,1092000
RECLTD30Jan20145CE.NFO,07/01/2020,12:11:42,2.95,2.95,6000,3.05,24000,0,1092000
RECLTD30Jan20145CE.NFO,07/01/2020,12:11:46,2.95,2.95,12000,3.05,24000,0,1092000
RECLTD30Jan20145CE.NFO,07/01/2020,12:11:49,2.95,2.95,18000,3.05,24000,0,1092000
RECLTD30Jan20145CE.NFO,07/01/2020,12:11:52,3.05,2.95,18000,3.05,18000,6000,1146000
RECLTD30Jan20145CE.NFO,07/01/2020,12:11:54,3.05,3,6000,3.05,18000,0,1146000
RECLTD30Jan20145CE.NFO,07/01/2020,12:12:02,3.05,3,6000,3.05,12000,0,1146000
RECLTD30Jan20145CE.NFO,07/01/2020,12:12:09,3.05,3,6000,3.05,18000,0,1146000
RECLTD30Jan20145CE.NFO,07/01/2020,12:12:31,3.05,3,12000,3.05,18000,0,1146000
RECLTD30Jan20145CE.NFO,07/01/2020,12:12:40,3.05,3,12000,3.05,12000,0,1146000
RECLTD30Jan20145CE.NFO,07/01/2020,12:12:43,3.05,3,12000,3.1,30000,12000,1146000
RECLTD30Jan20145CE.NFO,07/01/2020,12:12:47,3.05,3,12000,3.1,30000,0,1146000
RECLTD30Jan20145CE.NFO,07/01/2020,12:12:52,3.05,3,12000,3.1,36000,0,1146000
RECLTD30Jan20145CE.NFO,07/01/2020,12:12:58,3.05,3,18000,3.1,36000,0,1146000
RECLTD30Jan20145CE.NFO,07/01/2020,12:13:08,3.05,3,18000,3.1,24000,6000,1146000
RECLTD30Jan20145CE.NFO,07/01/2020,12:13:16,3.1,3.1,6000,3.15,12000,6000,1146000
RECLTD30Jan20145CE.NFO,07/01/2020,12:13:23,3.1,3.1,12000,3.15,18000,0,1146000
RECLTD30Jan20145CE.NFO,07/01/2020,12:13:34,3.1,3.05,18000,3.15,18000,6000,1146000
RECLTD30Jan20145CE.NFO,07/01/2020,12:13:38,3.1,3.05,18000,3.15,18000,0,1146000
RECLTD30Jan20145CE.NFO,07/01/2020,12:14:04,3.1,3.05,12000,3.15,24000,6000,1146000
RECLTD30Jan20145CE.NFO,07/01/2020,12:14:10,3.1,3.05,6000,3.15,30000,0,1146000
RECLTD30Jan20145CE.NFO,07/01/2020,12:14:15,3.1,3.05,6000,3.15,54000,0,1146000
RECLTD30Jan20145CE.NFO,07/01/2020,12:14:20,3,3,12000,3.1,24000,6000,1146000
RECLTD30Jan20145CE.NFO,07/01/2020,12:14:23,3,3,12000,3.1,24000,0,1146000
RECLTD30Jan20145CE.NFO,07/01/2020,12:14:46,3.1,3,12000,3.1,18000,6000,1146000
RECLTD30Jan20145CE.NFO,07/01/2020,12:14:52,3.1,3.05,6000,3.1,24000,0,1146000
RECLTD30Jan20145CE.NFO,07/01/2020,12:14:55,3.1,3.05,6000,3.1,12000,0,1146000
RECLTD30Jan20145CE.NFO,07/01/2020,12:15:11,3.1,3.05,6000,3.1,6000,0,1146000
RECLTD30Jan20145CE.NFO,07/01/2020,12:15:18,3.1,3.05,6000,3.1,6000,6000,1158000
RECLTD30Jan20145CE.NFO,07/01/2020,12:15:23,3.1,3.05,6000,3.1,6000,0,1158000
RECLTD30Jan20145CE.NFO,07/01/2020,12:15:28,3.1,3.05,6000,3.15,48000,0,1158000
RECLTD30Jan20145CE.NFO,07/01/2020,12:15:31,3.1,3.05,12000,3.15,48000,0,1158000
RECLTD30Jan20145CE.NFO,07/01/2020,12:15:35,3.05,3.05,6000,3.1,18000,6000,1158000
RECLTD30Jan20145CE.NFO,07/01/2020,12:15:38,3.05,3.05,6000,3.1,18000,0,1158000
RECLTD30Jan20145CE.NFO,07/01/2020,12:15:42,3.05,3,42000,3.05,12000,6000,1158000
RECLTD30Jan20145CE.NFO,07/01/2020,12:15:46,3.05,3,24000,3.05,12000,0,1158000
RECLTD30Jan20145CE.NFO,07/01/2020,12:15:54,3.05,3,30000,3.05,12000,0,1158000
RECLTD30Jan20145CE.NFO,07/01/2020,12:15:59,3.05,3,36000,3.05,12000,0,1158000
RECLTD30Jan20145CE.NFO,07/01/2020,12:16:03,3,3,12000,3.05,18000,18000,1158000
RECLTD30Jan20145CE.NFO,07/01/2020,12:16:07,3,3,12000,3.05,18000,0,1158000
RECLTD30Jan20145CE.NFO,07/01/2020,12:16:27,3,3,24000,3.05,18000,18000,1158000
RECLTD30Jan20145CE.NFO,07/01/2020,12:16:31,3,3,24000,3.05,18000,0,1158000
RECLTD30Jan20145CE.NFO,07/01/2020,12:16:34,3,3,18000,3.05,18000,6000,1158000
RECLTD30Jan20145CE.NFO,07/01/2020,12:16:36,3,3,18000,3.05,18000,0,1158000
RECLTD30Jan20145CE.NFO,07/01/2020,12:16:56,3,3,6000,3.05,18000,12000,1158000
RECLTD30Jan20145CE.NFO,07/01/2020,12:16:58,3,2.95,24000,3.05,18000,0,1158000
RECLTD30Jan20145CE.NFO,07/01/2020,12:17:12,3,2.95,18000,3,18000,0,1158000
RECLTD30Jan20145CE.NFO,07/01/2020,12:17:51,3,2.95,18000,3.05,36000,0,1158000
RECLTD30Jan20145CE.NFO,07/01/2020,12:18:14,3,2.95,24000,3.05,36000,6000,1170000
RECLTD30Jan20145CE.NFO,07/01/2020,12:18:17,3,2.95,24000,3.05,36000,0,1170000
RECLTD30Jan20145CE.NFO,07/01/2020,12:18:23,3,2.95,24000,3.05,42000,0,1170000
RECLTD30Jan20145CE.NFO,07/01/2020,12:18:59,3,3,6000,3.05,42000,0,1170000
RECLTD30Jan20145CE.NFO,07/01/2020,12:19:10,3,2.95,12000,3,18000,6000,1170000
RECLTD30Jan20145CE.NFO,07/01/2020,12:19:15,3,2.95,12000,3,18000,0,1170000
RECLTD30Jan20145CE.NFO,07/01/2020,12:19:41,3,2.95,24000,3.05,42000,0,1170000
RECLTD30Jan20145CE.NFO,07/01/2020,12:19:46,3,2.95,24000,3.05,24000,0,1170000
RECLTD30Jan20145CE.NFO,07/01/2020,12:19:55,3,2.95,30000,3.05,24000,0,1170000
RECLTD30Jan20145CE.NFO,07/01/2020,12:20:03,3,2.95,36000,3.05,24000,0,1170000
RECLTD30Jan20145CE.NFO,07/01/2020,12:20:06,3,3,6000,3.1,54000,0,1170000
RECLTD30Jan20145CE.NFO,07/01/2020,12:20:22,3,2.95,36000,3.05,30000,0,1170000
RECLTD30Jan20145CE.NFO,07/01/2020,12:21:06,3,3,60000,3.05,30000,0,1170000
RECLTD30Jan20145CE.NFO,07/01/2020,12:22:10,3,3,60000,3.05,24000,0,1170000
RECLTD30Jan20145CE.NFO,07/01/2020,12:22:21,3,2.95,42000,3.05,24000,0,1170000
RECLTD30Jan20145CE.NFO,07/01/2020,12:22:34,3,3,6000,3.05,24000,0,1170000
RECLTD30Jan20145CE.NFO,07/01/2020,12:22:47,3,2.95,24000,3,12000,6000,1176000
RECLTD30Jan20145CE.NFO,07/01/2020,12:22:52,3,2.95,6000,3,12000,0,1176000
RECLTD30Jan20145CE.NFO,07/01/2020,12:23:05,3,2.95,18000,3.05,42000,6000,1176000
RECLTD30Jan20145CE.NFO,07/01/2020,12:23:08,3,2.95,12000,3.05,42000,0,1176000
RECLTD30Jan20145CE.NFO,07/01/2020,12:23:17,3,2.95,18000,3.05,42000,0,1176000
RECLTD30Jan20145CE.NFO,07/01/2020,12:23:23,3,3,6000,3.1,54000,0,1176000
RECLTD30Jan20145CE.NFO,07/01/2020,12:23:41,3,2.95,42000,3.05,24000,0,1176000
RECLTD30Jan20145CE.NFO,07/01/2020,12:24:13,3,3,6000,3.1,48000,0,1176000
RECLTD30Jan20145CE.NFO,07/01/2020,12:24:24,3,2.95,42000,3.05,24000,0,1176000
RECLTD30Jan20145CE.NFO,07/01/2020,12:24:44,3,2.95,48000,3.05,24000,0,1176000
RECLTD30Jan20145CE.NFO,07/01/2020,12:24:50,3,2.95,42000,3.05,24000,0,1176000
RECLTD30Jan20145CE.NFO,07/01/2020,12:25:03,3,2.95,36000,3.05,24000,0,1176000
RECLTD30Jan20145CE.NFO,07/01/2020,12:25:19,3,2.95,24000,3,18000,0,1176000
RECLTD30Jan20145CE.NFO,07/01/2020,12:25:21,3,2.95,24000,3,24000,0,1176000
RECLTD30Jan20145CE.NFO,07/01/2020,12:25:29,3,2.95,12000,3,24000,0,1176000
RECLTD30Jan20145CE.NFO,07/01/2020,12:25:45,3,2.95,12000,3.05,30000,0,1176000
RECLTD30Jan20145CE.NFO,07/01/2020,12:26:06,3,2.95,12000,3,18000,0,1176000
RECLTD30Jan20145CE.NFO,07/01/2020,12:26:25,3,2.95,12000,3.05,30000,0,1176000
RECLTD30Jan20145CE.NFO,07/01/2020,12:27:04,3,2.95,12000,3,24000,0,1176000
RECLTD30Jan20145CE.NFO,07/01/2020,12:27:11,3,2.95,6000,3,24000,0,1176000
RECLTD30Jan20145CE.NFO,07/01/2020,12:27:15,3,2.95,18000,3.05,30000,0,1176000
RECLTD30Jan20145CE.NFO,07/01/2020,12:27:30,3,2.95,18000,3,24000,0,1176000
RECLTD30Jan20145CE.NFO,07/01/2020,12:27:41,3,2.95,18000,3,18000,6000,1176000
RECLTD30Jan20145CE.NFO,07/01/2020,12:27:53,3,2.95,12000,3,18000,0,1176000
RECLTD30Jan20145CE.NFO,07/01/2020,12:27:56,3,2.95,12000,3.05,30000,0,1176000
RECLTD30Jan20145CE.NFO,07/01/2020,12:28:14,3,3,6000,3.05,24000,0,1176000
RECLTD30Jan20145CE.NFO,07/01/2020,12:28:58,3,2.9,18000,2.95,18000,6000,1176000
RECLTD30Jan20145CE.NFO,07/01/2020,12:29:05,2.85,2.8,60000,2.9,30000,30000,1176000
RECLTD30Jan20145CE.NFO,07/01/2020,12:29:10,2.85,2.8,60000,2.9,30000,0,1176000
RECLTD30Jan20145CE.NFO,07/01/2020,12:29:15,2.85,2.8,48000,2.9,30000,0,1176000
RECLTD30Jan20145CE.NFO,07/01/2020,12:29:23,2.85,2.8,54000,2.9,30000,0,1176000
RECLTD30Jan20145CE.NFO,07/01/2020,12:29:29,2.9,2.85,24000,2.95,24000,48000,1176000
RECLTD30Jan20145CE.NFO,07/01/2020,12:29:34,2.9,2.85,24000,2.95,24000,0,1176000
RECLTD30Jan20145CE.NFO,07/01/2020,12:29:43,2.9,2.85,24000,2.95,6000,0,1176000
RECLTD30Jan20145CE.NFO,07/01/2020,12:29:52,2.9,2.85,36000,3,6000,0,1176000
RECLTD30Jan20145CE.NFO,07/01/2020,12:29:57,2.9,2.9,24000,3,6000,0,1176000
RECLTD30Jan20145CE.NFO,07/01/2020,12:30:17,2.9,2.9,18000,3,24000,0,1176000
RECLTD30Jan20145CE.NFO,07/01/2020,12:30:32,2.9,2.9,12000,2.95,18000,0,1176000
RECLTD30Jan20145CE.NFO,07/01/2020,12:30:46,2.9,2.9,12000,3,30000,0,1176000
RECLTD30Jan20145CE.NFO,07/01/2020,12:30:51,2.9,2.9,12000,3,24000,0,1176000
RECLTD30Jan20145CE.NFO,07/01/2020,12:31:59,2.9,2.9,24000,3,24000,0,1176000
RECLTD30Jan20145CE.NFO,07/01/2020,12:32:03,2.9,2.9,24000,2.95,6000,0,1176000
RECLTD30Jan20145CE.NFO,07/01/2020,12:32:12,2.9,2.9,12000,3,24000,0,1176000
RECLTD30Jan20145CE.NFO,07/01/2020,12:32:18,2.9,2.85,30000,2.95,6000,0,1176000
RECLTD30Jan20145CE.NFO,07/01/2020,12:32:22,2.9,2.95,6000,3,6000,0,1176000
RECLTD30Jan20145CE.NFO,07/01/2020,12:32:51,2.9,2.9,30000,3,6000,0,1176000
RECLTD30Jan20145CE.NFO,07/01/2020,12:32:55,2.9,2.9,24000,3,6000,0,1176000
RECLTD30Jan20145CE.NFO,07/01/2020,12:33:00,2.9,2.9,30000,3,6000,0,1176000
RECLTD30Jan20145CE.NFO,07/01/2020,12:33:32,2.9,2.9,30000,3,12000,0,1176000
RECLTD30Jan20145CE.NFO,07/01/2020,12:34:13,2.9,2.9,36000,3,12000,0,1176000
RECLTD30Jan20145CE.NFO,07/01/2020,12:34:20,2.9,2.9,30000,3,12000,0,1176000
RECLTD30Jan20145CE.NFO,07/01/2020,12:34:32,2.9,2.95,6000,3,12000,0,1176000
RECLTD30Jan20145CE.NFO,07/01/2020,12:34:38,2.9,2.95,12000,3,12000,0,1176000
RECLTD30Jan20145CE.NFO,07/01/2020,12:34:42,2.9,2.95,12000,3,6000,0,1176000
RECLTD30Jan20145CE.NFO,07/01/2020,12:34:52,2.9,2.95,18000,3,6000,0,1176000
RECLTD30Jan20145CE.NFO,07/01/2020,12:35:01,2.9,2.95,30000,3,6000,0,1176000
RECLTD30Jan20145CE.NFO,07/01/2020,12:35:36,3,2.95,36000,3.05,6000,6000,1218000
RECLTD30Jan20145CE.NFO,07/01/2020,12:35:41,3,2.95,36000,3.05,6000,0,1218000
RECLTD30Jan20145CE.NFO,07/01/2020,12:36:22,3,2.95,24000,3.1,24000,0,1218000
RECLTD30Jan20145CE.NFO,07/01/2020,12:36:25,3,2.95,24000,3.05,6000,0,1218000
RECLTD30Jan20145CE.NFO,07/01/2020,12:36:50,3,2.95,24000,3.1,30000,0,1218000
RECLTD30Jan20145CE.NFO,07/01/2020,12:36:56,3,2.95,24000,3.05,6000,0,1218000
RECLTD30Jan20145CE.NFO,07/01/2020,12:36:59,3,2.95,30000,3.05,6000,0,1218000
RECLTD30Jan20145CE.NFO,07/01/2020,12:37:08,3,2.95,24000,3.05,6000,0,1218000
RECLTD30Jan20145CE.NFO,07/01/2020,12:37:27,2.95,2.95,24000,3.05,12000,6000,1218000
RECLTD30Jan20145CE.NFO,07/01/2020,12:37:34,2.95,2.95,24000,3.05,12000,0,1218000
RECLTD30Jan20145CE.NFO,07/01/2020,12:38:58,2.95,2.95,36000,3.1,36000,0,1218000
RECLTD30Jan20145CE.NFO,07/01/2020,12:39:10,2.95,2.95,36000,3.05,6000,0,1218000
RECLTD30Jan20145CE.NFO,07/01/2020,12:39:27,2.95,2.95,36000,3.05,12000,0,1218000
RECLTD30Jan20145CE.NFO,07/01/2020,12:39:31,2.95,2.95,24000,3.05,12000,0,1218000
RECLTD30Jan20145CE.NFO,07/01/2020,12:39:39,2.95,2.95,12000,3.05,12000,0,1218000
RECLTD30Jan20145CE.NFO,07/01/2020,12:39:46,2.95,2.95,18000,3.05,12000,0,1218000
RECLTD30Jan20145CE.NFO,07/01/2020,12:40:28,2.95,2.95,18000,3.05,6000,0,1218000
RECLTD30Jan20145CE.NFO,07/01/2020,12:40:32,2.95,2.95,30000,3.05,12000,0,1218000
RECLTD30Jan20145CE.NFO,07/01/2020,12:40:36,2.95,2.95,30000,3.05,6000,0,1218000
RECLTD30Jan20145CE.NFO,07/01/2020,12:40:47,2.95,2.95,18000,3.05,6000,0,1218000
RECLTD30Jan20145CE.NFO,07/01/2020,12:41:03,2.95,2.9,48000,3,6000,0,1218000
RECLTD30Jan20145CE.NFO,07/01/2020,12:41:24,2.95,2.9,42000,3,6000,0,1218000
RECLTD30Jan20145CE.NFO,07/01/2020,12:41:29,2.95,2.9,48000,3,6000,0,1218000
RECLTD30Jan20145CE.NFO,07/01/2020,12:42:07,2.95,2.9,42000,3,6000,0,1218000
RECLTD30Jan20145CE.NFO,07/01/2020,12:42:19,2.95,2.9,48000,3,6000,0,1218000
RECLTD30Jan20145CE.NFO,07/01/2020,12:42:36,2.95,2.9,36000,3,6000,0,1218000
RECLTD30Jan20145CE.NFO,07/01/2020,12:43:02,2.95,2.9,18000,3,12000,0,1218000
RECLTD30Jan20145CE.NFO,07/01/2020,12:43:21,2.95,2.9,18000,3,18000,0,1218000
RECLTD30Jan20145CE.NFO,07/01/2020,12:43:34,2.95,2.9,18000,2.95,6000,0,1218000
RECLTD30Jan20145CE.NFO,07/01/2020,12:43:54,2.95,2.9,18000,3,30000,0,1218000
RECLTD30Jan20145CE.NFO,07/01/2020,12:44:08,2.95,2.9,18000,2.95,6000,0,1218000
RECLTD30Jan20145CE.NFO,07/01/2020,12:44:24,2.95,2.9,18000,3,24000,0,1218000
RECLTD30Jan20145CE.NFO,07/01/2020,12:44:41,2.95,2.9,18000,2.95,6000,0,1218000
RECLTD30Jan20145CE.NFO,07/01/2020,12:45:51,2.95,2.9,54000,3,6000,0,1218000
RECLTD30Jan20145CE.NFO,07/01/2020,12:45:58,2.95,2.9,54000,3.05,30000,0,1218000
RECLTD30Jan20145CE.NFO,07/01/2020,12:46:03,2.95,2.9,48000,3.05,18000,0,1218000
RECLTD30Jan20145CE.NFO,07/01/2020,12:46:14,2.95,2.9,48000,3,6000,0,1218000
RECLTD30Jan20145CE.NFO,07/01/2020,12:46:23,2.95,2.95,18000,3.05,18000,0,1218000
RECLTD30Jan20145CE.NFO,07/01/2020,12:46:38,2.95,2.95,12000,3,6000,0,1218000
RECLTD30Jan20145CE.NFO,07/01/2020,12:46:41,2.95,2.9,48000,3,6000,0,1218000
RECLTD30Jan20145CE.NFO,07/01/2020,12:47:13,2.95,2.9,48000,3.05,18000,0,1218000
RECLTD30Jan20145CE.NFO,07/01/2020,12:47:26,2.95,2.9,54000,3.05,18000,0,1218000
RECLTD30Jan20145CE.NFO,07/01/2020,12:47:36,2.95,2.95,30000,3.05,18000,0,1218000
RECLTD30Jan20145CE.NFO,07/01/2020,12:47:44,2.95,2.95,36000,3.05,18000,0,1218000
RECLTD30Jan20145CE.NFO,07/01/2020,12:48:03,2.95,2.95,48000,3.05,12000,0,1218000
RECLTD30Jan20145CE.NFO,07/01/2020,12:48:15,2.95,2.95,48000,3.05,6000,0,1218000
RECLTD30Jan20145CE.NFO,07/01/2020,12:48:37,2.95,3,6000,3.05,6000,0,1218000
RECLTD30Jan20145CE.NFO,07/01/2020,12:49:04,2.95,2.95,36000,3.05,12000,0,1218000
RECLTD30Jan20145CE.NFO,07/01/2020,12:50:18,2.95,2.95,30000,3,18000,0,1218000
RECLTD30Jan20145CE.NFO,07/01/2020,12:50:22,3,2.95,42000,3,12000,6000,1206000
RECLTD30Jan20145CE.NFO,07/01/2020,12:50:35,3,3,12000,3.05,24000,30000,1206000
RECLTD30Jan20145CE.NFO,07/01/2020,12:50:38,3,2.95,30000,3.05,30000,0,1206000
RECLTD30Jan20145CE.NFO,07/01/2020,12:50:41,3,2.95,24000,3.05,30000,0,1206000
RECLTD30Jan20145CE.NFO,07/01/2020,12:50:44,3,2.95,18000,3.05,30000,0,1206000
RECLTD30Jan20145CE.NFO,07/01/2020,12:50:51,3,2.95,12000,3.05,30000,0,1206000
RECLTD30Jan20145CE.NFO,07/01/2020,12:51:03,3,2.95,12000,3.05,42000,0,1206000
RECLTD30Jan20145CE.NFO,07/01/2020,12:52:05,3,2.95,12000,3.05,48000,0,1206000
RECLTD30Jan20145CE.NFO,07/01/2020,12:52:11,3,2.95,12000,3.05,42000,0,1206000
RECLTD30Jan20145CE.NFO,07/01/2020,12:52:19,3,2.95,12000,3.05,36000,0,1206000
RECLTD30Jan20145CE.NFO,07/01/2020,12:52:24,3,2.95,12000,3.05,42000,0,1206000
RECLTD30Jan20145CE.NFO,07/01/2020,12:52:34,3,2.95,6000,3,18000,0,1206000
RECLTD30Jan20145CE.NFO,07/01/2020,12:53:22,3,2.9,42000,3,24000,0,1206000
RECLTD30Jan20145CE.NFO,07/01/2020,12:54:05,3,2.95,6000,3,18000,0,1206000
RECLTD30Jan20145CE.NFO,07/01/2020,12:54:43,3,2.9,42000,3,30000,0,1206000
RECLTD30Jan20145CE.NFO,07/01/2020,12:54:51,3,2.9,42000,3,18000,0,1206000
RECLTD30Jan20145CE.NFO,07/01/2020,12:55:08,3,2.9,48000,3,18000,0,1206000
RECLTD30Jan20145CE.NFO,07/01/2020,12:55:10,3,2.9,48000,3,30000,0,1206000
RECLTD30Jan20145CE.NFO,07/01/2020,12:57:07,3,2.9,48000,3,36000,0,1206000
RECLTD30Jan20145CE.NFO,07/01/2020,12:57:12,3,2.9,48000,3,42000,0,1206000
RECLTD30Jan20145CE.NFO,07/01/2020,12:57:45,3,2.9,18000,2.95,30000,0,1206000
RECLTD30Jan20145CE.NFO,07/01/2020,12:57:55,3,2.9,18000,2.95,18000,0,1206000
RECLTD30Jan20145CE.NFO,07/01/2020,12:58:12,3,2.9,18000,2.95,30000,0,1206000
RECLTD30Jan20145CE.NFO,07/01/2020,12:58:18,3,2.9,18000,2.95,18000,0,1206000
RECLTD30Jan20145CE.NFO,07/01/2020,12:58:57,2.95,2.9,30000,3,60000,6000,1230000
RECLTD30Jan20145CE.NFO,07/01/2020,12:59:01,2.95,2.9,30000,3,48000,0,1230000
RECLTD30Jan20145CE.NFO,07/01/2020,12:59:16,2.95,2.9,30000,3,42000,0,1230000
RECLTD30Jan20145CE.NFO,07/01/2020,13:00:08,2.95,2.9,30000,2.95,18000,0,1230000
RECLTD30Jan20145CE.NFO,07/01/2020,13:00:16,2.9,2.85,24000,2.9,6000,18000,1236000
RECLTD30Jan20145CE.NFO,07/01/2020,13:00:24,2.9,2.8,30000,2.9,30000,0,1236000
RECLTD30Jan20145CE.NFO,07/01/2020,13:00:42,2.9,2.8,30000,2.9,12000,0,1236000
RECLTD30Jan20145CE.NFO,07/01/2020,13:00:52,2.9,2.85,6000,2.9,6000,0,1236000
RECLTD30Jan20145CE.NFO,07/01/2020,13:00:57,2.9,2.85,12000,2.95,30000,0,1236000
RECLTD30Jan20145CE.NFO,07/01/2020,13:01:01,2.9,2.8,30000,2.9,12000,0,1236000
RECLTD30Jan20145CE.NFO,07/01/2020,13:01:15,2.9,2.8,24000,2.9,12000,0,1236000
RECLTD30Jan20145CE.NFO,07/01/2020,13:01:29,2.9,2.8,30000,2.9,12000,0,1236000
RECLTD30Jan20145CE.NFO,07/01/2020,13:01:36,2.9,2.8,24000,2.85,12000,0,1236000
RECLTD30Jan20145CE.NFO,07/01/2020,13:01:42,2.9,2.8,12000,2.85,12000,0,1236000
RECLTD30Jan20145CE.NFO,07/01/2020,13:02:04,2.9,2.8,18000,2.9,36000,0,1236000
RECLTD30Jan20145CE.NFO,07/01/2020,13:02:20,2.9,2.8,12000,2.9,36000,0,1236000
RECLTD30Jan20145CE.NFO,07/01/2020,13:02:29,2.9,2.8,6000,2.85,12000,0,1236000
RECLTD30Jan20145CE.NFO,07/01/2020,13:02:45,2.9,2.8,12000,2.9,36000,0,1236000
RECLTD30Jan20145CE.NFO,07/01/2020,13:03:12,2.75,2.75,12000,2.8,6000,18000,1236000
RECLTD30Jan20145CE.NFO,07/01/2020,13:03:12,2.75,2.75,12000,2.8,6000,0,1236000
RECLTD30Jan20145CE.NFO,07/01/2020,13:03:16,2.75,2.75,12000,2.8,6000,0,1236000
RECLTD30Jan20145CE.NFO,07/01/2020,13:03:21,2.75,2.75,12000,2.8,12000,0,1236000
RECLTD30Jan20145CE.NFO,07/01/2020,13:03:27,2.75,2.75,12000,2.8,6000,0,1236000
RECLTD30Jan20145CE.NFO,07/01/2020,13:03:31,2.75,2.75,12000,2.85,30000,0,1236000
RECLTD30Jan20145CE.NFO,07/01/2020,13:03:44,2.75,2.75,24000,2.8,6000,0,1236000
RECLTD30Jan20145CE.NFO,07/01/2020,13:04:22,2.75,2.75,18000,2.8,18000,0,1236000
RECLTD30Jan20145CE.NFO,07/01/2020,13:04:39,2.75,2.7,30000,2.8,30000,18000,1236000
RECLTD30Jan20145CE.NFO,07/01/2020,13:04:43,2.75,2.7,36000,2.8,30000,0,1236000
RECLTD30Jan20145CE.NFO,07/01/2020,13:04:51,2.75,2.7,18000,2.75,6000,0,1236000
RECLTD30Jan20145CE.NFO,07/01/2020,13:04:57,2.75,2.7,42000,2.75,6000,0,1236000
RECLTD30Jan20145CE.NFO,07/01/2020,13:05:03,2.7,2.7,24000,2.8,24000,12000,1236000
RECLTD30Jan20145CE.NFO,07/01/2020,13:05:03,2.7,2.7,24000,2.8,24000,0,1236000
RECLTD30Jan20145CE.NFO,07/01/2020,13:05:15,2.7,2.7,24000,2.8,12000,0,1236000
RECLTD30Jan20145CE.NFO,07/01/2020,13:05:21,2.7,2.7,36000,2.8,12000,0,1236000
RECLTD30Jan20145CE.NFO,07/01/2020,13:05:42,2.7,2.7,42000,2.8,12000,0,1236000
RECLTD30Jan20145CE.NFO,07/01/2020,13:06:15,2.7,2.7,18000,2.8,12000,0,1236000
RECLTD30Jan20145CE.NFO,07/01/2020,13:06:21,2.7,2.7,24000,2.8,12000,0,1236000
RECLTD30Jan20145CE.NFO,07/01/2020,13:06:32,2.7,2.7,6000,2.75,6000,0,1236000
RECLTD30Jan20145CE.NFO,07/01/2020,13:06:47,2.7,2.65,30000,2.75,6000,6000,1266000
RECLTD30Jan20145CE.NFO,07/01/2020,13:06:52,2.65,2.65,24000,2.75,6000,6000,1266000
RECLTD30Jan20145CE.NFO,07/01/2020,13:06:52,2.65,2.65,24000,2.75,6000,0,1266000
RECLTD30Jan20145CE.NFO,07/01/2020,13:06:57,2.65,2.65,24000,2.75,18000,0,1266000
RECLTD30Jan20145CE.NFO,07/01/2020,13:08:02,2.65,2.65,24000,2.75,30000,0,1266000
RECLTD30Jan20145CE.NFO,07/01/2020,13:08:10,2.65,2.6,12000,2.7,24000,0,1266000
RECLTD30Jan20145CE.NFO,07/01/2020,13:08:17,2.65,2.6,18000,2.7,24000,0,1266000
RECLTD30Jan20145CE.NFO,07/01/2020,13:08:25,2.65,2.6,12000,2.65,24000,0,1266000
RECLTD30Jan20145CE.NFO,07/01/2020,13:08:33,2.6,2.55,36000,2.65,24000,12000,1266000
RECLTD30Jan20145CE.NFO,07/01/2020,13:08:33,2.6,2.55,36000,2.65,24000,0,1266000
RECLTD30Jan20145CE.NFO,07/01/2020,13:08:39,2.6,2.6,12000,2.65,6000,6000,1266000
RECLTD30Jan20145CE.NFO,07/01/2020,13:08:46,2.6,2.55,42000,2.65,6000,0,1266000
RECLTD30Jan20145CE.NFO,07/01/2020,13:08:58,2.55,2.55,36000,2.7,18000,6000,1266000
RECLTD30Jan20145CE.NFO,07/01/2020,13:08:58,2.55,2.55,36000,2.7,18000,0,1266000
RECLTD30Jan20145CE.NFO,07/01/2020,13:09:11,2.55,2.55,30000,2.65,6000,0,1266000
RECLTD30Jan20145CE.NFO,07/01/2020,13:09:19,2.55,2.55,36000,2.65,6000,0,1266000
RECLTD30Jan20145CE.NFO,07/01/2020,13:09:27,2.55,2.55,42000,2.65,6000,0,1266000
RECLTD30Jan20145CE.NFO,07/01/2020,13:09:35,2.55,2.55,48000,2.65,6000,0,1266000
RECLTD30Jan20145CE.NFO,07/01/2020,13:09:41,2.55,2.6,6000,2.65,12000,0,1266000
RECLTD30Jan20145CE.NFO,07/01/2020,13:09:47,2.55,2.55,48000,2.65,6000,0,1266000
RECLTD30Jan20145CE.NFO,07/01/2020,13:09:54,2.55,2.6,6000,2.65,6000,0,1266000
RECLTD30Jan20145CE.NFO,07/01/2020,13:10:01,2.6,2.6,6000,2.65,6000,6000,1272000
RECLTD30Jan20145CE.NFO,07/01/2020,13:10:07,2.6,2.55,48000,2.65,6000,0,1272000
RECLTD30Jan20145CE.NFO,07/01/2020,13:10:14,2.6,2.6,6000,2.65,12000,0,1272000
RECLTD30Jan20145CE.NFO,07/01/2020,13:10:21,2.6,2.6,6000,2.65,24000,0,1272000
RECLTD30Jan20145CE.NFO,07/01/2020,13:10:31,2.6,2.55,30000,2.65,24000,0,1272000
RECLTD30Jan20145CE.NFO,07/01/2020,13:10:47,2.6,2.6,6000,2.65,18000,0,1272000
RECLTD30Jan20145CE.NFO,07/01/2020,13:10:51,2.6,2.6,12000,2.65,18000,0,1272000
RECLTD30Jan20145CE.NFO,07/01/2020,13:11:17,2.6,2.6,12000,2.65,6000,0,1272000
RECLTD30Jan20145CE.NFO,07/01/2020,13:11:39,2.6,2.6,18000,2.65,6000,0,1272000
RECLTD30Jan20145CE.NFO,07/01/2020,13:11:48,2.6,2.6,12000,2.65,6000,0,1272000
RECLTD30Jan20145CE.NFO,07/01/2020,13:11:52,2.6,2.6,18000,2.65,6000,0,1272000
RECLTD30Jan20145CE.NFO,07/01/2020,13:11:56,2.6,2.6,12000,2.65,6000,0,1272000
RECLTD30Jan20145CE.NFO,07/01/2020,13:12:02,2.6,2.6,18000,2.65,6000,0,1272000
RECLTD30Jan20145CE.NFO,07/01/2020,13:12:09,2.65,2.6,24000,2.7,18000,6000,1272000
RECLTD30Jan20145CE.NFO,07/01/2020,13:12:32,2.65,2.6,6000,2.7,18000,0,1272000
RECLTD30Jan20145CE.NFO,07/01/2020,13:12:37,2.65,2.6,6000,2.7,24000,0,1272000
RECLTD30Jan20145CE.NFO,07/01/2020,13:12:46,2.65,2.6,18000,2.7,24000,0,1272000
RECLTD30Jan20145CE.NFO,07/01/2020,13:12:58,2.65,2.65,6000,2.75,18000,0,1272000
RECLTD30Jan20145CE.NFO,07/01/2020,13:13:11,2.65,2.65,12000,2.75,18000,0,1272000
RECLTD30Jan20145CE.NFO,07/01/2020,13:13:33,2.65,2.65,6000,2.75,18000,0,1272000
RECLTD30Jan20145CE.NFO,07/01/2020,13:13:38,2.65,2.65,12000,2.75,18000,0,1272000
RECLTD30Jan20145CE.NFO,07/01/2020,13:13:42,2.65,2.65,24000,2.75,18000,0,1272000
RECLTD30Jan20145CE.NFO,07/01/2020,13:13:47,2.65,2.65,18000,2.75,18000,0,1272000
RECLTD30Jan20145CE.NFO,07/01/2020,13:13:51,2.65,2.65,12000,2.75,18000,0,1272000
RECLTD30Jan20145CE.NFO,07/01/2020,13:13:57,2.65,2.6,42000,2.7,12000,0,1272000
RECLTD30Jan20145CE.NFO,07/01/2020,13:14:02,2.65,2.65,6000,2.75,18000,0,1272000
RECLTD30Jan20145CE.NFO,07/01/2020,13:14:18,2.65,2.65,24000,2.75,18000,0,1272000
RECLTD30Jan20145CE.NFO,07/01/2020,13:14:33,2.65,2.65,12000,2.75,18000,0,1272000
RECLTD30Jan20145CE.NFO,07/01/2020,13:14:38,2.65,2.65,24000,2.75,18000,0,1272000
RECLTD30Jan20145CE.NFO,07/01/2020,13:14:43,2.65,2.65,18000,2.75,18000,0,1272000
RECLTD30Jan20145CE.NFO,07/01/2020,13:15:02,2.65,2.65,12000,2.75,18000,0,1272000
RECLTD30Jan20145CE.NFO,07/01/2020,13:15:17,2.65,2.6,48000,2.7,6000,0,1272000
RECLTD30Jan20145CE.NFO,07/01/2020,13:15:24,2.65,2.65,12000,2.75,18000,0,1272000
RECLTD30Jan20145CE.NFO,07/01/2020,13:15:31,2.65,2.65,6000,2.75,30000,0,1272000
RECLTD30Jan20145CE.NFO,07/01/2020,13:15:38,2.65,2.6,42000,2.7,6000,0,1272000
RECLTD30Jan20145CE.NFO,07/01/2020,13:15:49,2.65,2.65,12000,2.75,18000,0,1272000
RECLTD30Jan20145CE.NFO,07/01/2020,13:16:01,2.65,2.6,42000,2.7,6000,18000,1266000
RECLTD30Jan20145CE.NFO,07/01/2020,13:16:13,2.65,2.6,42000,2.75,18000,0,1266000
RECLTD30Jan20145CE.NFO,07/01/2020,13:16:20,2.65,2.6,42000,2.7,6000,0,1266000
RECLTD30Jan20145CE.NFO,07/01/2020,13:16:31,2.65,2.6,42000,2.75,18000,0,1266000
RECLTD30Jan20145CE.NFO,07/01/2020,13:16:47,2.65,2.6,12000,2.7,18000,0,1266000
RECLTD30Jan20145CE.NFO,07/01/2020,13:17:01,2.65,2.6,30000,2.7,18000,0,1266000
RECLTD30Jan20145CE.NFO,07/01/2020,13:17:09,2.65,2.65,12000,2.7,12000,0,1266000
RECLTD30Jan20145CE.NFO,07/01/2020,13:17:21,2.65,2.65,6000,2.7,12000,0,1266000
RECLTD30Jan20145CE.NFO,07/01/2020,13:17:28,2.65,2.55,48000,2.65,6000,6000,1266000
RECLTD30Jan20145CE.NFO,07/01/2020,13:17:35,2.65,2.55,48000,2.7,30000,0,1266000
RECLTD30Jan20145CE.NFO,07/01/2020,13:17:49,2.65,2.55,42000,2.65,24000,0,1266000
RECLTD30Jan20145CE.NFO,07/01/2020,13:18:06,2.65,2.55,6000,2.6,6000,0,1266000
RECLTD30Jan20145CE.NFO,07/01/2020,13:18:12,2.65,2.55,6000,2.65,42000,0,1266000
RECLTD30Jan20145CE.NFO,07/01/2020,13:18:19,2.65,2.55,6000,2.6,6000,0,1266000
RECLTD30Jan20145CE.NFO,07/01/2020,13:18:26,2.55,2.5,66000,2.6,6000,6000,1254000
RECLTD30Jan20145CE.NFO,07/01/2020,13:18:33,2.55,2.55,6000,2.65,42000,0,1254000
RECLTD30Jan20145CE.NFO,07/01/2020,13:18:39,2.55,2.5,60000,2.6,6000,0,1254000
RECLTD30Jan20145CE.NFO,07/01/2020,13:18:45,2.55,2.5,66000,2.6,12000,0,1254000
RECLTD30Jan20145CE.NFO,07/01/2020,13:19:13,2.55,2.5,54000,2.6,12000,0,1254000
RECLTD30Jan20145CE.NFO,07/01/2020,13:19:19,2.55,2.55,6000,2.6,12000,0,1254000
RECLTD30Jan20145CE.NFO,07/01/2020,13:20:23,2.55,2.55,6000,2.6,6000,0,1254000
RECLTD30Jan20145CE.NFO,07/01/2020,13:20:38,2.6,2.55,6000,2.65,48000,6000,1254000
RECLTD30Jan20145CE.NFO,07/01/2020,13:20:42,2.6,2.55,6000,2.65,48000,0,1254000
RECLTD30Jan20145CE.NFO,07/01/2020,13:20:46,2.6,2.55,6000,2.65,54000,0,1254000
RECLTD30Jan20145CE.NFO,07/01/2020,13:20:50,2.6,2.55,6000,2.6,18000,0,1254000
RECLTD30Jan20145CE.NFO,07/01/2020,13:21:02,2.55,2.5,42000,2.6,30000,6000,1254000
RECLTD30Jan20145CE.NFO,07/01/2020,13:21:08,2.55,2.5,42000,2.6,30000,0,1254000
RECLTD30Jan20145CE.NFO,07/01/2020,13:21:15,2.55,2.5,30000,2.6,30000,0,1254000
RECLTD30Jan20145CE.NFO,07/01/2020,13:21:23,2.55,2.5,24000,2.6,24000,0,1254000
RECLTD30Jan20145CE.NFO,07/01/2020,13:21:29,2.55,2.5,24000,2.6,30000,0,1254000
RECLTD30Jan20145CE.NFO,07/01/2020,13:21:34,2.55,2.5,24000,2.55,6000,0,1254000
RECLTD30Jan20145CE.NFO,07/01/2020,13:23:31,2.5,2.4,66000,2.5,6000,24000,1254000
RECLTD30Jan20145CE.NFO,07/01/2020,13:23:31,2.5,2.4,66000,2.5,6000,0,1254000
RECLTD30Jan20145CE.NFO,07/01/2020,13:23:35,2.5,2.4,60000,2.55,30000,0,1260000
RECLTD30Jan20145CE.NFO,07/01/2020,13:23:40,2.5,2.4,54000,2.55,24000,0,1260000
RECLTD30Jan20145CE.NFO,07/01/2020,13:23:44,2.5,2.4,60000,2.55,24000,0,1260000
RECLTD30Jan20145CE.NFO,07/01/2020,13:23:57,2.5,2.4,60000,2.55,30000,0,1260000
RECLTD30Jan20145CE.NFO,07/01/2020,13:24:02,2.5,2.45,12000,2.55,30000,0,1260000
RECLTD30Jan20145CE.NFO,07/01/2020,13:24:13,2.5,2.45,18000,2.55,30000,0,1260000
RECLTD30Jan20145CE.NFO,07/01/2020,13:24:19,2.5,2.45,24000,2.55,30000,0,1260000
RECLTD30Jan20145CE.NFO,07/01/2020,13:24:24,2.5,2.5,6000,2.55,24000,0,1260000
RECLTD30Jan20145CE.NFO,07/01/2020,13:24:33,2.5,2.45,24000,2.55,12000,0,1260000
RECLTD30Jan20145CE.NFO,07/01/2020,13:24:40,2.5,2.45,48000,2.55,12000,0,1260000
RECLTD30Jan20145CE.NFO,07/01/2020,13:24:54,2.55,2.55,18000,2.65,30000,12000,1278000
RECLTD30Jan20145CE.NFO,07/01/2020,13:25:00,2.55,2.55,18000,2.65,30000,0,1278000
RECLTD30Jan20145CE.NFO,07/01/2020,13:25:11,2.55,2.55,30000,2.65,30000,0,1278000
RECLTD30Jan20145CE.NFO,07/01/2020,13:25:18,2.55,2.55,42000,2.65,30000,0,1278000
RECLTD30Jan20145CE.NFO,07/01/2020,13:25:25,2.55,2.55,36000,2.65,30000,0,1278000
RECLTD30Jan20145CE.NFO,07/01/2020,13:26:32,2.55,2.55,48000,2.65,30000,0,1278000
RECLTD30Jan20145CE.NFO,07/01/2020,13:26:52,2.55,2.55,54000,2.65,30000,0,1278000
RECLTD30Jan20145CE.NFO,07/01/2020,13:26:57,2.55,2.6,24000,2.65,30000,0,1278000
RECLTD30Jan20145CE.NFO,07/01/2020,13:27:03,2.55,2.6,12000,2.65,30000,0,1278000
RECLTD30Jan20145CE.NFO,07/01/2020,13:27:17,2.55,2.6,18000,2.65,30000,0,1278000
RECLTD30Jan20145CE.NFO,07/01/2020,13:27:24,2.55,2.6,12000,2.65,30000,0,1278000
RECLTD30Jan20145CE.NFO,07/01/2020,13:27:46,2.6,2.55,18000,2.65,42000,12000,1266000
RECLTD30Jan20145CE.NFO,07/01/2020,13:27:52,2.6,2.55,6000,2.65,48000,0,1266000
RECLTD30Jan20145CE.NFO,07/01/2020,13:28:00,2.6,2.55,6000,2.65,54000,0,1266000
RECLTD30Jan20145CE.NFO,07/01/2020,13:28:21,2.6,2.55,12000,2.65,42000,0,1266000
RECLTD30Jan20145CE.NFO,07/01/2020,13:28:27,2.6,2.55,6000,2.65,42000,0,1266000
RECLTD30Jan20145CE.NFO,07/01/2020,13:30:24,2.6,2.5,48000,2.65,48000,0,1266000
RECLTD30Jan20145CE.NFO,07/01/2020,13:30:30,2.6,2.5,42000,2.6,6000,0,1266000
RECLTD30Jan20145CE.NFO,07/01/2020,13:30:45,2.6,2.5,24000,2.6,18000,0,1266000
RECLTD30Jan20145CE.NFO,07/01/2020,13:30:52,2.6,2.5,12000,2.6,18000,0,1266000
RECLTD30Jan20145CE.NFO,07/01/2020,13:31:00,2.6,2.55,6000,2.6,18000,0,1266000
RECLTD30Jan20145CE.NFO,07/01/2020,13:31:07,2.6,2.5,18000,2.6,18000,0,1266000
RECLTD30Jan20145CE.NFO,07/01/2020,13:31:14,2.6,2.5,12000,2.6,18000,0,1266000
RECLTD30Jan20145CE.NFO,07/01/2020,13:31:34,2.6,2.5,12000,2.6,12000,0,1266000
RECLTD30Jan20145CE.NFO,07/01/2020,13:31:49,2.6,2.55,12000,2.65,48000,0,1266000
RECLTD30Jan20145CE.NFO,07/01/2020,13:31:57,2.6,2.55,18000,2.65,48000,0,1266000
RECLTD30Jan20145CE.NFO,07/01/2020,13:32:18,2.6,2.55,6000,2.65,54000,0,1266000
RECLTD30Jan20145CE.NFO,07/01/2020,13:32:34,2.6,2.5,30000,2.65,54000,0,1266000
RECLTD30Jan20145CE.NFO,07/01/2020,13:32:39,2.6,2.5,24000,2.6,6000,0,1266000
