Ticker,Date,Time,LTP,BuyPrice,BuyQty,SellPrice,SellQty,LTQ,OpenInterest
RECLTD30Jan20135PE.NFO,07/01/2020,09:15:17,3.1,1.95,6000,2.75,12000,6000,702000
RECLTD30Jan20135PE.NFO,07/01/2020,09:15:17,3.1,1.95,6000,2.75,12000,0,702000
RECLTD30Jan20135PE.NFO,07/01/2020,09:15:17,3.1,1.95,6000,2.75,12000,0,702000
RECLTD30Jan20135PE.NFO,07/01/2020,09:15:17,3.1,1.95,6000,2.75,12000,0,702000
RECLTD30Jan20135PE.NFO,07/01/2020,09:15:28,3.1,1.95,6000,2.6,60000,0,702000
RECLTD30Jan20135PE.NFO,07/01/2020,09:15:40,3.1,1.9,12000,2.6,90000,0,702000
RECLTD30Jan20135PE.NFO,07/01/2020,09:15:52,3.1,1.9,12000,2.55,108000,0,702000
RECLTD30Jan20135PE.NFO,07/01/2020,09:16:04,3.1,1.75,6000,2.1,12000,0,702000
RECLTD30Jan20135PE.NFO,07/01/2020,09:16:16,3.1,1.65,12000,2.1,12000,0,702000
RECLTD30Jan20135PE.NFO,07/01/2020,09:16:37,3.1,1.65,12000,2.15,6000,0,702000
RECLTD30Jan20135PE.NFO,07/01/2020,09:16:47,3.1,1.65,12000,2.15,12000,0,702000
RECLTD30Jan20135PE.NFO,07/01/2020,09:16:57,3.1,1.8,12000,2.15,12000,0,702000
RECLTD30Jan20135PE.NFO,07/01/2020,09:17:06,3.1,1.8,12000,2.15,18000,0,702000
RECLTD30Jan20135PE.NFO,07/01/2020,09:17:15,3.1,1.8,12000,2.05,12000,0,702000
RECLTD30Jan20135PE.NFO,07/01/2020,09:17:25,1.8,1.85,6000,2.05,12000,6000,702000
RECLTD30Jan20135PE.NFO,07/01/2020,09:17:25,1.8,1.85,6000,2.05,12000,0,702000
RECLTD30Jan20135PE.NFO,07/01/2020,09:17:35,1.85,1.65,6000,1.95,12000,24000,702000
RECLTD30Jan20135PE.NFO,07/01/2020,09:17:57,1.85,1.65,6000,1.95,12000,0,702000
RECLTD30Jan20135PE.NFO,07/01/2020,09:18:07,1.85,1.6,24000,1.95,18000,0,702000
RECLTD30Jan20135PE.NFO,07/01/2020,09:18:16,1.85,1.7,12000,1.95,18000,0,702000
RECLTD30Jan20135PE.NFO,07/01/2020,09:18:33,1.65,1.55,12000,1.85,6000,24000,702000
RECLTD30Jan20135PE.NFO,07/01/2020,09:18:33,1.65,1.55,12000,1.85,6000,0,702000
RECLTD30Jan20135PE.NFO,07/01/2020,09:18:42,1.7,1.55,24000,1.75,6000,6000,702000
RECLTD30Jan20135PE.NFO,07/01/2020,09:18:51,1.7,1.6,6000,1.75,12000,0,702000
RECLTD30Jan20135PE.NFO,07/01/2020,09:19:00,1.7,1.6,24000,1.75,6000,0,702000
RECLTD30Jan20135PE.NFO,07/01/2020,09:19:17,1.7,1.6,18000,1.7,12000,0,702000
RECLTD30Jan20135PE.NFO,07/01/2020,09:19:26,1.7,1.6,6000,1.65,12000,0,702000
RECLTD30Jan20135PE.NFO,07/01/2020,09:19:35,1.6,1.55,24000,1.65,12000,6000,702000
RECLTD30Jan20135PE.NFO,07/01/2020,09:19:35,1.6,1.55,24000,1.65,12000,0,702000
RECLTD30Jan20135PE.NFO,07/01/2020,09:19:43,1.6,1.55,30000,1.7,24000,0,702000
RECLTD30Jan20135PE.NFO,07/01/2020,09:19:51,1.6,1.55,18000,1.65,18000,0,702000
RECLTD30Jan20135PE.NFO,07/01/2020,09:19:58,1.6,1.5,24000,1.6,6000,0,702000
RECLTD30Jan20135PE.NFO,07/01/2020,09:20:37,1.6,1.5,24000,1.6,36000,0,702000
RECLTD30Jan20135PE.NFO,07/01/2020,09:20:52,1.5,1.5,6000,1.6,42000,6000,738000
RECLTD30Jan20135PE.NFO,07/01/2020,09:20:52,1.5,1.5,6000,1.6,42000,0,738000
RECLTD30Jan20135PE.NFO,07/01/2020,09:21:00,1.5,1.5,6000,1.6,42000,0,738000
RECLTD30Jan20135PE.NFO,07/01/2020,09:21:09,1.5,1.45,42000,1.6,42000,0,738000
RECLTD30Jan20135PE.NFO,07/01/2020,09:21:17,1.5,1.5,6000,1.6,48000,0,738000
RECLTD30Jan20135PE.NFO,07/01/2020,09:21:24,1.5,1.45,48000,1.6,42000,6000,738000
RECLTD30Jan20135PE.NFO,07/01/2020,09:21:31,1.5,1.45,48000,1.6,42000,0,738000
RECLTD30Jan20135PE.NFO,07/01/2020,09:21:39,1.5,1.45,60000,1.6,42000,0,738000
RECLTD30Jan20135PE.NFO,07/01/2020,09:21:48,1.5,1.5,6000,1.6,42000,0,738000
RECLTD30Jan20135PE.NFO,07/01/2020,09:21:56,1.5,1.5,6000,1.55,36000,0,738000
RECLTD30Jan20135PE.NFO,07/01/2020,09:22:03,1.5,1.45,30000,1.55,30000,6000,738000
RECLTD30Jan20135PE.NFO,07/01/2020,09:22:12,1.5,1.45,6000,1.55,36000,0,738000
RECLTD30Jan20135PE.NFO,07/01/2020,09:22:35,1.5,1.45,6000,1.55,42000,0,738000
RECLTD30Jan20135PE.NFO,07/01/2020,09:22:49,1.45,1.35,42000,1.5,54000,6000,738000
RECLTD30Jan20135PE.NFO,07/01/2020,09:22:49,1.45,1.35,42000,1.5,54000,0,738000
RECLTD30Jan20135PE.NFO,07/01/2020,09:22:56,1.45,1.35,42000,1.5,54000,0,738000
RECLTD30Jan20135PE.NFO,07/01/2020,09:23:03,1.45,1.35,24000,1.4,12000,0,738000
RECLTD30Jan20135PE.NFO,07/01/2020,09:23:11,1.4,1.3,42000,1.4,6000,6000,738000
RECLTD30Jan20135PE.NFO,07/01/2020,09:23:11,1.4,1.3,42000,1.4,6000,0,738000
RECLTD30Jan20135PE.NFO,07/01/2020,09:23:18,1.4,1.3,48000,1.45,42000,0,738000
RECLTD30Jan20135PE.NFO,07/01/2020,09:23:25,1.4,1.3,48000,1.45,48000,0,738000
RECLTD30Jan20135PE.NFO,07/01/2020,09:23:37,1.4,1.35,12000,1.45,42000,0,738000
RECLTD30Jan20135PE.NFO,07/01/2020,09:24:04,1.4,1.35,6000,1.45,42000,0,738000
RECLTD30Jan20135PE.NFO,07/01/2020,09:24:11,1.4,1.35,12000,1.45,42000,0,738000
RECLTD30Jan20135PE.NFO,07/01/2020,09:24:38,1.4,1.3,30000,1.45,48000,0,738000
RECLTD30Jan20135PE.NFO,07/01/2020,09:24:44,1.35,1.3,30000,1.45,48000,6000,756000
RECLTD30Jan20135PE.NFO,07/01/2020,09:24:44,1.35,1.3,30000,1.45,48000,0,756000
RECLTD30Jan20135PE.NFO,07/01/2020,09:24:50,1.35,1.3,48000,1.45,54000,0,756000
RECLTD30Jan20135PE.NFO,07/01/2020,09:24:56,1.35,1.3,24000,1.45,54000,0,756000
RECLTD30Jan20135PE.NFO,07/01/2020,09:25:03,1.35,1.3,30000,1.45,54000,0,756000
RECLTD30Jan20135PE.NFO,07/01/2020,09:25:11,1.35,1.3,12000,1.35,24000,0,756000
RECLTD30Jan20135PE.NFO,07/01/2020,09:25:18,1.35,1.3,6000,1.35,24000,0,756000
RECLTD30Jan20135PE.NFO,07/01/2020,09:25:25,1.3,1.25,36000,1.35,30000,6000,756000
RECLTD30Jan20135PE.NFO,07/01/2020,09:25:25,1.3,1.25,36000,1.35,30000,0,756000
RECLTD30Jan20135PE.NFO,07/01/2020,09:25:32,1.3,1.25,36000,1.35,30000,0,756000
RECLTD30Jan20135PE.NFO,07/01/2020,09:25:39,1.35,1.25,42000,1.35,18000,6000,756000
RECLTD30Jan20135PE.NFO,07/01/2020,09:25:47,1.35,1.25,42000,1.35,18000,0,756000
RECLTD30Jan20135PE.NFO,07/01/2020,09:26:02,1.35,1.25,42000,1.4,60000,0,756000
RECLTD30Jan20135PE.NFO,07/01/2020,09:26:10,1.35,1.3,18000,1.4,66000,0,756000
RECLTD30Jan20135PE.NFO,07/01/2020,09:26:18,1.35,1.3,18000,1.4,60000,0,756000
RECLTD30Jan20135PE.NFO,07/01/2020,09:26:30,1.35,1.3,18000,1.4,66000,0,756000
RECLTD30Jan20135PE.NFO,07/01/2020,09:26:44,1.3,1.3,6000,1.4,72000,6000,762000
RECLTD30Jan20135PE.NFO,07/01/2020,09:26:50,1.3,1.3,24000,1.35,6000,6000,762000
RECLTD30Jan20135PE.NFO,07/01/2020,09:26:55,1.3,1.2,48000,1.35,36000,0,762000
RECLTD30Jan20135PE.NFO,07/01/2020,09:27:01,1.3,1.25,42000,1.35,36000,0,762000
RECLTD30Jan20135PE.NFO,07/01/2020,09:27:06,1.35,1.25,18000,1.35,48000,36000,762000
RECLTD30Jan20135PE.NFO,07/01/2020,09:27:11,1.35,1.25,54000,1.35,36000,0,762000
RECLTD30Jan20135PE.NFO,07/01/2020,09:27:24,1.35,1.25,60000,1.4,60000,0,762000
RECLTD30Jan20135PE.NFO,07/01/2020,09:27:43,1.35,1.3,24000,1.4,54000,0,762000
RECLTD30Jan20135PE.NFO,07/01/2020,09:27:58,1.35,1.3,30000,1.4,54000,0,762000
RECLTD30Jan20135PE.NFO,07/01/2020,09:28:12,1.35,1.3,54000,1.4,42000,0,762000
RECLTD30Jan20135PE.NFO,07/01/2020,09:28:19,1.35,1.3,54000,1.45,48000,0,762000
RECLTD30Jan20135PE.NFO,07/01/2020,09:28:31,1.35,1.35,42000,1.45,48000,0,762000
RECLTD30Jan20135PE.NFO,07/01/2020,09:28:48,1.35,1.35,18000,1.45,48000,0,762000
RECLTD30Jan20135PE.NFO,07/01/2020,09:28:54,1.35,1.3,54000,1.4,18000,0,762000
RECLTD30Jan20135PE.NFO,07/01/2020,09:29:00,1.35,1.3,54000,1.4,36000,0,762000
RECLTD30Jan20135PE.NFO,07/01/2020,09:29:37,1.35,1.3,60000,1.4,18000,0,762000
RECLTD30Jan20135PE.NFO,07/01/2020,09:29:44,1.4,1.35,18000,1.45,54000,12000,780000
RECLTD30Jan20135PE.NFO,07/01/2020,09:29:50,1.4,1.35,42000,1.45,48000,0,780000
RECLTD30Jan20135PE.NFO,07/01/2020,09:30:05,1.4,1.35,42000,1.45,54000,0,780000
RECLTD30Jan20135PE.NFO,07/01/2020,09:30:17,1.4,1.35,12000,1.45,54000,0,780000
RECLTD30Jan20135PE.NFO,07/01/2020,09:30:28,1.4,1.35,42000,1.45,48000,0,780000
RECLTD30Jan20135PE.NFO,07/01/2020,09:30:44,1.4,1.35,24000,1.45,48000,0,780000
RECLTD30Jan20135PE.NFO,07/01/2020,09:30:55,1.4,1.35,42000,1.45,54000,0,780000
RECLTD30Jan20135PE.NFO,07/01/2020,09:31:05,1.4,1.35,42000,1.45,48000,0,780000
RECLTD30Jan20135PE.NFO,07/01/2020,09:31:11,1.4,1.35,42000,1.45,12000,0,780000
RECLTD30Jan20135PE.NFO,07/01/2020,09:31:51,1.4,1.35,48000,1.45,18000,0,780000
RECLTD30Jan20135PE.NFO,07/01/2020,09:32:10,1.4,1.35,42000,1.45,18000,0,780000
RECLTD30Jan20135PE.NFO,07/01/2020,09:32:16,1.45,1.4,54000,1.5,12000,24000,774000
RECLTD30Jan20135PE.NFO,07/01/2020,09:32:23,1.45,1.45,12000,1.5,12000,0,774000
RECLTD30Jan20135PE.NFO,07/01/2020,09:32:30,1.45,1.45,6000,1.5,18000,6000,774000
RECLTD30Jan20135PE.NFO,07/01/2020,09:32:36,1.45,1.45,30000,1.5,12000,0,774000
RECLTD30Jan20135PE.NFO,07/01/2020,09:32:49,1.45,1.45,36000,1.5,18000,0,774000
RECLTD30Jan20135PE.NFO,07/01/2020,09:33:00,1.5,1.45,36000,1.55,30000,18000,774000
RECLTD30Jan20135PE.NFO,07/01/2020,09:33:12,1.5,1.45,36000,1.55,30000,0,774000
RECLTD30Jan20135PE.NFO,07/01/2020,09:33:19,1.5,1.45,42000,1.55,12000,0,774000
RECLTD30Jan20135PE.NFO,07/01/2020,09:33:25,1.5,1.45,30000,1.55,12000,0,774000
RECLTD30Jan20135PE.NFO,07/01/2020,09:33:32,1.5,1.45,30000,1.55,18000,0,774000
RECLTD30Jan20135PE.NFO,07/01/2020,09:33:37,1.5,1.45,30000,1.55,12000,0,774000
RECLTD30Jan20135PE.NFO,07/01/2020,09:33:42,1.5,1.45,30000,1.55,18000,0,774000
RECLTD30Jan20135PE.NFO,07/01/2020,09:34:27,1.5,1.45,30000,1.55,36000,0,774000
RECLTD30Jan20135PE.NFO,07/01/2020,09:34:33,1.5,1.45,36000,1.55,12000,0,774000
RECLTD30Jan20135PE.NFO,07/01/2020,09:34:46,1.5,1.45,42000,1.55,12000,0,774000
RECLTD30Jan20135PE.NFO,07/01/2020,09:34:57,1.5,1.45,42000,1.6,54000,0,774000
RECLTD30Jan20135PE.NFO,07/01/2020,09:35:43,1.5,1.5,54000,1.6,30000,0,774000
RECLTD30Jan20135PE.NFO,07/01/2020,09:35:59,1.5,1.5,60000,1.6,30000,0,774000
RECLTD30Jan20135PE.NFO,07/01/2020,09:36:05,1.5,1.5,54000,1.6,30000,0,774000
RECLTD30Jan20135PE.NFO,07/01/2020,09:36:35,1.5,1.5,24000,1.6,42000,0,774000
RECLTD30Jan20135PE.NFO,07/01/2020,09:36:45,1.5,1.5,18000,1.6,42000,0,774000
RECLTD30Jan20135PE.NFO,07/01/2020,09:38:13,1.5,1.5,24000,1.6,42000,0,774000
RECLTD30Jan20135PE.NFO,07/01/2020,09:38:32,1.5,1.5,24000,1.6,36000,0,774000
RECLTD30Jan20135PE.NFO,07/01/2020,09:38:47,1.6,1.5,54000,1.6,6000,18000,738000
RECLTD30Jan20135PE.NFO,07/01/2020,09:38:57,1.6,1.5,54000,1.6,6000,0,738000
RECLTD30Jan20135PE.NFO,07/01/2020,09:39:02,1.6,1.5,54000,1.6,12000,0,738000
RECLTD30Jan20135PE.NFO,07/01/2020,09:39:18,1.6,1.5,54000,1.6,18000,0,738000
RECLTD30Jan20135PE.NFO,07/01/2020,09:39:33,1.6,1.5,42000,1.6,12000,0,738000
RECLTD30Jan20135PE.NFO,07/01/2020,09:39:38,1.6,1.5,48000,1.6,12000,0,738000
RECLTD30Jan20135PE.NFO,07/01/2020,09:39:50,1.6,1.5,48000,1.6,30000,0,738000
RECLTD30Jan20135PE.NFO,07/01/2020,09:39:55,1.6,1.5,36000,1.6,36000,0,738000
RECLTD30Jan20135PE.NFO,07/01/2020,09:40:05,1.6,1.5,42000,1.6,36000,0,738000
RECLTD30Jan20135PE.NFO,07/01/2020,09:40:18,1.6,1.5,36000,1.6,36000,0,738000
RECLTD30Jan20135PE.NFO,07/01/2020,09:40:35,1.6,1.5,42000,1.6,36000,0,738000
RECLTD30Jan20135PE.NFO,07/01/2020,09:40:40,1.6,1.5,42000,1.6,30000,0,738000
RECLTD30Jan20135PE.NFO,07/01/2020,09:40:51,1.6,1.5,36000,1.6,30000,0,738000
RECLTD30Jan20135PE.NFO,07/01/2020,09:40:57,1.6,1.5,42000,1.6,30000,0,738000
RECLTD30Jan20135PE.NFO,07/01/2020,09:41:02,1.6,1.5,42000,1.6,36000,0,738000
RECLTD30Jan20135PE.NFO,07/01/2020,09:41:08,1.6,1.5,54000,1.6,30000,0,738000
RECLTD30Jan20135PE.NFO,07/01/2020,09:42:10,1.6,1.5,54000,1.6,6000,0,738000
RECLTD30Jan20135PE.NFO,07/01/2020,09:42:24,1.6,1.5,54000,1.65,48000,0,738000
RECLTD30Jan20135PE.NFO,07/01/2020,09:42:37,1.6,1.55,18000,1.65,42000,0,738000
RECLTD30Jan20135PE.NFO,07/01/2020,09:42:44,1.6,1.55,12000,1.65,42000,0,738000
RECLTD30Jan20135PE.NFO,07/01/2020,09:42:58,1.6,1.55,18000,1.65,42000,0,738000
RECLTD30Jan20135PE.NFO,07/01/2020,09:43:04,1.6,1.55,24000,1.65,42000,0,738000
RECLTD30Jan20135PE.NFO,07/01/2020,09:43:09,1.6,1.55,18000,1.65,42000,0,738000
RECLTD30Jan20135PE.NFO,07/01/2020,09:43:18,1.6,1.55,36000,1.65,42000,0,738000
RECLTD30Jan20135PE.NFO,07/01/2020,09:43:24,1.6,1.55,42000,1.65,42000,0,738000
RECLTD30Jan20135PE.NFO,07/01/2020,09:43:30,1.6,1.55,48000,1.65,42000,0,738000
RECLTD30Jan20135PE.NFO,07/01/2020,09:43:34,1.6,1.55,48000,1.65,36000,0,738000
RECLTD30Jan20135PE.NFO,07/01/2020,09:43:39,1.6,1.55,30000,1.65,36000,0,738000
RECLTD30Jan20135PE.NFO,07/01/2020,09:43:50,1.6,1.55,42000,1.65,36000,0,738000
RECLTD30Jan20135PE.NFO,07/01/2020,09:43:55,1.6,1.55,36000,1.65,36000,0,738000
RECLTD30Jan20135PE.NFO,07/01/2020,09:44:01,1.6,1.55,30000,1.65,36000,0,738000
RECLTD30Jan20135PE.NFO,07/01/2020,09:44:13,1.6,1.5,72000,1.6,36000,0,738000
RECLTD30Jan20135PE.NFO,07/01/2020,09:44:38,1.6,1.5,60000,1.6,42000,0,738000
RECLTD30Jan20135PE.NFO,07/01/2020,09:45:11,1.6,1.5,60000,1.6,36000,0,738000
RECLTD30Jan20135PE.NFO,07/01/2020,09:45:19,1.6,1.5,60000,1.6,42000,0,738000
RECLTD30Jan20135PE.NFO,07/01/2020,09:45:58,1.6,1.5,66000,1.6,42000,0,738000
RECLTD30Jan20135PE.NFO,07/01/2020,09:46:25,1.6,1.5,60000,1.6,42000,0,738000
RECLTD30Jan20135PE.NFO,07/01/2020,09:46:31,1.6,1.5,66000,1.6,42000,0,738000
RECLTD30Jan20135PE.NFO,07/01/2020,09:46:43,1.6,1.55,48000,1.7,42000,30000,756000
RECLTD30Jan20135PE.NFO,07/01/2020,09:46:59,1.6,1.55,60000,1.7,48000,0,756000
RECLTD30Jan20135PE.NFO,07/01/2020,09:47:04,1.6,1.55,66000,1.7,6000,0,756000
RECLTD30Jan20135PE.NFO,07/01/2020,09:47:28,1.6,1.55,60000,1.7,36000,0,756000
RECLTD30Jan20135PE.NFO,07/01/2020,09:47:36,1.6,1.55,60000,1.7,42000,0,756000
RECLTD30Jan20135PE.NFO,07/01/2020,09:48:05,1.6,1.55,48000,1.7,48000,0,756000
RECLTD30Jan20135PE.NFO,07/01/2020,09:48:09,1.6,1.55,48000,1.65,6000,0,756000
RECLTD30Jan20135PE.NFO,07/01/2020,09:48:24,1.6,1.55,48000,1.65,12000,0,756000
RECLTD30Jan20135PE.NFO,07/01/2020,09:48:29,1.6,1.55,48000,1.7,42000,0,756000
RECLTD30Jan20135PE.NFO,07/01/2020,09:48:41,1.6,1.55,54000,1.7,42000,0,756000
RECLTD30Jan20135PE.NFO,07/01/2020,09:49:12,1.6,1.55,54000,1.7,48000,0,756000
RECLTD30Jan20135PE.NFO,07/01/2020,09:49:50,1.6,1.55,54000,1.7,54000,0,756000
RECLTD30Jan20135PE.NFO,07/01/2020,09:49:55,1.6,1.6,6000,1.7,48000,0,756000
RECLTD30Jan20135PE.NFO,07/01/2020,09:50:15,1.6,1.6,6000,1.7,42000,0,756000
RECLTD30Jan20135PE.NFO,07/01/2020,09:50:20,1.6,1.6,6000,1.7,48000,0,756000
RECLTD30Jan20135PE.NFO,07/01/2020,09:51:02,1.6,1.6,6000,1.7,42000,0,756000
RECLTD30Jan20135PE.NFO,07/01/2020,09:51:08,1.6,1.6,6000,1.7,48000,0,756000
RECLTD30Jan20135PE.NFO,07/01/2020,09:51:13,1.6,1.6,6000,1.7,42000,0,756000
RECLTD30Jan20135PE.NFO,07/01/2020,09:52:08,1.6,1.6,12000,1.7,42000,0,756000
RECLTD30Jan20135PE.NFO,07/01/2020,09:52:13,1.6,1.6,30000,1.7,48000,0,756000
RECLTD30Jan20135PE.NFO,07/01/2020,09:52:51,1.6,1.6,30000,1.7,30000,0,756000
RECLTD30Jan20135PE.NFO,07/01/2020,09:52:56,1.6,1.6,42000,1.7,30000,0,756000
RECLTD30Jan20135PE.NFO,07/01/2020,09:53:01,1.6,1.6,36000,1.7,12000,0,756000
RECLTD30Jan20135PE.NFO,07/01/2020,09:53:34,1.6,1.65,18000,1.7,6000,0,756000
RECLTD30Jan20135PE.NFO,07/01/2020,09:53:39,1.6,1.65,24000,1.7,6000,0,756000
RECLTD30Jan20135PE.NFO,07/01/2020,09:53:49,1.6,1.65,24000,1.7,12000,0,756000
RECLTD30Jan20135PE.NFO,07/01/2020,09:54:15,1.6,1.65,6000,1.7,12000,0,756000
RECLTD30Jan20135PE.NFO,07/01/2020,09:54:26,1.6,1.65,6000,1.7,6000,0,756000
RECLTD30Jan20135PE.NFO,07/01/2020,09:55:12,1.6,1.6,42000,1.7,12000,0,756000
RECLTD30Jan20135PE.NFO,07/01/2020,09:55:29,1.6,1.6,42000,1.7,18000,0,756000
RECLTD30Jan20135PE.NFO,07/01/2020,09:55:44,1.6,1.6,36000,1.7,12000,0,756000
RECLTD30Jan20135PE.NFO,07/01/2020,09:56:06,1.6,1.6,36000,1.7,18000,0,756000
RECLTD30Jan20135PE.NFO,07/01/2020,09:56:13,1.6,1.6,42000,1.7,18000,0,756000
RECLTD30Jan20135PE.NFO,07/01/2020,09:56:20,1.6,1.6,42000,1.7,12000,0,756000
RECLTD30Jan20135PE.NFO,07/01/2020,09:56:33,1.6,1.6,36000,1.7,12000,0,756000
RECLTD30Jan20135PE.NFO,07/01/2020,09:56:38,1.6,1.6,42000,1.7,12000,0,756000
RECLTD30Jan20135PE.NFO,07/01/2020,09:56:43,1.6,1.6,42000,1.7,18000,0,756000
RECLTD30Jan20135PE.NFO,07/01/2020,09:56:47,1.6,1.6,42000,1.7,12000,0,756000
RECLTD30Jan20135PE.NFO,07/01/2020,09:57:05,1.6,1.6,42000,1.7,18000,0,756000
RECLTD30Jan20135PE.NFO,07/01/2020,09:57:10,1.6,1.6,42000,1.7,12000,0,756000
RECLTD30Jan20135PE.NFO,07/01/2020,09:57:15,1.6,1.6,42000,1.7,6000,0,756000
RECLTD30Jan20135PE.NFO,07/01/2020,09:57:37,1.6,1.6,36000,1.7,18000,0,756000
RECLTD30Jan20135PE.NFO,07/01/2020,09:57:45,1.6,1.6,36000,1.7,24000,0,756000
RECLTD30Jan20135PE.NFO,07/01/2020,09:57:50,1.6,1.6,36000,1.7,18000,0,756000
RECLTD30Jan20135PE.NFO,07/01/2020,09:58:09,1.6,1.6,36000,1.7,24000,0,756000
RECLTD30Jan20135PE.NFO,07/01/2020,09:58:14,1.6,1.6,42000,1.7,12000,0,756000
RECLTD30Jan20135PE.NFO,07/01/2020,09:58:53,1.7,1.7,24000,1.8,36000,6000,756000
RECLTD30Jan20135PE.NFO,07/01/2020,09:58:59,1.7,1.7,18000,1.8,42000,0,756000
RECLTD30Jan20135PE.NFO,07/01/2020,09:59:05,1.7,1.7,18000,1.8,36000,0,756000
RECLTD30Jan20135PE.NFO,07/01/2020,09:59:11,1.7,1.7,24000,1.8,18000,0,756000
RECLTD30Jan20135PE.NFO,07/01/2020,09:59:29,1.7,1.7,30000,1.8,18000,0,756000
RECLTD30Jan20135PE.NFO,07/01/2020,09:59:34,1.7,1.7,36000,1.85,42000,0,756000
RECLTD30Jan20135PE.NFO,07/01/2020,09:59:52,1.7,1.7,30000,1.8,12000,0,756000
RECLTD30Jan20135PE.NFO,07/01/2020,10:00:09,1.8,1.7,30000,1.8,12000,6000,732000
RECLTD30Jan20135PE.NFO,07/01/2020,10:00:20,1.8,1.7,30000,1.8,12000,0,732000
RECLTD30Jan20135PE.NFO,07/01/2020,10:00:26,1.8,1.7,36000,1.8,12000,0,732000
RECLTD30Jan20135PE.NFO,07/01/2020,10:00:35,1.8,1.75,6000,1.85,42000,0,732000
RECLTD30Jan20135PE.NFO,07/01/2020,10:00:46,1.8,1.75,30000,1.85,12000,0,732000
RECLTD30Jan20135PE.NFO,07/01/2020,10:00:59,1.8,1.75,24000,1.85,24000,0,732000
RECLTD30Jan20135PE.NFO,07/01/2020,10:01:12,1.8,1.75,30000,1.85,24000,0,732000
RECLTD30Jan20135PE.NFO,07/01/2020,10:01:19,1.8,1.8,6000,1.85,12000,0,732000
RECLTD30Jan20135PE.NFO,07/01/2020,10:01:31,1.8,1.8,6000,1.85,6000,0,732000
RECLTD30Jan20135PE.NFO,07/01/2020,10:01:36,1.8,1.75,36000,1.85,18000,0,732000
RECLTD30Jan20135PE.NFO,07/01/2020,10:01:48,1.8,1.75,36000,1.85,24000,0,732000
RECLTD30Jan20135PE.NFO,07/01/2020,10:01:54,1.8,1.75,30000,1.85,24000,0,732000
RECLTD30Jan20135PE.NFO,07/01/2020,10:02:16,1.8,1.75,30000,1.85,42000,0,732000
RECLTD30Jan20135PE.NFO,07/01/2020,10:02:26,1.8,1.8,6000,1.85,6000,0,732000
RECLTD30Jan20135PE.NFO,07/01/2020,10:02:31,1.8,1.75,36000,1.85,18000,0,732000
RECLTD30Jan20135PE.NFO,07/01/2020,10:02:36,1.8,1.75,30000,1.8,6000,0,732000
RECLTD30Jan20135PE.NFO,07/01/2020,10:02:46,1.8,1.75,6000,1.8,6000,0,732000
RECLTD30Jan20135PE.NFO,07/01/2020,10:03:46,1.8,1.75,6000,1.8,12000,0,732000
RECLTD30Jan20135PE.NFO,07/01/2020,10:04:08,1.8,1.7,36000,1.8,30000,0,732000
RECLTD30Jan20135PE.NFO,07/01/2020,10:04:29,1.8,1.7,36000,1.8,24000,0,732000
RECLTD30Jan20135PE.NFO,07/01/2020,10:04:45,1.8,1.75,6000,1.85,48000,0,732000
RECLTD30Jan20135PE.NFO,07/01/2020,10:04:55,1.8,1.7,42000,1.8,12000,0,732000
RECLTD30Jan20135PE.NFO,07/01/2020,10:05:00,1.85,1.8,24000,1.85,6000,12000,732000
RECLTD30Jan20135PE.NFO,07/01/2020,10:05:06,1.85,1.8,24000,1.85,6000,0,732000
RECLTD30Jan20135PE.NFO,07/01/2020,10:05:11,1.85,1.8,24000,1.85,24000,0,732000
RECLTD30Jan20135PE.NFO,07/01/2020,10:05:30,1.85,1.8,42000,1.9,18000,6000,744000
RECLTD30Jan20135PE.NFO,07/01/2020,10:05:49,1.85,1.8,48000,1.9,24000,0,744000
RECLTD30Jan20135PE.NFO,07/01/2020,10:06:06,1.85,1.8,42000,1.9,36000,0,744000
RECLTD30Jan20135PE.NFO,07/01/2020,10:06:13,1.85,1.8,36000,1.9,36000,0,744000
RECLTD30Jan20135PE.NFO,07/01/2020,10:06:19,1.85,1.8,42000,1.9,36000,0,744000
RECLTD30Jan20135PE.NFO,07/01/2020,10:06:25,1.85,1.8,30000,1.85,12000,0,744000
RECLTD30Jan20135PE.NFO,07/01/2020,10:06:40,1.85,1.8,42000,1.9,54000,0,744000
RECLTD30Jan20135PE.NFO,07/01/2020,10:06:45,1.85,1.8,36000,1.85,12000,0,744000
RECLTD30Jan20135PE.NFO,07/01/2020,10:06:51,1.85,1.8,30000,1.85,12000,0,744000
RECLTD30Jan20135PE.NFO,07/01/2020,10:07:00,1.85,1.8,24000,1.85,12000,0,744000
RECLTD30Jan20135PE.NFO,07/01/2020,10:07:06,1.85,1.8,24000,1.9,42000,0,744000
RECLTD30Jan20135PE.NFO,07/01/2020,10:07:22,1.85,1.75,42000,1.85,6000,0,744000
RECLTD30Jan20135PE.NFO,07/01/2020,10:07:28,1.85,1.75,36000,1.85,6000,0,744000
RECLTD30Jan20135PE.NFO,07/01/2020,10:07:47,1.85,1.75,36000,1.85,12000,0,744000
RECLTD30Jan20135PE.NFO,07/01/2020,10:09:01,1.85,1.75,36000,1.9,54000,0,744000
RECLTD30Jan20135PE.NFO,07/01/2020,10:09:11,1.85,1.8,6000,1.9,54000,0,744000
RECLTD30Jan20135PE.NFO,07/01/2020,10:09:33,1.85,1.8,18000,1.9,48000,0,744000
RECLTD30Jan20135PE.NFO,07/01/2020,10:09:58,1.85,1.8,6000,1.9,48000,0,744000
RECLTD30Jan20135PE.NFO,07/01/2020,10:10:12,1.85,1.8,6000,1.9,54000,0,744000
RECLTD30Jan20135PE.NFO,07/01/2020,10:10:18,1.85,1.85,18000,1.9,36000,6000,750000
RECLTD30Jan20135PE.NFO,07/01/2020,10:10:23,1.85,1.85,18000,1.9,36000,0,750000
RECLTD30Jan20135PE.NFO,07/01/2020,10:12:51,1.85,1.8,42000,1.9,36000,0,750000
RECLTD30Jan20135PE.NFO,07/01/2020,10:12:57,1.85,1.8,36000,1.9,36000,0,750000
RECLTD30Jan20135PE.NFO,07/01/2020,10:13:08,1.85,1.85,24000,1.9,36000,0,750000
RECLTD30Jan20135PE.NFO,07/01/2020,10:13:15,1.85,1.8,24000,1.85,6000,24000,750000
RECLTD30Jan20135PE.NFO,07/01/2020,10:13:21,1.85,1.75,60000,1.85,6000,0,750000
RECLTD30Jan20135PE.NFO,07/01/2020,10:13:34,1.85,1.75,54000,1.85,6000,0,750000
RECLTD30Jan20135PE.NFO,07/01/2020,10:13:39,1.85,1.75,54000,1.85,12000,0,750000
RECLTD30Jan20135PE.NFO,07/01/2020,10:13:50,1.85,1.75,42000,1.85,30000,0,750000
RECLTD30Jan20135PE.NFO,07/01/2020,10:13:56,1.85,1.7,54000,1.85,30000,0,750000
RECLTD30Jan20135PE.NFO,07/01/2020,10:14:29,1.85,1.7,60000,1.85,30000,0,750000
RECLTD30Jan20135PE.NFO,07/01/2020,10:14:35,1.85,1.7,54000,1.85,30000,0,750000
RECLTD30Jan20135PE.NFO,07/01/2020,10:14:41,1.85,1.7,60000,1.85,30000,0,750000
RECLTD30Jan20135PE.NFO,07/01/2020,10:14:46,1.85,1.7,54000,1.85,30000,0,750000
RECLTD30Jan20135PE.NFO,07/01/2020,10:14:51,1.85,1.75,24000,1.85,30000,0,750000
RECLTD30Jan20135PE.NFO,07/01/2020,10:15:14,1.85,1.75,30000,1.85,30000,0,750000
RECLTD30Jan20135PE.NFO,07/01/2020,10:15:35,1.85,1.75,42000,1.85,30000,0,750000
RECLTD30Jan20135PE.NFO,07/01/2020,10:15:41,1.85,1.75,36000,1.85,30000,0,750000
RECLTD30Jan20135PE.NFO,07/01/2020,10:15:46,1.85,1.75,42000,1.85,30000,0,750000
RECLTD30Jan20135PE.NFO,07/01/2020,10:15:52,1.85,1.75,60000,1.85,24000,0,750000
RECLTD30Jan20135PE.NFO,07/01/2020,10:16:30,1.85,1.75,60000,1.85,30000,0,750000
RECLTD30Jan20135PE.NFO,07/01/2020,10:16:45,1.85,1.8,24000,1.85,6000,0,750000
RECLTD30Jan20135PE.NFO,07/01/2020,10:17:58,1.85,1.8,30000,1.85,12000,0,750000
RECLTD30Jan20135PE.NFO,07/01/2020,10:18:33,1.85,1.8,48000,1.9,42000,6000,780000
RECLTD30Jan20135PE.NFO,07/01/2020,10:18:58,1.85,1.8,72000,1.9,36000,0,780000
RECLTD30Jan20135PE.NFO,07/01/2020,10:19:07,1.85,1.85,36000,1.9,30000,0,780000
RECLTD30Jan20135PE.NFO,07/01/2020,10:19:25,1.85,1.85,30000,1.9,54000,0,780000
RECLTD30Jan20135PE.NFO,07/01/2020,10:19:29,1.85,1.85,30000,1.9,36000,0,780000
RECLTD30Jan20135PE.NFO,07/01/2020,10:19:33,1.85,1.8,30000,1.9,48000,12000,780000
RECLTD30Jan20135PE.NFO,07/01/2020,10:19:37,1.85,1.8,30000,1.9,48000,0,780000
RECLTD30Jan20135PE.NFO,07/01/2020,10:19:47,1.85,1.75,78000,1.85,24000,0,780000
RECLTD30Jan20135PE.NFO,07/01/2020,10:20:08,1.85,1.75,78000,1.85,6000,0,780000
RECLTD30Jan20135PE.NFO,07/01/2020,10:20:22,1.85,1.75,78000,1.85,12000,0,780000
RECLTD30Jan20135PE.NFO,07/01/2020,10:20:31,1.85,1.75,72000,1.85,36000,0,780000
RECLTD30Jan20135PE.NFO,07/01/2020,10:20:36,1.85,1.75,72000,1.85,12000,0,780000
RECLTD30Jan20135PE.NFO,07/01/2020,10:20:52,1.85,1.75,54000,1.85,36000,0,780000
RECLTD30Jan20135PE.NFO,07/01/2020,10:20:56,1.85,1.75,54000,1.8,18000,0,780000
RECLTD30Jan20135PE.NFO,07/01/2020,10:21:01,1.85,1.75,54000,1.8,24000,0,780000
RECLTD30Jan20135PE.NFO,07/01/2020,10:21:06,1.85,1.75,24000,1.85,42000,0,780000
RECLTD30Jan20135PE.NFO,07/01/2020,10:21:15,1.85,1.75,60000,1.85,42000,0,780000
RECLTD30Jan20135PE.NFO,07/01/2020,10:21:53,1.85,1.75,78000,1.85,42000,0,780000
RECLTD30Jan20135PE.NFO,07/01/2020,10:21:58,1.85,1.75,84000,1.85,42000,0,780000
RECLTD30Jan20135PE.NFO,07/01/2020,10:22:12,1.85,1.75,72000,1.85,42000,0,780000
RECLTD30Jan20135PE.NFO,07/01/2020,10:22:25,1.85,1.75,84000,1.85,42000,0,780000
RECLTD30Jan20135PE.NFO,07/01/2020,10:22:29,1.85,1.75,78000,1.85,42000,0,780000
RECLTD30Jan20135PE.NFO,07/01/2020,10:22:43,1.85,1.75,96000,1.85,6000,0,780000
RECLTD30Jan20135PE.NFO,07/01/2020,10:22:50,1.85,1.75,96000,1.85,12000,0,780000
RECLTD30Jan20135PE.NFO,07/01/2020,10:23:07,1.85,1.75,102000,1.85,12000,0,780000
RECLTD30Jan20135PE.NFO,07/01/2020,10:23:17,1.85,1.75,84000,1.85,18000,0,780000
RECLTD30Jan20135PE.NFO,07/01/2020,10:24:38,1.85,1.75,84000,1.85,12000,0,780000
RECLTD30Jan20135PE.NFO,07/01/2020,10:24:47,1.85,1.75,78000,1.85,12000,0,780000
RECLTD30Jan20135PE.NFO,07/01/2020,10:24:55,1.85,1.75,84000,1.85,18000,0,780000
RECLTD30Jan20135PE.NFO,07/01/2020,10:25:04,1.85,1.8,30000,1.85,12000,0,780000
RECLTD30Jan20135PE.NFO,07/01/2020,10:25:50,1.85,1.8,36000,1.85,12000,24000,774000
RECLTD30Jan20135PE.NFO,07/01/2020,10:25:55,1.85,1.8,36000,1.85,12000,0,774000
RECLTD30Jan20135PE.NFO,07/01/2020,10:26:00,1.85,1.8,36000,1.9,48000,12000,774000
RECLTD30Jan20135PE.NFO,07/01/2020,10:26:05,1.85,1.8,36000,1.9,36000,12000,774000
RECLTD30Jan20135PE.NFO,07/01/2020,10:26:19,1.85,1.85,24000,1.9,36000,0,774000
RECLTD30Jan20135PE.NFO,07/01/2020,10:27:24,1.85,1.75,60000,1.85,24000,24000,774000
RECLTD30Jan20135PE.NFO,07/01/2020,10:27:28,1.85,1.75,66000,1.85,36000,0,774000
RECLTD30Jan20135PE.NFO,07/01/2020,10:27:36,1.85,1.75,72000,1.85,36000,0,774000
RECLTD30Jan20135PE.NFO,07/01/2020,10:27:45,1.85,1.75,84000,1.85,24000,18000,774000
RECLTD30Jan20135PE.NFO,07/01/2020,10:27:53,1.85,1.8,6000,1.9,30000,0,774000
RECLTD30Jan20135PE.NFO,07/01/2020,10:28:06,1.85,1.8,36000,1.9,30000,0,774000
RECLTD30Jan20135PE.NFO,07/01/2020,10:29:15,1.85,1.8,6000,1.9,30000,0,774000
RECLTD30Jan20135PE.NFO,07/01/2020,10:31:18,1.85,1.8,36000,1.9,30000,0,774000
RECLTD30Jan20135PE.NFO,07/01/2020,10:31:26,1.85,1.8,42000,1.9,30000,0,774000
RECLTD30Jan20135PE.NFO,07/01/2020,10:32:39,1.85,1.8,60000,1.9,30000,0,774000
RECLTD30Jan20135PE.NFO,07/01/2020,10:32:49,1.85,1.8,60000,1.9,36000,0,774000
RECLTD30Jan20135PE.NFO,07/01/2020,10:33:45,1.85,1.8,60000,1.9,30000,0,774000
RECLTD30Jan20135PE.NFO,07/01/2020,10:34:11,1.85,1.8,84000,1.9,30000,0,774000
RECLTD30Jan20135PE.NFO,07/01/2020,10:34:19,1.85,1.8,78000,1.9,30000,0,774000
RECLTD30Jan20135PE.NFO,07/01/2020,10:34:35,1.85,1.85,36000,1.9,30000,0,774000
RECLTD30Jan20135PE.NFO,07/01/2020,10:34:39,1.85,1.8,78000,1.9,36000,0,774000
RECLTD30Jan20135PE.NFO,07/01/2020,10:34:53,1.85,1.8,66000,1.9,36000,0,774000
RECLTD30Jan20135PE.NFO,07/01/2020,10:34:58,1.85,1.8,60000,1.9,36000,0,774000
RECLTD30Jan20135PE.NFO,07/01/2020,10:35:32,1.85,1.8,78000,1.9,36000,0,774000
RECLTD30Jan20135PE.NFO,07/01/2020,10:35:56,1.85,1.8,84000,1.9,12000,0,774000
RECLTD30Jan20135PE.NFO,07/01/2020,10:36:33,1.85,1.8,84000,1.9,18000,0,774000
RECLTD30Jan20135PE.NFO,07/01/2020,10:37:38,1.9,1.85,96000,2,42000,12000,756000
RECLTD30Jan20135PE.NFO,07/01/2020,10:37:43,1.9,1.85,102000,2,42000,0,756000
RECLTD30Jan20135PE.NFO,07/01/2020,10:37:57,1.9,1.85,102000,1.95,12000,0,756000
RECLTD30Jan20135PE.NFO,07/01/2020,10:38:23,1.9,1.85,108000,1.95,12000,0,756000
RECLTD30Jan20135PE.NFO,07/01/2020,10:38:27,1.9,1.85,102000,1.95,12000,0,756000
RECLTD30Jan20135PE.NFO,07/01/2020,10:38:47,1.9,1.85,90000,1.95,18000,0,756000
RECLTD30Jan20135PE.NFO,07/01/2020,10:39:00,1.9,1.85,72000,1.95,30000,0,756000
RECLTD30Jan20135PE.NFO,07/01/2020,10:39:05,1.9,1.85,90000,1.95,30000,0,756000
RECLTD30Jan20135PE.NFO,07/01/2020,10:39:18,1.9,1.85,96000,1.95,30000,0,756000
RECLTD30Jan20135PE.NFO,07/01/2020,10:39:40,1.9,1.9,30000,1.95,12000,0,756000
RECLTD30Jan20135PE.NFO,07/01/2020,10:40:00,1.9,1.85,84000,1.95,18000,0,756000
RECLTD30Jan20135PE.NFO,07/01/2020,10:40:04,1.9,1.9,30000,1.95,36000,0,756000
RECLTD30Jan20135PE.NFO,07/01/2020,10:40:23,1.9,1.9,30000,1.95,6000,0,756000
RECLTD30Jan20135PE.NFO,07/01/2020,10:40:46,1.9,1.9,30000,1.95,12000,0,756000
RECLTD30Jan20135PE.NFO,07/01/2020,10:41:26,1.9,1.9,30000,1.95,18000,0,756000
RECLTD30Jan20135PE.NFO,07/01/2020,10:41:32,1.9,1.9,30000,1.95,12000,0,756000
RECLTD30Jan20135PE.NFO,07/01/2020,10:43:20,1.9,1.9,24000,1.95,12000,6000,720000
RECLTD30Jan20135PE.NFO,07/01/2020,10:43:53,1.9,1.9,24000,1.95,12000,0,720000
RECLTD30Jan20135PE.NFO,07/01/2020,10:45:00,1.9,1.9,24000,1.95,18000,0,720000
RECLTD30Jan20135PE.NFO,07/01/2020,10:45:10,1.9,1.9,24000,1.95,12000,0,720000
RECLTD30Jan20135PE.NFO,07/01/2020,10:45:20,1.9,1.9,24000,1.95,6000,0,720000
RECLTD30Jan20135PE.NFO,07/01/2020,10:45:53,1.9,1.9,24000,1.95,12000,0,720000
RECLTD30Jan20135PE.NFO,07/01/2020,10:46:15,1.9,1.9,24000,1.95,18000,0,720000
RECLTD30Jan20135PE.NFO,07/01/2020,10:47:00,1.9,1.9,24000,1.95,12000,0,720000
RECLTD30Jan20135PE.NFO,07/01/2020,10:47:03,1.9,1.9,24000,1.95,6000,0,720000
RECLTD30Jan20135PE.NFO,07/01/2020,10:47:15,1.9,1.9,24000,1.95,12000,0,720000
RECLTD30Jan20135PE.NFO,07/01/2020,10:47:33,1.9,1.9,24000,1.95,18000,0,720000
RECLTD30Jan20135PE.NFO,07/01/2020,10:47:48,1.9,1.85,36000,1.9,6000,12000,720000
RECLTD30Jan20135PE.NFO,07/01/2020,10:47:52,1.9,1.85,36000,1.95,48000,0,720000
RECLTD30Jan20135PE.NFO,07/01/2020,10:47:55,1.9,1.85,60000,1.95,48000,0,720000
RECLTD30Jan20135PE.NFO,07/01/2020,10:48:23,1.9,1.85,36000,1.95,48000,0,720000
RECLTD30Jan20135PE.NFO,07/01/2020,10:48:37,1.9,1.9,30000,1.95,12000,0,720000
RECLTD30Jan20135PE.NFO,07/01/2020,10:48:43,1.9,1.9,54000,1.95,6000,0,720000
RECLTD30Jan20135PE.NFO,07/01/2020,10:48:50,1.9,1.9,30000,1.95,6000,0,720000
RECLTD30Jan20135PE.NFO,07/01/2020,10:49:29,1.95,1.95,30000,2,30000,6000,720000
RECLTD30Jan20135PE.NFO,07/01/2020,10:49:32,1.95,1.9,66000,2,48000,0,720000
RECLTD30Jan20135PE.NFO,07/01/2020,10:49:47,1.95,1.95,30000,2,30000,0,720000
RECLTD30Jan20135PE.NFO,07/01/2020,10:50:32,2,1.95,84000,2.05,30000,6000,726000
RECLTD30Jan20135PE.NFO,07/01/2020,10:50:37,2,1.95,84000,2.05,30000,0,726000
RECLTD30Jan20135PE.NFO,07/01/2020,10:50:43,2,1.95,78000,2.05,48000,0,726000
RECLTD30Jan20135PE.NFO,07/01/2020,10:51:52,2,1.95,60000,2.05,48000,0,726000
RECLTD30Jan20135PE.NFO,07/01/2020,10:52:13,2,2,30000,2.05,36000,0,726000
RECLTD30Jan20135PE.NFO,07/01/2020,10:52:23,2,1.95,60000,2.05,48000,0,726000
RECLTD30Jan20135PE.NFO,07/01/2020,10:53:04,2,2,30000,2.05,36000,0,726000
RECLTD30Jan20135PE.NFO,07/01/2020,10:53:10,2,2,30000,2.05,30000,0,726000
RECLTD30Jan20135PE.NFO,07/01/2020,10:53:16,2,2.05,30000,2.1,24000,0,726000
RECLTD30Jan20135PE.NFO,07/01/2020,10:53:23,2,2.05,30000,2.1,30000,0,726000
RECLTD30Jan20135PE.NFO,07/01/2020,10:53:45,2.05,2.05,24000,2.1,30000,6000,726000
RECLTD30Jan20135PE.NFO,07/01/2020,10:53:58,2.05,2.05,24000,2.1,30000,0,726000
RECLTD30Jan20135PE.NFO,07/01/2020,10:54:22,2.05,2.05,18000,2.1,24000,6000,726000
RECLTD30Jan20135PE.NFO,07/01/2020,10:54:27,2.05,2.05,24000,2.15,42000,0,726000
RECLTD30Jan20135PE.NFO,07/01/2020,10:55:26,2.1,2.1,24000,2.15,42000,6000,726000
RECLTD30Jan20135PE.NFO,07/01/2020,10:55:31,2.1,2.1,24000,2.15,42000,0,726000
RECLTD30Jan20135PE.NFO,07/01/2020,10:55:37,2.1,2.05,48000,2.15,36000,24000,726000
RECLTD30Jan20135PE.NFO,07/01/2020,10:55:46,2.1,2.05,18000,2.15,36000,0,726000
RECLTD30Jan20135PE.NFO,07/01/2020,10:56:11,2.1,2,54000,2.1,12000,0,726000
RECLTD30Jan20135PE.NFO,07/01/2020,10:56:58,2.1,2,24000,2.1,12000,0,726000
RECLTD30Jan20135PE.NFO,07/01/2020,10:57:32,2.1,2,60000,2.1,6000,0,726000
RECLTD30Jan20135PE.NFO,07/01/2020,10:57:50,2.1,2,54000,2.1,6000,0,726000
RECLTD30Jan20135PE.NFO,07/01/2020,10:58:41,2.1,2.05,30000,2.15,12000,0,726000
RECLTD30Jan20135PE.NFO,07/01/2020,10:58:58,2.1,2.05,24000,2.15,12000,0,726000
RECLTD30Jan20135PE.NFO,07/01/2020,10:59:15,2.1,2,48000,2.1,30000,0,726000
RECLTD30Jan20135PE.NFO,07/01/2020,10:59:47,2.1,2,42000,2.1,30000,0,726000
RECLTD30Jan20135PE.NFO,07/01/2020,11:00:15,2.1,2.05,12000,2.1,12000,0,726000
RECLTD30Jan20135PE.NFO,07/01/2020,11:00:36,2.1,2.05,48000,2.15,36000,0,726000
RECLTD30Jan20135PE.NFO,07/01/2020,11:00:56,2.1,2.05,48000,2.15,24000,0,726000
RECLTD30Jan20135PE.NFO,07/01/2020,11:01:19,2.1,2.1,12000,2.2,36000,0,726000
RECLTD30Jan20135PE.NFO,07/01/2020,11:01:27,2.1,2.1,24000,2.2,36000,0,726000
RECLTD30Jan20135PE.NFO,07/01/2020,11:01:41,2.1,2.1,18000,2.2,36000,0,726000
RECLTD30Jan20135PE.NFO,07/01/2020,11:01:57,2.1,2.05,48000,2.15,12000,0,726000
RECLTD30Jan20135PE.NFO,07/01/2020,11:02:04,2.1,2.05,54000,2.15,12000,0,726000
RECLTD30Jan20135PE.NFO,07/01/2020,11:02:25,2.1,2.05,24000,2.15,12000,0,726000
RECLTD30Jan20135PE.NFO,07/01/2020,11:02:32,2.1,2.05,48000,2.15,12000,0,726000
RECLTD30Jan20135PE.NFO,07/01/2020,11:02:39,2.1,2.05,54000,2.15,12000,0,726000
RECLTD30Jan20135PE.NFO,07/01/2020,11:02:44,2.1,2.05,48000,2.15,12000,0,726000
RECLTD30Jan20135PE.NFO,07/01/2020,11:02:50,2.1,2.05,54000,2.15,12000,0,726000
RECLTD30Jan20135PE.NFO,07/01/2020,11:03:11,2.1,2.05,60000,2.15,12000,0,726000
RECLTD30Jan20135PE.NFO,07/01/2020,11:04:23,2.1,2.1,36000,2.15,6000,0,726000
RECLTD30Jan20135PE.NFO,07/01/2020,11:04:29,2.1,2.1,12000,2.15,12000,0,726000
RECLTD30Jan20135PE.NFO,07/01/2020,11:04:43,2.1,2.1,42000,2.2,24000,0,726000
RECLTD30Jan20135PE.NFO,07/01/2020,11:04:50,2.1,2.1,60000,2.2,12000,0,726000
RECLTD30Jan20135PE.NFO,07/01/2020,11:05:04,2.1,2.1,18000,2.2,24000,0,726000
RECLTD30Jan20135PE.NFO,07/01/2020,11:05:24,2.1,2.1,54000,2.2,6000,0,726000
RECLTD30Jan20135PE.NFO,07/01/2020,11:05:30,2.1,2.1,60000,2.2,6000,0,726000
RECLTD30Jan20135PE.NFO,07/01/2020,11:05:49,2.1,2.1,48000,2.2,12000,0,726000
RECLTD30Jan20135PE.NFO,07/01/2020,11:05:57,2.1,2.1,48000,2.2,24000,0,726000
RECLTD30Jan20135PE.NFO,07/01/2020,11:06:03,2.1,2.1,54000,2.2,24000,0,726000
RECLTD30Jan20135PE.NFO,07/01/2020,11:06:10,2.1,2.1,24000,2.2,24000,0,726000
RECLTD30Jan20135PE.NFO,07/01/2020,11:06:17,2.1,2.1,18000,2.2,24000,0,726000
RECLTD30Jan20135PE.NFO,07/01/2020,11:06:45,2.1,2.1,18000,2.15,12000,0,726000
RECLTD30Jan20135PE.NFO,07/01/2020,11:06:56,2.1,2.1,18000,2.15,18000,0,726000
RECLTD30Jan20135PE.NFO,07/01/2020,11:07:02,2.1,2.1,6000,2.15,24000,0,726000
RECLTD30Jan20135PE.NFO,07/01/2020,11:08:08,2.1,2.1,36000,2.15,24000,0,726000
RECLTD30Jan20135PE.NFO,07/01/2020,11:08:18,2.1,2.1,6000,2.15,24000,0,726000
RECLTD30Jan20135PE.NFO,07/01/2020,11:08:33,2.1,2.05,48000,2.15,36000,6000,750000
RECLTD30Jan20135PE.NFO,07/01/2020,11:08:39,2.1,2.05,48000,2.15,36000,0,750000
RECLTD30Jan20135PE.NFO,07/01/2020,11:09:42,2.1,2.1,6000,2.15,30000,0,750000
RECLTD30Jan20135PE.NFO,07/01/2020,11:10:08,2.1,2.05,54000,2.15,24000,0,750000
RECLTD30Jan20135PE.NFO,07/01/2020,11:10:23,2.1,2.05,54000,2.15,36000,0,750000
RECLTD30Jan20135PE.NFO,07/01/2020,11:11:02,2.1,2.05,54000,2.15,24000,0,750000
RECLTD30Jan20135PE.NFO,07/01/2020,11:11:07,2.1,2.1,6000,2.15,12000,0,750000
RECLTD30Jan20135PE.NFO,07/01/2020,11:11:19,2.15,2.1,48000,2.15,6000,6000,750000
RECLTD30Jan20135PE.NFO,07/01/2020,11:11:26,2.15,2.1,60000,2.25,42000,6000,750000
RECLTD30Jan20135PE.NFO,07/01/2020,11:11:35,2.15,2.15,30000,2.25,24000,0,750000
RECLTD30Jan20135PE.NFO,07/01/2020,11:11:42,2.15,2.15,66000,2.25,18000,0,750000
RECLTD30Jan20135PE.NFO,07/01/2020,11:11:49,2.15,2.15,60000,2.25,18000,0,750000
RECLTD30Jan20135PE.NFO,07/01/2020,11:11:55,2.15,2.15,60000,2.25,6000,0,750000
RECLTD30Jan20135PE.NFO,07/01/2020,11:12:02,2.15,2.15,72000,2.25,12000,0,750000
RECLTD30Jan20135PE.NFO,07/01/2020,11:12:11,2.15,2.15,66000,2.25,12000,0,750000
RECLTD30Jan20135PE.NFO,07/01/2020,11:13:13,2.15,2.15,18000,2.25,36000,0,750000
RECLTD30Jan20135PE.NFO,07/01/2020,11:13:18,2.2,2.15,18000,2.25,36000,6000,744000
RECLTD30Jan20135PE.NFO,07/01/2020,11:13:29,2.2,2.15,18000,2.25,48000,0,744000
RECLTD30Jan20135PE.NFO,07/01/2020,11:13:47,2.2,2.1,54000,2.2,12000,0,744000
RECLTD30Jan20135PE.NFO,07/01/2020,11:13:53,2.2,2.1,54000,2.2,6000,0,744000
RECLTD30Jan20135PE.NFO,07/01/2020,11:13:58,2.2,2.1,48000,2.2,6000,0,744000
RECLTD30Jan20135PE.NFO,07/01/2020,11:14:47,2.2,2.1,54000,2.2,6000,0,744000
RECLTD30Jan20135PE.NFO,07/01/2020,11:14:52,2.2,2.1,60000,2.2,6000,0,744000
RECLTD30Jan20135PE.NFO,07/01/2020,11:15:03,2.2,2.1,60000,2.25,48000,0,744000
RECLTD30Jan20135PE.NFO,07/01/2020,11:15:16,2.2,2.1,60000,2.2,6000,0,744000
RECLTD30Jan20135PE.NFO,07/01/2020,11:15:27,2.2,2.1,54000,2.2,6000,0,744000
RECLTD30Jan20135PE.NFO,07/01/2020,11:15:32,2.2,2.15,12000,2.25,48000,0,744000
RECLTD30Jan20135PE.NFO,07/01/2020,11:16:11,2.2,2.15,42000,2.25,48000,0,744000
RECLTD30Jan20135PE.NFO,07/01/2020,11:16:17,2.2,2.15,12000,2.25,48000,0,744000
RECLTD30Jan20135PE.NFO,07/01/2020,11:17:10,2.2,2.15,36000,2.25,48000,0,744000
RECLTD30Jan20135PE.NFO,07/01/2020,11:17:16,2.2,2.15,42000,2.25,48000,0,744000
RECLTD30Jan20135PE.NFO,07/01/2020,11:17:38,2.2,2.15,12000,2.25,48000,0,744000
RECLTD30Jan20135PE.NFO,07/01/2020,11:17:45,2.2,2.15,12000,2.25,36000,0,744000
RECLTD30Jan20135PE.NFO,07/01/2020,11:18:38,2.2,2.15,42000,2.25,36000,0,744000
RECLTD30Jan20135PE.NFO,07/01/2020,11:18:46,2.2,2.15,12000,2.25,36000,0,744000
RECLTD30Jan20135PE.NFO,07/01/2020,11:19:16,2.2,2.1,30000,2.2,12000,0,744000
RECLTD30Jan20135PE.NFO,07/01/2020,11:19:25,2.2,2.15,6000,2.25,48000,0,744000
RECLTD30Jan20135PE.NFO,07/01/2020,11:19:33,2.2,2.15,6000,2.2,6000,0,744000
RECLTD30Jan20135PE.NFO,07/01/2020,11:19:44,2.2,2.1,54000,2.2,6000,0,744000
RECLTD30Jan20135PE.NFO,07/01/2020,11:19:50,2.2,2.1,54000,2.2,18000,0,744000
RECLTD30Jan20135PE.NFO,07/01/2020,11:20:07,2.2,2.1,54000,2.2,24000,0,744000
RECLTD30Jan20135PE.NFO,07/01/2020,11:20:13,2.2,2.1,48000,2.2,42000,0,744000
RECLTD30Jan20135PE.NFO,07/01/2020,11:20:19,2.2,2.1,42000,2.2,42000,0,744000
RECLTD30Jan20135PE.NFO,07/01/2020,11:20:35,2.2,2.1,48000,2.2,42000,0,744000
RECLTD30Jan20135PE.NFO,07/01/2020,11:20:46,2.2,2.1,54000,2.2,42000,0,744000
RECLTD30Jan20135PE.NFO,07/01/2020,11:20:58,2.2,2.1,48000,2.2,42000,0,744000
RECLTD30Jan20135PE.NFO,07/01/2020,11:21:03,2.2,2.1,42000,2.2,42000,0,744000
RECLTD30Jan20135PE.NFO,07/01/2020,11:21:18,2.2,2.1,18000,2.2,42000,0,744000
RECLTD30Jan20135PE.NFO,07/01/2020,11:21:22,2.2,2.1,12000,2.2,42000,0,744000
RECLTD30Jan20135PE.NFO,07/01/2020,11:21:32,2.2,2.1,48000,2.2,30000,0,744000
RECLTD30Jan20135PE.NFO,07/01/2020,11:22:34,2.2,2.05,48000,2.15,12000,0,744000
RECLTD30Jan20135PE.NFO,07/01/2020,11:22:42,2.2,2.1,6000,2.2,36000,0,744000
RECLTD30Jan20135PE.NFO,07/01/2020,11:22:56,2.2,2.05,48000,2.15,24000,0,744000
RECLTD30Jan20135PE.NFO,07/01/2020,11:23:00,2.2,2.05,48000,2.15,18000,0,744000
RECLTD30Jan20135PE.NFO,07/01/2020,11:23:05,2.2,2.05,48000,2.15,12000,0,744000
RECLTD30Jan20135PE.NFO,07/01/2020,11:23:14,2.2,2.05,48000,2.15,18000,0,744000
RECLTD30Jan20135PE.NFO,07/01/2020,11:23:24,2.2,2.05,48000,2.15,42000,0,744000
RECLTD30Jan20135PE.NFO,07/01/2020,11:23:29,2.2,2.05,42000,2.15,42000,0,744000
RECLTD30Jan20135PE.NFO,07/01/2020,11:23:33,2.2,2.05,48000,2.15,42000,0,744000
RECLTD30Jan20135PE.NFO,07/01/2020,11:24:10,2.05,2.05,18000,2.15,78000,54000,744000
RECLTD30Jan20135PE.NFO,07/01/2020,11:24:42,2.05,2,18000,2.1,66000,0,744000
RECLTD30Jan20135PE.NFO,07/01/2020,11:25:24,2.05,2,12000,2.1,54000,0,744000
RECLTD30Jan20135PE.NFO,07/01/2020,11:25:34,2.05,2,12000,2.1,30000,0,744000
RECLTD30Jan20135PE.NFO,07/01/2020,11:25:42,2.05,2,6000,2.1,60000,0,744000
RECLTD30Jan20135PE.NFO,07/01/2020,11:25:48,2.05,2,6000,2.1,66000,0,744000
RECLTD30Jan20135PE.NFO,07/01/2020,11:26:45,2.05,2,6000,2.1,54000,0,744000
RECLTD30Jan20135PE.NFO,07/01/2020,11:27:11,2.05,2,6000,2.1,66000,0,744000
RECLTD30Jan20135PE.NFO,07/01/2020,11:27:28,2.05,2,6000,2.1,60000,0,744000
RECLTD30Jan20135PE.NFO,07/01/2020,11:27:30,2.05,2,6000,2.1,84000,0,744000
RECLTD30Jan20135PE.NFO,07/01/2020,11:27:44,2.05,2,6000,2.1,90000,0,744000
RECLTD30Jan20135PE.NFO,07/01/2020,11:28:58,2.05,2,12000,2.1,96000,0,744000
RECLTD30Jan20135PE.NFO,07/01/2020,11:29:17,2.05,2,12000,2.05,60000,0,744000
RECLTD30Jan20135PE.NFO,07/01/2020,11:29:32,2.05,2,6000,2.05,60000,0,744000
RECLTD30Jan20135PE.NFO,07/01/2020,11:29:45,2.05,1.95,18000,2.05,90000,0,744000
RECLTD30Jan20135PE.NFO,07/01/2020,11:30:21,2.05,1.95,18000,2.05,84000,0,744000
RECLTD30Jan20135PE.NFO,07/01/2020,11:30:30,2.05,1.95,18000,2.05,90000,0,744000
RECLTD30Jan20135PE.NFO,07/01/2020,11:30:52,2.05,1.95,18000,2.05,84000,0,744000
RECLTD30Jan20135PE.NFO,07/01/2020,11:30:58,2.05,1.95,18000,2.05,90000,0,744000
RECLTD30Jan20135PE.NFO,07/01/2020,11:31:04,2.05,1.95,6000,2.05,96000,0,744000
RECLTD30Jan20135PE.NFO,07/01/2020,11:31:11,2.05,1.9,6000,1.95,66000,0,744000
RECLTD30Jan20135PE.NFO,07/01/2020,11:31:16,1.9,1.85,48000,1.9,18000,6000,702000
RECLTD30Jan20135PE.NFO,07/01/2020,11:31:21,1.9,1.85,42000,1.9,18000,0,702000
RECLTD30Jan20135PE.NFO,07/01/2020,11:31:25,1.9,1.9,12000,1.95,12000,0,702000
RECLTD30Jan20135PE.NFO,07/01/2020,11:31:30,1.9,1.9,12000,2,102000,0,702000
RECLTD30Jan20135PE.NFO,07/01/2020,11:31:47,1.9,1.95,18000,2,36000,0,702000
RECLTD30Jan20135PE.NFO,07/01/2020,11:31:53,1.9,1.9,48000,2,72000,0,702000
RECLTD30Jan20135PE.NFO,07/01/2020,11:31:59,1.9,1.9,42000,2,90000,0,702000
RECLTD30Jan20135PE.NFO,07/01/2020,11:32:04,1.9,1.9,36000,2,90000,0,702000
RECLTD30Jan20135PE.NFO,07/01/2020,11:32:10,1.9,1.9,42000,2,90000,0,702000
RECLTD30Jan20135PE.NFO,07/01/2020,11:32:21,1.9,1.9,42000,2,84000,0,702000
RECLTD30Jan20135PE.NFO,07/01/2020,11:32:36,1.9,1.9,18000,2,90000,0,702000
RECLTD30Jan20135PE.NFO,07/01/2020,11:32:52,1.9,1.9,30000,2,84000,0,702000
RECLTD30Jan20135PE.NFO,07/01/2020,11:33:04,1.9,1.9,18000,2,90000,0,702000
RECLTD30Jan20135PE.NFO,07/01/2020,11:33:10,1.9,1.9,36000,2,84000,0,702000
RECLTD30Jan20135PE.NFO,07/01/2020,11:33:43,1.9,1.9,36000,2,90000,0,702000
RECLTD30Jan20135PE.NFO,07/01/2020,11:33:48,1.9,1.85,48000,1.95,24000,0,702000
RECLTD30Jan20135PE.NFO,07/01/2020,11:33:56,1.9,1.85,36000,1.95,48000,0,702000
RECLTD30Jan20135PE.NFO,07/01/2020,11:34:02,1.9,1.85,30000,1.95,72000,0,702000
RECLTD30Jan20135PE.NFO,07/01/2020,11:34:09,1.9,1.85,30000,1.95,96000,0,702000
RECLTD30Jan20135PE.NFO,07/01/2020,11:34:35,1.9,1.85,36000,1.95,78000,0,702000
RECLTD30Jan20135PE.NFO,07/01/2020,11:34:42,1.9,1.85,36000,1.95,54000,0,702000
RECLTD30Jan20135PE.NFO,07/01/2020,11:35:00,1.9,1.85,36000,1.95,84000,0,702000
RECLTD30Jan20135PE.NFO,07/01/2020,11:35:06,1.9,1.85,6000,1.95,96000,0,702000
RECLTD30Jan20135PE.NFO,07/01/2020,11:35:12,1.9,1.8,30000,1.9,18000,0,702000
RECLTD30Jan20135PE.NFO,07/01/2020,11:35:25,1.9,1.8,30000,1.9,36000,0,702000
RECLTD30Jan20135PE.NFO,07/01/2020,11:35:36,1.9,1.8,30000,1.9,60000,0,702000
RECLTD30Jan20135PE.NFO,07/01/2020,11:35:54,1.9,1.75,42000,1.85,12000,0,702000
RECLTD30Jan20135PE.NFO,07/01/2020,11:36:04,1.9,1.75,42000,1.85,18000,0,702000
RECLTD30Jan20135PE.NFO,07/01/2020,11:36:09,1.9,1.75,42000,1.85,30000,0,702000
RECLTD30Jan20135PE.NFO,07/01/2020,11:36:13,1.9,1.75,42000,1.85,42000,0,702000
RECLTD30Jan20135PE.NFO,07/01/2020,11:36:24,1.9,1.75,30000,1.85,48000,0,702000
RECLTD30Jan20135PE.NFO,07/01/2020,11:36:29,1.9,1.75,24000,1.85,48000,0,702000
RECLTD30Jan20135PE.NFO,07/01/2020,11:36:39,1.9,1.75,30000,1.85,30000,0,702000
RECLTD30Jan20135PE.NFO,07/01/2020,11:36:44,1.9,1.75,30000,1.85,12000,0,702000
RECLTD30Jan20135PE.NFO,07/01/2020,11:36:51,1.9,1.75,42000,1.9,102000,0,702000
RECLTD30Jan20135PE.NFO,07/01/2020,11:36:57,1.9,1.8,6000,1.85,12000,0,702000
RECLTD30Jan20135PE.NFO,07/01/2020,11:37:04,1.85,1.8,24000,1.9,60000,6000,696000
RECLTD30Jan20135PE.NFO,07/01/2020,11:37:10,1.85,1.8,24000,1.9,54000,0,696000
RECLTD30Jan20135PE.NFO,07/01/2020,11:37:19,1.85,1.8,42000,1.9,54000,0,696000
RECLTD30Jan20135PE.NFO,07/01/2020,11:37:32,1.85,1.8,60000,1.9,48000,0,696000
RECLTD30Jan20135PE.NFO,07/01/2020,11:37:48,1.85,1.8,66000,1.9,48000,0,696000
RECLTD30Jan20135PE.NFO,07/01/2020,11:38:15,1.85,1.8,66000,1.9,24000,0,696000
RECLTD30Jan20135PE.NFO,07/01/2020,11:38:27,1.85,1.8,66000,1.9,18000,0,696000
RECLTD30Jan20135PE.NFO,07/01/2020,11:38:31,1.85,1.8,66000,1.9,24000,0,696000
RECLTD30Jan20135PE.NFO,07/01/2020,11:38:39,1.85,1.8,72000,1.9,24000,0,696000
RECLTD30Jan20135PE.NFO,07/01/2020,11:39:14,1.85,1.8,72000,1.9,18000,0,696000
RECLTD30Jan20135PE.NFO,07/01/2020,11:39:23,1.9,1.85,54000,1.95,30000,6000,696000
RECLTD30Jan20135PE.NFO,07/01/2020,11:39:28,1.9,1.85,66000,1.95,36000,0,696000
RECLTD30Jan20135PE.NFO,07/01/2020,11:39:43,1.9,1.85,72000,1.95,6000,0,696000
RECLTD30Jan20135PE.NFO,07/01/2020,11:39:56,1.9,1.9,60000,2,48000,0,696000
RECLTD30Jan20135PE.NFO,07/01/2020,11:40:04,1.9,1.9,60000,2,42000,0,696000
RECLTD30Jan20135PE.NFO,07/01/2020,11:40:23,1.9,1.9,54000,2,42000,0,696000
RECLTD30Jan20135PE.NFO,07/01/2020,11:40:36,1.9,1.9,60000,2,42000,0,696000
RECLTD30Jan20135PE.NFO,07/01/2020,11:41:07,1.9,1.95,18000,2.05,54000,0,696000
RECLTD30Jan20135PE.NFO,07/01/2020,11:41:20,1.9,1.9,72000,2.05,60000,0,696000
RECLTD30Jan20135PE.NFO,07/01/2020,11:41:43,1.9,1.9,72000,2.05,54000,0,696000
RECLTD30Jan20135PE.NFO,07/01/2020,11:41:52,1.9,1.95,36000,2.05,54000,0,696000
RECLTD30Jan20135PE.NFO,07/01/2020,11:42:29,1.9,1.95,48000,2.05,48000,0,696000
RECLTD30Jan20135PE.NFO,07/01/2020,11:42:37,1.9,1.95,54000,2.05,48000,0,696000
RECLTD30Jan20135PE.NFO,07/01/2020,11:42:47,1.9,1.95,54000,2.05,42000,0,696000
RECLTD30Jan20135PE.NFO,07/01/2020,11:43:51,1.9,1.95,60000,2.05,42000,0,696000
RECLTD30Jan20135PE.NFO,07/01/2020,11:43:59,1.9,1.95,54000,2.05,42000,0,696000
RECLTD30Jan20135PE.NFO,07/01/2020,11:44:05,1.9,1.95,60000,2.05,42000,0,696000
RECLTD30Jan20135PE.NFO,07/01/2020,11:44:56,1.9,1.95,66000,2.05,42000,0,696000
RECLTD30Jan20135PE.NFO,07/01/2020,11:45:00,1.9,1.95,66000,2.05,48000,0,696000
RECLTD30Jan20135PE.NFO,07/01/2020,11:45:29,1.9,1.95,66000,2.05,42000,0,696000
RECLTD30Jan20135PE.NFO,07/01/2020,11:45:38,1.9,2,36000,2.05,24000,0,696000
RECLTD30Jan20135PE.NFO,07/01/2020,11:45:43,1.9,2,42000,2.1,60000,0,696000
RECLTD30Jan20135PE.NFO,07/01/2020,11:45:55,1.9,2,42000,2.1,48000,0,696000
RECLTD30Jan20135PE.NFO,07/01/2020,11:45:59,1.9,2,42000,2.1,42000,0,696000
RECLTD30Jan20135PE.NFO,07/01/2020,11:46:01,1.9,2,60000,2.1,42000,0,696000
RECLTD30Jan20135PE.NFO,07/01/2020,11:46:05,1.9,2,66000,2.1,42000,0,696000
RECLTD30Jan20135PE.NFO,07/01/2020,11:46:08,1.9,2,48000,2.1,42000,0,696000
RECLTD30Jan20135PE.NFO,07/01/2020,11:46:12,1.9,2,60000,2.1,42000,0,696000
RECLTD30Jan20135PE.NFO,07/01/2020,11:46:46,1.9,2,54000,2.1,42000,0,696000
RECLTD30Jan20135PE.NFO,07/01/2020,11:47:33,1.9,2,66000,2.15,66000,0,696000
RECLTD30Jan20135PE.NFO,07/01/2020,11:47:38,1.9,2.05,18000,2.15,66000,0,696000
RECLTD30Jan20135PE.NFO,07/01/2020,11:47:42,1.9,2.05,42000,2.15,60000,0,696000
RECLTD30Jan20135PE.NFO,07/01/2020,11:47:49,1.9,2.05,42000,2.15,48000,0,696000
RECLTD30Jan20135PE.NFO,07/01/2020,11:48:03,1.9,2.05,60000,2.15,48000,0,696000
RECLTD30Jan20135PE.NFO,07/01/2020,11:48:17,2.15,2.1,72000,2.2,24000,12000,696000
RECLTD30Jan20135PE.NFO,07/01/2020,11:48:22,2.15,2.1,60000,2.2,18000,0,696000
RECLTD30Jan20135PE.NFO,07/01/2020,11:48:26,2.15,2.1,66000,2.2,24000,0,696000
RECLTD30Jan20135PE.NFO,07/01/2020,11:51:00,2.1,2.1,72000,2.2,24000,6000,690000
RECLTD30Jan20135PE.NFO,07/01/2020,11:51:09,2.1,2.05,66000,2.15,24000,0,690000
RECLTD30Jan20135PE.NFO,07/01/2020,11:51:19,2.1,2.1,30000,2.15,18000,0,690000
RECLTD30Jan20135PE.NFO,07/01/2020,11:51:34,2.1,2.1,6000,2.15,18000,0,690000
RECLTD30Jan20135PE.NFO,07/01/2020,11:51:39,2.1,2.05,60000,2.1,12000,0,690000
RECLTD30Jan20135PE.NFO,07/01/2020,11:51:43,2.1,2.05,60000,2.1,18000,0,690000
RECLTD30Jan20135PE.NFO,07/01/2020,11:52:06,2.1,2.05,66000,2.1,18000,0,690000
RECLTD30Jan20135PE.NFO,07/01/2020,11:52:35,2.1,2.05,60000,2.2,42000,12000,690000
RECLTD30Jan20135PE.NFO,07/01/2020,11:52:39,2.1,2.1,6000,2.2,36000,0,690000
RECLTD30Jan20135PE.NFO,07/01/2020,11:52:42,2.1,2.1,36000,2.2,30000,0,690000
RECLTD30Jan20135PE.NFO,07/01/2020,11:52:49,2.1,2.1,36000,2.2,36000,0,690000
RECLTD30Jan20135PE.NFO,07/01/2020,11:52:53,2.1,2.1,30000,2.2,36000,0,690000
RECLTD30Jan20135PE.NFO,07/01/2020,11:53:07,2.1,2.1,30000,2.2,30000,0,690000
RECLTD30Jan20135PE.NFO,07/01/2020,11:53:14,2.1,2.1,30000,2.2,36000,0,690000
RECLTD30Jan20135PE.NFO,07/01/2020,11:53:17,2.1,2.05,66000,2.2,36000,0,690000
RECLTD30Jan20135PE.NFO,07/01/2020,11:53:20,2.1,2.1,30000,2.2,30000,0,690000
RECLTD30Jan20135PE.NFO,07/01/2020,11:53:24,2.1,2.1,30000,2.2,36000,0,690000
RECLTD30Jan20135PE.NFO,07/01/2020,11:53:30,2.1,2.1,48000,2.2,30000,0,690000
RECLTD30Jan20135PE.NFO,07/01/2020,11:53:40,2.1,2.1,48000,2.2,24000,0,690000
RECLTD30Jan20135PE.NFO,07/01/2020,11:53:51,2.1,2.15,30000,2.2,12000,0,690000
RECLTD30Jan20135PE.NFO,07/01/2020,11:53:54,2.1,2.15,6000,2.2,12000,0,690000
RECLTD30Jan20135PE.NFO,07/01/2020,11:54:01,2.1,2.1,60000,2.2,24000,0,690000
RECLTD30Jan20135PE.NFO,07/01/2020,11:54:04,2.1,2.1,60000,2.2,30000,0,690000
RECLTD30Jan20135PE.NFO,07/01/2020,11:54:08,2.1,2.15,6000,2.2,12000,0,690000
RECLTD30Jan20135PE.NFO,07/01/2020,11:54:11,2.1,2.1,60000,2.2,24000,0,690000
RECLTD30Jan20135PE.NFO,07/01/2020,11:54:19,2.1,2.1,54000,2.2,24000,0,690000
RECLTD30Jan20135PE.NFO,07/01/2020,11:54:27,2.1,2.1,60000,2.2,24000,0,690000
RECLTD30Jan20135PE.NFO,07/01/2020,11:54:34,2.1,2.1,60000,2.2,30000,0,690000
RECLTD30Jan20135PE.NFO,07/01/2020,11:54:37,2.1,2.1,54000,2.2,30000,0,690000
RECLTD30Jan20135PE.NFO,07/01/2020,11:55:10,2.1,2.1,60000,2.2,18000,0,690000
RECLTD30Jan20135PE.NFO,07/01/2020,11:55:24,2.1,2.15,6000,2.2,12000,0,690000
RECLTD30Jan20135PE.NFO,07/01/2020,11:55:30,2.1,2.15,6000,2.2,18000,0,690000
RECLTD30Jan20135PE.NFO,07/01/2020,11:55:39,2.1,2.15,6000,2.2,12000,0,690000
RECLTD30Jan20135PE.NFO,07/01/2020,11:55:49,2.1,2.15,6000,2.2,18000,0,690000
RECLTD30Jan20135PE.NFO,07/01/2020,11:56:12,2.1,2.1,60000,2.2,24000,0,690000
RECLTD30Jan20135PE.NFO,07/01/2020,11:56:15,2.1,2.1,60000,2.2,18000,0,690000
RECLTD30Jan20135PE.NFO,07/01/2020,11:56:23,2.1,2.1,60000,2.2,24000,0,690000
RECLTD30Jan20135PE.NFO,07/01/2020,11:56:29,2.1,2.1,54000,2.2,24000,0,690000
RECLTD30Jan20135PE.NFO,07/01/2020,11:56:41,2.1,2.1,54000,2.2,36000,0,690000
RECLTD30Jan20135PE.NFO,07/01/2020,11:57:08,2.1,2.1,42000,2.2,36000,0,690000
RECLTD30Jan20135PE.NFO,07/01/2020,11:57:15,2.1,2.05,66000,2.15,18000,0,690000
RECLTD30Jan20135PE.NFO,07/01/2020,11:57:18,2.1,2.05,66000,2.15,12000,0,690000
RECLTD30Jan20135PE.NFO,07/01/2020,11:57:26,2.1,2.05,12000,2.15,42000,0,690000
RECLTD30Jan20135PE.NFO,07/01/2020,11:57:34,2.1,2.05,6000,2.1,18000,0,690000
RECLTD30Jan20135PE.NFO,07/01/2020,11:57:44,2.1,2.05,6000,2.1,24000,0,690000
RECLTD30Jan20135PE.NFO,07/01/2020,11:57:49,2.1,2.05,36000,2.15,36000,0,690000
RECLTD30Jan20135PE.NFO,07/01/2020,11:58:00,2.1,2.05,6000,2.1,6000,0,690000
RECLTD30Jan20135PE.NFO,07/01/2020,11:58:09,2.1,2.05,6000,2.1,24000,0,690000
RECLTD30Jan20135PE.NFO,07/01/2020,11:58:13,2.05,2,54000,2.1,30000,6000,678000
RECLTD30Jan20135PE.NFO,07/01/2020,11:58:43,2.05,2,42000,2.05,6000,0,678000
RECLTD30Jan20135PE.NFO,07/01/2020,11:58:51,2.05,1.95,66000,2.05,6000,0,678000
RECLTD30Jan20135PE.NFO,07/01/2020,11:58:55,2.05,2,6000,2.05,6000,0,678000
RECLTD30Jan20135PE.NFO,07/01/2020,11:58:58,2.05,2,30000,2.1,30000,0,678000
RECLTD30Jan20135PE.NFO,07/01/2020,11:59:02,2.05,2,60000,2.1,24000,0,678000
RECLTD30Jan20135PE.NFO,07/01/2020,11:59:05,2.05,2.05,30000,2.1,12000,0,678000
RECLTD30Jan20135PE.NFO,07/01/2020,11:59:09,2.05,2.05,60000,2.15,30000,0,678000
RECLTD30Jan20135PE.NFO,07/01/2020,11:59:11,2.05,2.05,60000,2.15,36000,0,678000
RECLTD30Jan20135PE.NFO,07/01/2020,11:59:15,2.05,2.05,60000,2.15,30000,0,678000
RECLTD30Jan20135PE.NFO,07/01/2020,11:59:22,2.05,2.05,60000,2.15,24000,0,678000
RECLTD30Jan20135PE.NFO,07/01/2020,11:59:26,2.05,2.1,60000,2.2,18000,0,678000
RECLTD30Jan20135PE.NFO,07/01/2020,11:59:30,2.05,2.1,66000,2.25,36000,0,678000
RECLTD30Jan20135PE.NFO,07/01/2020,11:59:35,2.05,2.1,66000,2.25,30000,0,678000
RECLTD30Jan20135PE.NFO,07/01/2020,11:59:39,2.05,2.2,24000,2.25,6000,0,678000
RECLTD30Jan20135PE.NFO,07/01/2020,11:59:50,2.05,2.2,30000,2.3,36000,0,678000
RECLTD30Jan20135PE.NFO,07/01/2020,12:00:02,2.05,2.2,54000,2.3,36000,0,678000
RECLTD30Jan20135PE.NFO,07/01/2020,12:00:14,2.05,2.2,48000,2.3,36000,0,678000
RECLTD30Jan20135PE.NFO,07/01/2020,12:00:22,2.05,2.2,12000,2.3,36000,0,678000
RECLTD30Jan20135PE.NFO,07/01/2020,12:00:29,2.05,2.15,60000,2.25,12000,0,678000
RECLTD30Jan20135PE.NFO,07/01/2020,12:00:59,2.05,2.15,66000,2.25,12000,0,678000
RECLTD30Jan20135PE.NFO,07/01/2020,12:01:02,2.05,2.2,6000,2.3,30000,0,678000
RECLTD30Jan20135PE.NFO,07/01/2020,12:01:08,2.05,2.2,30000,2.3,30000,0,678000
RECLTD30Jan20135PE.NFO,07/01/2020,12:01:10,2.05,2.2,42000,2.3,30000,0,678000
RECLTD30Jan20135PE.NFO,07/01/2020,12:01:24,2.05,2.2,42000,2.3,36000,0,678000
RECLTD30Jan20135PE.NFO,07/01/2020,12:01:36,2.05,2.2,60000,2.3,24000,0,678000
RECLTD30Jan20135PE.NFO,07/01/2020,12:01:39,2.05,2.2,66000,2.3,24000,0,678000
RECLTD30Jan20135PE.NFO,07/01/2020,12:01:42,2.05,2.2,66000,2.3,30000,0,678000
RECLTD30Jan20135PE.NFO,07/01/2020,12:01:48,2.3,2.25,60000,2.35,24000,6000,672000
RECLTD30Jan20135PE.NFO,07/01/2020,12:01:51,2.3,2.25,60000,2.35,12000,0,672000
RECLTD30Jan20135PE.NFO,07/01/2020,12:02:05,2.3,2.3,36000,2.4,30000,0,672000
RECLTD30Jan20135PE.NFO,07/01/2020,12:02:08,2.3,2.3,36000,2.4,24000,0,672000
RECLTD30Jan20135PE.NFO,07/01/2020,12:02:11,2.3,2.3,60000,2.4,18000,0,672000
RECLTD30Jan20135PE.NFO,07/01/2020,12:02:17,2.3,2.3,60000,2.35,6000,0,672000
RECLTD30Jan20135PE.NFO,07/01/2020,12:02:20,2.35,2.3,60000,2.4,12000,6000,672000
RECLTD30Jan20135PE.NFO,07/01/2020,12:02:23,2.35,2.35,36000,2.45,24000,0,672000
RECLTD30Jan20135PE.NFO,07/01/2020,12:02:26,2.35,2.35,36000,2.45,30000,0,672000
RECLTD30Jan20135PE.NFO,07/01/2020,12:02:36,2.35,2.25,48000,2.35,12000,0,672000
RECLTD30Jan20135PE.NFO,07/01/2020,12:02:42,2.35,2.25,12000,2.35,24000,0,672000
RECLTD30Jan20135PE.NFO,07/01/2020,12:02:49,2.35,2.25,48000,2.35,24000,0,672000
RECLTD30Jan20135PE.NFO,07/01/2020,12:03:04,2.35,2.25,72000,2.35,6000,0,672000
RECLTD30Jan20135PE.NFO,07/01/2020,12:03:10,2.35,2.3,6000,2.4,36000,0,672000
RECLTD30Jan20135PE.NFO,07/01/2020,12:03:16,2.35,2.3,24000,2.4,36000,0,672000
RECLTD30Jan20135PE.NFO,07/01/2020,12:03:28,2.35,2.3,30000,2.4,36000,0,672000
RECLTD30Jan20135PE.NFO,07/01/2020,12:03:33,2.35,2.3,30000,2.4,18000,0,672000
RECLTD30Jan20135PE.NFO,07/01/2020,12:03:50,2.35,2.3,18000,2.4,24000,0,672000
RECLTD30Jan20135PE.NFO,07/01/2020,12:03:57,2.35,2.3,36000,2.4,24000,0,672000
RECLTD30Jan20135PE.NFO,07/01/2020,12:04:00,2.35,2.3,60000,2.4,24000,0,672000
RECLTD30Jan20135PE.NFO,07/01/2020,12:04:23,2.35,2.3,66000,2.4,30000,0,672000
RECLTD30Jan20135PE.NFO,07/01/2020,12:04:29,2.35,2.35,18000,2.45,48000,0,672000
RECLTD30Jan20135PE.NFO,07/01/2020,12:04:33,2.35,2.35,6000,2.45,42000,0,672000
RECLTD30Jan20135PE.NFO,07/01/2020,12:04:41,2.35,2.35,6000,2.4,18000,0,672000
RECLTD30Jan20135PE.NFO,07/01/2020,12:04:56,2.35,2.3,36000,2.4,36000,0,672000
RECLTD30Jan20135PE.NFO,07/01/2020,12:04:59,2.4,2.3,36000,2.4,30000,6000,678000
RECLTD30Jan20135PE.NFO,07/01/2020,12:05:02,2.4,2.3,36000,2.4,30000,0,678000
RECLTD30Jan20135PE.NFO,07/01/2020,12:05:06,2.4,2.3,24000,2.4,30000,0,678000
RECLTD30Jan20135PE.NFO,07/01/2020,12:05:25,2.4,2.3,18000,2.4,42000,0,678000
RECLTD30Jan20135PE.NFO,07/01/2020,12:05:55,2.4,2.3,18000,2.4,36000,0,678000
RECLTD30Jan20135PE.NFO,07/01/2020,12:06:02,2.4,2.3,6000,2.35,18000,0,678000
RECLTD30Jan20135PE.NFO,07/01/2020,12:06:15,2.4,2.25,24000,2.35,36000,0,678000
RECLTD30Jan20135PE.NFO,07/01/2020,12:06:19,2.4,2.25,12000,2.35,42000,0,678000
RECLTD30Jan20135PE.NFO,07/01/2020,12:06:33,2.4,2.3,18000,2.4,36000,0,678000
RECLTD30Jan20135PE.NFO,07/01/2020,12:06:36,2.4,2.3,18000,2.4,42000,0,678000
RECLTD30Jan20135PE.NFO,07/01/2020,12:06:39,2.4,2.3,18000,2.4,30000,0,678000
RECLTD30Jan20135PE.NFO,07/01/2020,12:06:56,2.4,2.3,18000,2.4,36000,0,678000
RECLTD30Jan20135PE.NFO,07/01/2020,12:07:02,2.4,2.25,12000,2.4,60000,0,678000
RECLTD30Jan20135PE.NFO,07/01/2020,12:07:10,2.4,2.25,12000,2.35,30000,0,678000
RECLTD30Jan20135PE.NFO,07/01/2020,12:07:13,2.4,2.25,12000,2.35,18000,0,678000
RECLTD30Jan20135PE.NFO,07/01/2020,12:07:16,2.4,2.25,12000,2.35,36000,0,678000
RECLTD30Jan20135PE.NFO,07/01/2020,12:07:26,2.4,2.25,12000,2.35,42000,0,678000
RECLTD30Jan20135PE.NFO,07/01/2020,12:07:33,2.4,2.25,18000,2.35,18000,0,678000
RECLTD30Jan20135PE.NFO,07/01/2020,12:07:35,2.4,2.25,12000,2.35,42000,0,678000
RECLTD30Jan20135PE.NFO,07/01/2020,12:07:41,2.4,2.25,12000,2.35,60000,0,678000
RECLTD30Jan20135PE.NFO,07/01/2020,12:07:48,2.4,2.25,12000,2.35,54000,0,678000
RECLTD30Jan20135PE.NFO,07/01/2020,12:07:51,2.4,2.25,12000,2.35,48000,0,678000
RECLTD30Jan20135PE.NFO,07/01/2020,12:07:59,2.4,2.25,12000,2.35,60000,0,678000
RECLTD30Jan20135PE.NFO,07/01/2020,12:08:03,2.4,2.25,12000,2.3,24000,0,678000
RECLTD30Jan20135PE.NFO,07/01/2020,12:08:20,2.4,2.2,6000,2.3,36000,0,678000
RECLTD30Jan20135PE.NFO,07/01/2020,12:08:32,2.4,2.2,12000,2.3,36000,0,678000
RECLTD30Jan20135PE.NFO,07/01/2020,12:08:43,2.4,2.2,12000,2.3,42000,0,678000
RECLTD30Jan20135PE.NFO,07/01/2020,12:09:04,2.4,2.15,6000,2.25,36000,0,678000
RECLTD30Jan20135PE.NFO,07/01/2020,12:09:07,2.4,2.15,24000,2.25,24000,0,678000
RECLTD30Jan20135PE.NFO,07/01/2020,12:09:16,2.4,2.15,30000,2.25,24000,0,678000
RECLTD30Jan20135PE.NFO,07/01/2020,12:09:19,2.4,2.15,42000,2.25,24000,0,678000
RECLTD30Jan20135PE.NFO,07/01/2020,12:09:36,2.4,2.15,42000,2.25,18000,0,678000
RECLTD30Jan20135PE.NFO,07/01/2020,12:09:55,2.4,2.15,30000,2.25,18000,0,678000
RECLTD30Jan20135PE.NFO,07/01/2020,12:10:33,2.4,2.15,36000,2.25,18000,0,678000
RECLTD30Jan20135PE.NFO,07/01/2020,12:10:39,2.4,2.15,42000,2.25,18000,0,678000
RECLTD30Jan20135PE.NFO,07/01/2020,12:10:43,2.4,2.15,54000,2.25,18000,0,678000
RECLTD30Jan20135PE.NFO,07/01/2020,12:10:46,2.4,2.15,42000,2.25,18000,0,678000
RECLTD30Jan20135PE.NFO,07/01/2020,12:10:50,2.4,2.15,36000,2.25,18000,0,678000
RECLTD30Jan20135PE.NFO,07/01/2020,12:11:16,2.4,2.15,42000,2.25,18000,0,678000
RECLTD30Jan20135PE.NFO,07/01/2020,12:11:35,2.4,2.15,30000,2.25,24000,0,678000
RECLTD30Jan20135PE.NFO,07/01/2020,12:11:54,2.4,2.15,36000,2.25,24000,0,678000
RECLTD30Jan20135PE.NFO,07/01/2020,12:12:09,2.4,2.15,42000,2.25,24000,0,678000
RECLTD30Jan20135PE.NFO,07/01/2020,12:12:39,2.4,2.15,30000,2.25,24000,0,678000
RECLTD30Jan20135PE.NFO,07/01/2020,12:12:47,2.4,2.15,30000,2.25,30000,0,678000
RECLTD30Jan20135PE.NFO,07/01/2020,12:12:52,2.4,2.15,30000,2.25,18000,0,678000
RECLTD30Jan20135PE.NFO,07/01/2020,12:12:58,2.4,2.15,36000,2.25,18000,0,678000
RECLTD30Jan20135PE.NFO,07/01/2020,12:13:08,2.4,2.15,18000,2.25,30000,0,678000
RECLTD30Jan20135PE.NFO,07/01/2020,12:13:16,2.15,2.1,6000,2.2,30000,6000,684000
RECLTD30Jan20135PE.NFO,07/01/2020,12:13:23,2.15,2.1,6000,2.2,30000,0,684000
RECLTD30Jan20135PE.NFO,07/01/2020,12:13:42,2.15,2.1,18000,2.2,30000,0,684000
RECLTD30Jan20135PE.NFO,07/01/2020,12:13:58,2.15,2.1,24000,2.2,30000,0,684000
RECLTD30Jan20135PE.NFO,07/01/2020,12:14:04,2.15,2.1,30000,2.2,18000,0,684000
RECLTD30Jan20135PE.NFO,07/01/2020,12:14:10,2.15,2.15,18000,2.25,30000,0,684000
RECLTD30Jan20135PE.NFO,07/01/2020,12:14:15,2.15,2.15,36000,2.25,30000,0,684000
RECLTD30Jan20135PE.NFO,07/01/2020,12:14:20,2.15,2.15,48000,2.25,6000,0,684000
RECLTD30Jan20135PE.NFO,07/01/2020,12:14:49,2.15,2.15,48000,2.25,12000,0,684000
RECLTD30Jan20135PE.NFO,07/01/2020,12:15:35,2.15,2.15,48000,2.25,6000,0,684000
RECLTD30Jan20135PE.NFO,07/01/2020,12:15:42,2.15,2.15,48000,2.3,24000,0,684000
RECLTD30Jan20135PE.NFO,07/01/2020,12:15:46,2.15,2.15,42000,2.3,24000,0,684000
RECLTD30Jan20135PE.NFO,07/01/2020,12:15:48,2.15,2.15,48000,2.3,24000,0,684000
RECLTD30Jan20135PE.NFO,07/01/2020,12:16:03,2.15,2.2,36000,2.3,6000,0,684000
RECLTD30Jan20135PE.NFO,07/01/2020,12:16:07,2.15,2.2,36000,2.3,12000,0,684000
RECLTD30Jan20135PE.NFO,07/01/2020,12:16:18,2.15,2.2,42000,2.35,30000,0,684000
RECLTD30Jan20135PE.NFO,07/01/2020,12:16:27,2.15,2.2,18000,2.3,18000,0,684000
RECLTD30Jan20135PE.NFO,07/01/2020,12:16:52,2.15,2.2,12000,2.3,18000,0,684000
RECLTD30Jan20135PE.NFO,07/01/2020,12:16:56,2.15,2.2,12000,2.3,24000,0,684000
RECLTD30Jan20135PE.NFO,07/01/2020,12:17:00,2.15,2.2,18000,2.3,24000,0,684000
RECLTD30Jan20135PE.NFO,07/01/2020,12:17:35,2.15,2.25,12000,2.3,12000,0,684000
RECLTD30Jan20135PE.NFO,07/01/2020,12:18:37,2.15,2.2,36000,2.3,12000,0,684000
RECLTD30Jan20135PE.NFO,07/01/2020,12:19:10,2.15,2.2,36000,2.3,6000,0,684000
RECLTD30Jan20135PE.NFO,07/01/2020,12:19:46,2.15,2.2,24000,2.3,12000,0,684000
RECLTD30Jan20135PE.NFO,07/01/2020,12:20:06,2.15,2.2,12000,2.3,30000,0,684000
RECLTD30Jan20135PE.NFO,07/01/2020,12:20:22,2.15,2.2,24000,2.3,30000,0,684000
RECLTD30Jan20135PE.NFO,07/01/2020,12:21:29,2.15,2.2,24000,2.3,18000,0,684000
RECLTD30Jan20135PE.NFO,07/01/2020,12:22:10,2.15,2.2,18000,2.3,18000,0,684000
RECLTD30Jan20135PE.NFO,07/01/2020,12:22:15,2.15,2.2,18000,2.3,30000,0,684000
RECLTD30Jan20135PE.NFO,07/01/2020,12:22:26,2.15,2.2,24000,2.3,30000,0,684000
RECLTD30Jan20135PE.NFO,07/01/2020,12:22:36,2.15,2.2,18000,2.3,18000,0,684000
RECLTD30Jan20135PE.NFO,07/01/2020,12:22:44,2.15,2.2,24000,2.3,18000,0,684000
RECLTD30Jan20135PE.NFO,07/01/2020,12:22:52,2.15,2.2,30000,2.3,6000,0,684000
RECLTD30Jan20135PE.NFO,07/01/2020,12:23:05,2.15,2.2,30000,2.3,18000,0,684000
RECLTD30Jan20135PE.NFO,07/01/2020,12:23:23,2.15,2.2,12000,2.3,30000,0,684000
RECLTD30Jan20135PE.NFO,07/01/2020,12:23:41,2.15,2.2,24000,2.3,30000,0,684000
RECLTD30Jan20135PE.NFO,07/01/2020,12:24:13,2.15,2.2,12000,2.3,30000,0,684000
RECLTD30Jan20135PE.NFO,07/01/2020,12:24:24,2.15,2.2,24000,2.3,30000,0,684000
RECLTD30Jan20135PE.NFO,07/01/2020,12:25:19,2.15,2.2,30000,2.3,6000,0,684000
RECLTD30Jan20135PE.NFO,07/01/2020,12:25:21,2.15,2.2,30000,2.3,12000,0,684000
RECLTD30Jan20135PE.NFO,07/01/2020,12:25:45,2.15,2.2,30000,2.3,18000,0,684000
RECLTD30Jan20135PE.NFO,07/01/2020,12:26:06,2.15,2.2,30000,2.3,12000,0,684000
RECLTD30Jan20135PE.NFO,07/01/2020,12:26:25,2.15,2.2,30000,2.3,18000,0,684000
RECLTD30Jan20135PE.NFO,07/01/2020,12:27:04,2.15,2.2,30000,2.3,12000,0,684000
RECLTD30Jan20135PE.NFO,07/01/2020,12:27:15,2.15,2.2,30000,2.3,18000,0,684000
RECLTD30Jan20135PE.NFO,07/01/2020,12:27:30,2.15,2.2,30000,2.3,12000,0,684000
RECLTD30Jan20135PE.NFO,07/01/2020,12:27:56,2.15,2.2,30000,2.3,30000,0,684000
RECLTD30Jan20135PE.NFO,07/01/2020,12:28:24,2.15,2.2,24000,2.3,30000,0,684000
RECLTD30Jan20135PE.NFO,07/01/2020,12:28:45,2.15,2.2,30000,2.3,30000,0,684000
RECLTD30Jan20135PE.NFO,07/01/2020,12:28:58,2.15,2.3,12000,2.4,36000,0,684000
RECLTD30Jan20135PE.NFO,07/01/2020,12:29:05,2.4,2.35,18000,2.4,6000,6000,678000
RECLTD30Jan20135PE.NFO,07/01/2020,12:29:10,2.4,2.35,18000,2.4,6000,0,678000
RECLTD30Jan20135PE.NFO,07/01/2020,12:29:29,2.4,2.3,12000,2.45,24000,6000,678000
RECLTD30Jan20135PE.NFO,07/01/2020,12:29:34,2.4,2.3,12000,2.45,24000,0,678000
RECLTD30Jan20135PE.NFO,07/01/2020,12:29:38,2.4,2.3,12000,2.4,24000,0,678000
RECLTD30Jan20135PE.NFO,07/01/2020,12:29:57,2.4,2.25,30000,2.4,30000,0,678000
RECLTD30Jan20135PE.NFO,07/01/2020,12:30:07,2.4,2.25,12000,2.35,18000,0,678000
RECLTD30Jan20135PE.NFO,07/01/2020,12:30:46,2.4,2.25,12000,2.35,24000,0,678000
RECLTD30Jan20135PE.NFO,07/01/2020,12:32:08,2.4,2.25,12000,2.35,18000,0,678000
RECLTD30Jan20135PE.NFO,07/01/2020,12:32:18,2.4,2.25,12000,2.35,12000,0,678000
RECLTD30Jan20135PE.NFO,07/01/2020,12:32:22,2.4,2.2,30000,2.35,36000,0,678000
RECLTD30Jan20135PE.NFO,07/01/2020,12:32:35,2.4,2.25,18000,2.35,12000,0,678000
RECLTD30Jan20135PE.NFO,07/01/2020,12:32:41,2.4,2.25,12000,2.35,24000,0,678000
RECLTD30Jan20135PE.NFO,07/01/2020,12:32:46,2.4,2.25,12000,2.35,18000,0,678000
RECLTD30Jan20135PE.NFO,07/01/2020,12:33:28,2.4,2.25,6000,2.35,18000,0,678000
RECLTD30Jan20135PE.NFO,07/01/2020,12:33:57,2.4,2.25,12000,2.35,18000,0,678000
RECLTD30Jan20135PE.NFO,07/01/2020,12:34:32,2.4,2.25,6000,2.35,30000,0,678000
RECLTD30Jan20135PE.NFO,07/01/2020,12:34:38,2.4,2.2,24000,2.35,36000,0,678000
RECLTD30Jan20135PE.NFO,07/01/2020,12:34:42,2.4,2.2,24000,2.3,18000,0,678000
RECLTD30Jan20135PE.NFO,07/01/2020,12:34:46,2.4,2.2,12000,2.3,18000,0,678000
RECLTD30Jan20135PE.NFO,07/01/2020,12:34:55,2.4,2.2,12000,2.3,24000,0,678000
RECLTD30Jan20135PE.NFO,07/01/2020,12:35:18,2.4,2.2,12000,2.3,18000,0,678000
RECLTD30Jan20135PE.NFO,07/01/2020,12:35:24,2.4,2.2,6000,2.3,36000,0,678000
RECLTD30Jan20135PE.NFO,07/01/2020,12:36:22,2.4,2.2,12000,2.3,24000,0,678000
RECLTD30Jan20135PE.NFO,07/01/2020,12:37:27,2.4,2.2,12000,2.3,30000,0,678000
RECLTD30Jan20135PE.NFO,07/01/2020,12:38:07,2.4,2.2,6000,2.3,30000,0,678000
RECLTD30Jan20135PE.NFO,07/01/2020,12:38:25,2.4,2.2,6000,2.3,36000,0,678000
RECLTD30Jan20135PE.NFO,07/01/2020,12:38:45,2.4,2.2,6000,2.3,30000,0,678000
RECLTD30Jan20135PE.NFO,07/01/2020,12:38:58,2.4,2.2,6000,2.3,42000,0,678000
RECLTD30Jan20135PE.NFO,07/01/2020,12:39:10,2.4,2.2,6000,2.3,30000,0,678000
RECLTD30Jan20135PE.NFO,07/01/2020,12:39:27,2.4,2.2,12000,2.3,30000,0,678000
RECLTD30Jan20135PE.NFO,07/01/2020,12:39:39,2.4,2.2,12000,2.3,24000,0,678000
RECLTD30Jan20135PE.NFO,07/01/2020,12:39:45,2.4,2.2,12000,2.3,18000,0,678000
RECLTD30Jan20135PE.NFO,07/01/2020,12:39:46,2.4,2.2,12000,2.3,24000,0,678000
RECLTD30Jan20135PE.NFO,07/01/2020,12:40:32,2.4,2.2,6000,2.3,36000,0,678000
RECLTD30Jan20135PE.NFO,07/01/2020,12:40:36,2.4,2.2,6000,2.3,30000,0,678000
RECLTD30Jan20135PE.NFO,07/01/2020,12:41:24,2.4,2.2,30000,2.3,12000,0,678000
RECLTD30Jan20135PE.NFO,07/01/2020,12:41:52,2.4,2.2,30000,2.3,18000,0,678000
RECLTD30Jan20135PE.NFO,07/01/2020,12:42:07,2.4,2.2,24000,2.3,12000,0,678000
RECLTD30Jan20135PE.NFO,07/01/2020,12:42:10,2.4,2.2,30000,2.3,12000,0,678000
RECLTD30Jan20135PE.NFO,07/01/2020,12:42:19,2.4,2.2,30000,2.3,18000,0,678000
RECLTD30Jan20135PE.NFO,07/01/2020,12:42:32,2.4,2.2,30000,2.3,12000,0,678000
RECLTD30Jan20135PE.NFO,07/01/2020,12:42:36,2.4,2.25,12000,2.35,24000,0,678000
RECLTD30Jan20135PE.NFO,07/01/2020,12:43:54,2.4,2.25,12000,2.35,30000,0,678000
RECLTD30Jan20135PE.NFO,07/01/2020,12:44:08,2.4,2.25,12000,2.35,24000,0,678000
RECLTD30Jan20135PE.NFO,07/01/2020,12:44:14,2.4,2.25,12000,2.35,18000,0,678000
RECLTD30Jan20135PE.NFO,07/01/2020,12:44:24,2.4,2.25,12000,2.35,30000,0,678000
RECLTD30Jan20135PE.NFO,07/01/2020,12:44:48,2.4,2.25,12000,2.35,24000,0,678000
RECLTD30Jan20135PE.NFO,07/01/2020,12:44:54,2.4,2.25,12000,2.35,30000,0,678000
RECLTD30Jan20135PE.NFO,07/01/2020,12:45:01,2.4,2.25,12000,2.35,18000,0,678000
RECLTD30Jan20135PE.NFO,07/01/2020,12:45:17,2.4,2.25,12000,2.35,24000,0,678000
RECLTD30Jan20135PE.NFO,07/01/2020,12:45:51,2.25,2.2,24000,2.3,18000,6000,678000
RECLTD30Jan20135PE.NFO,07/01/2020,12:45:58,2.25,2.2,12000,2.3,12000,0,678000
RECLTD30Jan20135PE.NFO,07/01/2020,12:46:14,2.25,2.2,12000,2.3,18000,0,678000
RECLTD30Jan20135PE.NFO,07/01/2020,12:46:23,2.25,2.2,12000,2.3,24000,0,678000
RECLTD30Jan20135PE.NFO,07/01/2020,12:46:38,2.25,2.2,12000,2.25,6000,0,678000
RECLTD30Jan20135PE.NFO,07/01/2020,12:46:41,2.25,2.2,30000,2.3,18000,0,678000
RECLTD30Jan20135PE.NFO,07/01/2020,12:46:45,2.25,2.2,24000,2.3,18000,0,678000
RECLTD30Jan20135PE.NFO,07/01/2020,12:47:36,2.25,2.2,6000,2.3,30000,0,678000
RECLTD30Jan20135PE.NFO,07/01/2020,12:48:03,2.25,2.15,48000,2.25,6000,0,678000
RECLTD30Jan20135PE.NFO,07/01/2020,12:48:09,2.25,2.15,36000,2.25,6000,0,678000
RECLTD30Jan20135PE.NFO,07/01/2020,12:48:15,2.25,2.15,30000,2.25,18000,0,678000
RECLTD30Jan20135PE.NFO,07/01/2020,12:49:04,2.25,2.2,6000,2.3,30000,0,678000
RECLTD30Jan20135PE.NFO,07/01/2020,12:50:22,2.25,2.15,30000,2.25,6000,0,678000
RECLTD30Jan20135PE.NFO,07/01/2020,12:50:35,2.25,2.15,12000,2.2,6000,0,678000
RECLTD30Jan20135PE.NFO,07/01/2020,12:50:38,2.25,2.15,12000,2.25,30000,0,678000
RECLTD30Jan20135PE.NFO,07/01/2020,12:50:51,2.25,2.15,12000,2.2,6000,0,678000
RECLTD30Jan20135PE.NFO,07/01/2020,12:52:05,2.25,2.15,12000,2.25,24000,0,678000
RECLTD30Jan20135PE.NFO,07/01/2020,12:52:11,2.25,2.15,12000,2.2,6000,0,678000
RECLTD30Jan20135PE.NFO,07/01/2020,12:52:17,2.2,2.15,12000,2.25,30000,6000,678000
RECLTD30Jan20135PE.NFO,07/01/2020,12:52:24,2.2,2.15,12000,2.25,24000,0,678000
RECLTD30Jan20135PE.NFO,07/01/2020,12:52:51,2.2,2.15,18000,2.25,24000,0,678000
RECLTD30Jan20135PE.NFO,07/01/2020,12:53:22,2.2,2.15,24000,2.25,12000,0,678000
RECLTD30Jan20135PE.NFO,07/01/2020,12:53:34,2.2,2.15,24000,2.25,18000,0,678000
RECLTD30Jan20135PE.NFO,07/01/2020,12:54:05,2.2,2.15,18000,2.25,18000,0,678000
RECLTD30Jan20135PE.NFO,07/01/2020,12:54:51,2.2,2.15,24000,2.25,18000,0,678000
RECLTD30Jan20135PE.NFO,07/01/2020,12:57:45,2.2,2.2,18000,2.3,18000,0,678000
RECLTD30Jan20135PE.NFO,07/01/2020,12:57:50,2.2,2.2,12000,2.3,18000,0,678000
RECLTD30Jan20135PE.NFO,07/01/2020,12:57:55,2.2,2.15,48000,2.25,12000,0,678000
RECLTD30Jan20135PE.NFO,07/01/2020,12:58:12,2.2,2.2,6000,2.3,18000,0,678000
RECLTD30Jan20135PE.NFO,07/01/2020,12:58:32,2.2,2.15,48000,2.25,12000,0,678000
RECLTD30Jan20135PE.NFO,07/01/2020,12:58:57,2.2,2.15,36000,2.25,6000,0,678000
RECLTD30Jan20135PE.NFO,07/01/2020,12:59:01,2.2,2.15,30000,2.25,6000,0,678000
RECLTD30Jan20135PE.NFO,07/01/2020,13:00:16,2.2,2.2,18000,2.3,18000,0,678000
RECLTD30Jan20135PE.NFO,07/01/2020,13:00:24,2.2,2.2,30000,2.35,24000,0,678000
RECLTD30Jan20135PE.NFO,07/01/2020,13:00:38,2.2,2.2,30000,2.3,6000,0,678000
RECLTD30Jan20135PE.NFO,07/01/2020,13:00:42,2.2,2.2,36000,2.3,6000,0,678000
RECLTD30Jan20135PE.NFO,07/01/2020,13:00:47,2.2,2.2,42000,2.35,24000,0,678000
RECLTD30Jan20135PE.NFO,07/01/2020,13:00:52,2.2,2.2,42000,2.3,6000,0,678000
RECLTD30Jan20135PE.NFO,07/01/2020,13:01:08,2.2,2.2,42000,2.3,12000,0,678000
RECLTD30Jan20135PE.NFO,07/01/2020,13:01:15,2.2,2.2,42000,2.35,24000,0,678000
RECLTD30Jan20135PE.NFO,07/01/2020,13:01:29,2.2,2.25,6000,2.35,24000,0,678000
RECLTD30Jan20135PE.NFO,07/01/2020,13:01:36,2.2,2.25,24000,2.35,18000,0,678000
RECLTD30Jan20135PE.NFO,07/01/2020,13:02:04,2.2,2.25,6000,2.35,24000,0,678000
RECLTD30Jan20135PE.NFO,07/01/2020,13:02:29,2.2,2.25,24000,2.35,24000,0,678000
RECLTD30Jan20135PE.NFO,07/01/2020,13:02:40,2.2,2.25,24000,2.35,18000,0,678000
RECLTD30Jan20135PE.NFO,07/01/2020,13:02:45,2.2,2.25,6000,2.35,30000,0,678000
RECLTD30Jan20135PE.NFO,07/01/2020,13:02:55,2.2,2.25,6000,2.35,24000,0,678000
RECLTD30Jan20135PE.NFO,07/01/2020,13:03:12,2.2,2.3,24000,2.4,6000,0,678000
RECLTD30Jan20135PE.NFO,07/01/2020,13:03:21,2.2,2.3,24000,2.4,12000,0,678000
RECLTD30Jan20135PE.NFO,07/01/2020,13:03:44,2.2,2.3,12000,2.4,18000,0,678000
RECLTD30Jan20135PE.NFO,07/01/2020,13:04:22,2.2,2.3,24000,2.4,12000,0,678000
RECLTD30Jan20135PE.NFO,07/01/2020,13:04:39,2.2,2.35,18000,2.45,30000,0,678000
RECLTD30Jan20135PE.NFO,07/01/2020,13:04:51,2.2,2.35,18000,2.45,18000,0,678000
RECLTD30Jan20135PE.NFO,07/01/2020,13:04:57,2.2,2.35,18000,2.45,36000,0,678000
RECLTD30Jan20135PE.NFO,07/01/2020,13:05:03,2.2,2.35,12000,2.45,36000,0,678000
RECLTD30Jan20135PE.NFO,07/01/2020,13:05:09,2.35,2.3,30000,2.4,6000,6000,678000
RECLTD30Jan20135PE.NFO,07/01/2020,13:05:15,2.35,2.3,30000,2.45,36000,0,678000
RECLTD30Jan20135PE.NFO,07/01/2020,13:05:21,2.35,2.3,24000,2.4,12000,0,678000
RECLTD30Jan20135PE.NFO,07/01/2020,13:05:31,2.35,2.3,30000,2.4,12000,0,678000
RECLTD30Jan20135PE.NFO,07/01/2020,13:05:42,2.4,2.3,30000,2.4,6000,6000,678000
RECLTD30Jan20135PE.NFO,07/01/2020,13:05:47,2.4,2.3,30000,2.4,6000,0,678000
RECLTD30Jan20135PE.NFO,07/01/2020,13:05:58,2.4,2.35,6000,2.45,30000,0,678000
RECLTD30Jan20135PE.NFO,07/01/2020,13:06:09,2.4,2.35,6000,2.45,36000,0,678000
RECLTD30Jan20135PE.NFO,07/01/2020,13:06:15,2.4,2.35,6000,2.45,18000,0,678000
RECLTD30Jan20135PE.NFO,07/01/2020,13:06:21,2.4,2.35,6000,2.45,24000,0,678000
RECLTD30Jan20135PE.NFO,07/01/2020,13:06:32,2.4,2.35,12000,2.45,12000,0,678000
RECLTD30Jan20135PE.NFO,07/01/2020,13:06:42,2.4,2.35,24000,2.45,12000,0,678000
RECLTD30Jan20135PE.NFO,07/01/2020,13:06:57,2.4,2.35,24000,2.5,30000,0,678000
RECLTD30Jan20135PE.NFO,07/01/2020,13:07:02,2.4,2.35,24000,2.5,36000,0,678000
RECLTD30Jan20135PE.NFO,07/01/2020,13:08:10,2.4,2.45,18000,2.55,6000,0,678000
RECLTD30Jan20135PE.NFO,07/01/2020,13:08:17,2.4,2.45,24000,2.55,18000,0,678000
RECLTD30Jan20135PE.NFO,07/01/2020,13:08:25,2.4,2.45,24000,2.55,12000,0,678000
RECLTD30Jan20135PE.NFO,07/01/2020,13:08:33,2.4,2.5,12000,2.6,18000,0,678000
RECLTD30Jan20135PE.NFO,07/01/2020,13:08:39,2.4,2.45,24000,2.55,6000,0,678000
RECLTD30Jan20135PE.NFO,07/01/2020,13:08:52,2.4,2.45,30000,2.55,6000,0,678000
RECLTD30Jan20135PE.NFO,07/01/2020,13:08:58,2.4,2.45,30000,2.6,30000,0,678000
RECLTD30Jan20135PE.NFO,07/01/2020,13:09:11,2.4,2.5,6000,2.6,24000,0,678000
RECLTD30Jan20135PE.NFO,07/01/2020,13:09:27,2.4,2.45,30000,2.6,36000,0,678000
RECLTD30Jan20135PE.NFO,07/01/2020,13:09:35,2.4,2.45,30000,2.6,30000,0,678000
RECLTD30Jan20135PE.NFO,07/01/2020,13:09:54,2.4,2.45,24000,2.55,6000,0,678000
RECLTD30Jan20135PE.NFO,07/01/2020,13:10:07,2.4,2.45,30000,2.6,30000,0,678000
RECLTD30Jan20135PE.NFO,07/01/2020,13:10:14,2.4,2.5,18000,2.6,30000,0,678000
RECLTD30Jan20135PE.NFO,07/01/2020,13:10:37,2.4,2.5,24000,2.6,30000,0,678000
RECLTD30Jan20135PE.NFO,07/01/2020,13:11:17,2.4,2.45,24000,2.55,6000,0,678000
RECLTD30Jan20135PE.NFO,07/01/2020,13:11:39,2.4,2.45,24000,2.55,12000,0,678000
RECLTD30Jan20135PE.NFO,07/01/2020,13:11:48,2.4,2.45,24000,2.55,18000,0,678000
RECLTD30Jan20135PE.NFO,07/01/2020,13:11:52,2.4,2.45,24000,2.55,24000,0,678000
RECLTD30Jan20135PE.NFO,07/01/2020,13:11:56,2.4,2.45,24000,2.55,18000,0,678000
RECLTD30Jan20135PE.NFO,07/01/2020,13:12:02,2.4,2.45,24000,2.55,24000,0,678000
RECLTD30Jan20135PE.NFO,07/01/2020,13:12:09,2.4,2.45,12000,2.55,24000,0,678000
RECLTD30Jan20135PE.NFO,07/01/2020,13:12:32,2.4,2.45,24000,2.55,18000,0,678000
RECLTD30Jan20135PE.NFO,07/01/2020,13:12:46,2.4,2.45,24000,2.55,24000,0,678000
RECLTD30Jan20135PE.NFO,07/01/2020,13:12:58,2.4,2.45,6000,2.55,30000,0,678000
RECLTD30Jan20135PE.NFO,07/01/2020,13:13:03,2.4,2.4,36000,2.5,6000,0,678000
RECLTD30Jan20135PE.NFO,07/01/2020,13:13:11,2.4,2.4,30000,2.5,6000,0,678000
RECLTD30Jan20135PE.NFO,07/01/2020,13:13:47,2.4,2.4,36000,2.55,30000,0,678000
RECLTD30Jan20135PE.NFO,07/01/2020,13:13:57,2.4,2.45,24000,2.55,24000,0,678000
RECLTD30Jan20135PE.NFO,07/01/2020,13:14:02,2.4,2.45,24000,2.55,30000,0,678000
RECLTD30Jan20135PE.NFO,07/01/2020,13:14:07,2.4,2.45,6000,2.55,30000,0,678000
RECLTD30Jan20135PE.NFO,07/01/2020,13:14:13,2.4,2.45,12000,2.55,30000,0,678000
RECLTD30Jan20135PE.NFO,07/01/2020,13:14:18,2.4,2.4,30000,2.55,36000,0,678000
RECLTD30Jan20135PE.NFO,07/01/2020,13:14:33,2.4,2.4,36000,2.55,36000,0,678000
RECLTD30Jan20135PE.NFO,07/01/2020,13:14:38,2.4,2.4,30000,2.55,36000,0,678000
RECLTD30Jan20135PE.NFO,07/01/2020,13:15:02,2.4,2.4,36000,2.55,36000,0,678000
RECLTD30Jan20135PE.NFO,07/01/2020,13:15:17,2.4,2.45,6000,2.55,36000,0,678000
RECLTD30Jan20135PE.NFO,07/01/2020,13:15:24,2.4,2.45,6000,2.55,30000,0,678000
RECLTD30Jan20135PE.NFO,07/01/2020,13:15:38,2.4,2.45,12000,2.55,36000,0,678000
RECLTD30Jan20135PE.NFO,07/01/2020,13:15:49,2.4,2.45,6000,2.55,36000,0,678000
RECLTD30Jan20135PE.NFO,07/01/2020,13:16:13,2.4,2.45,6000,2.55,30000,0,678000
RECLTD30Jan20135PE.NFO,07/01/2020,13:16:47,2.4,2.45,24000,2.55,30000,0,678000
RECLTD30Jan20135PE.NFO,07/01/2020,13:17:01,2.4,2.45,6000,2.55,36000,0,678000
RECLTD30Jan20135PE.NFO,07/01/2020,13:17:21,2.4,2.45,12000,2.55,36000,0,678000
RECLTD30Jan20135PE.NFO,07/01/2020,13:17:28,2.55,2.5,6000,2.6,24000,6000,684000
RECLTD30Jan20135PE.NFO,07/01/2020,13:17:35,2.55,2.5,6000,2.6,24000,0,684000
RECLTD30Jan20135PE.NFO,07/01/2020,13:17:59,2.55,2.5,24000,2.6,12000,0,684000
RECLTD30Jan20135PE.NFO,07/01/2020,13:18:06,2.55,2.55,6000,2.65,24000,0,684000
RECLTD30Jan20135PE.NFO,07/01/2020,13:19:51,2.55,2.55,6000,2.65,30000,0,684000
RECLTD30Jan20135PE.NFO,07/01/2020,13:20:06,2.55,2.55,6000,2.65,36000,0,684000
RECLTD30Jan20135PE.NFO,07/01/2020,13:20:38,2.55,2.55,6000,2.6,6000,0,684000
RECLTD30Jan20135PE.NFO,07/01/2020,13:20:46,2.55,2.55,6000,2.65,36000,0,684000
RECLTD30Jan20135PE.NFO,07/01/2020,13:20:54,2.55,2.55,6000,2.65,42000,0,684000
RECLTD30Jan20135PE.NFO,07/01/2020,13:21:02,2.55,2.55,24000,2.65,36000,0,684000
RECLTD30Jan20135PE.NFO,07/01/2020,13:21:15,2.55,2.55,24000,2.7,42000,0,684000
RECLTD30Jan20135PE.NFO,07/01/2020,13:21:23,2.55,2.6,6000,2.7,42000,0,684000
RECLTD30Jan20135PE.NFO,07/01/2020,13:21:48,2.55,2.6,6000,2.7,36000,0,684000
RECLTD30Jan20135PE.NFO,07/01/2020,13:21:52,2.55,2.6,6000,2.7,30000,0,684000
RECLTD30Jan20135PE.NFO,07/01/2020,13:22:14,2.55,2.6,6000,2.7,36000,0,684000
RECLTD30Jan20135PE.NFO,07/01/2020,13:22:22,2.55,2.6,6000,2.7,30000,0,684000
RECLTD30Jan20135PE.NFO,07/01/2020,13:22:54,2.55,2.6,24000,2.7,18000,0,684000
RECLTD30Jan20135PE.NFO,07/01/2020,13:23:15,2.55,2.6,24000,2.75,36000,0,684000
RECLTD30Jan20135PE.NFO,07/01/2020,13:23:21,2.55,2.6,24000,2.7,6000,0,684000
RECLTD30Jan20135PE.NFO,07/01/2020,13:23:31,2.55,2.65,12000,2.75,30000,0,684000
RECLTD30Jan20135PE.NFO,07/01/2020,13:23:44,2.55,2.65,18000,2.75,30000,0,684000
RECLTD30Jan20135PE.NFO,07/01/2020,13:24:02,2.55,2.65,6000,2.75,24000,0,684000
RECLTD30Jan20135PE.NFO,07/01/2020,13:24:07,2.55,2.65,6000,2.75,30000,0,684000
RECLTD30Jan20135PE.NFO,07/01/2020,13:24:24,2.55,2.65,6000,2.7,6000,0,684000
RECLTD30Jan20135PE.NFO,07/01/2020,13:24:28,2.55,2.6,18000,2.7,12000,0,684000
RECLTD30Jan20135PE.NFO,07/01/2020,13:24:33,2.55,2.6,24000,2.75,30000,0,684000
RECLTD30Jan20135PE.NFO,07/01/2020,13:24:40,2.55,2.6,18000,2.7,12000,0,684000
RECLTD30Jan20135PE.NFO,07/01/2020,13:24:54,2.55,2.55,12000,2.65,24000,0,684000
RECLTD30Jan20135PE.NFO,07/01/2020,13:25:11,2.55,2.5,12000,2.6,24000,0,684000
RECLTD30Jan20135PE.NFO,07/01/2020,13:25:25,2.55,2.5,12000,2.6,18000,0,684000
RECLTD30Jan20135PE.NFO,07/01/2020,13:25:51,2.55,2.5,12000,2.6,24000,0,684000
RECLTD30Jan20135PE.NFO,07/01/2020,13:26:32,2.55,2.5,12000,2.6,18000,0,684000
RECLTD30Jan20135PE.NFO,07/01/2020,13:27:34,2.55,2.5,12000,2.6,12000,0,684000
RECLTD30Jan20135PE.NFO,07/01/2020,13:27:46,2.55,2.55,6000,2.65,18000,0,684000
RECLTD30Jan20135PE.NFO,07/01/2020,13:27:52,2.55,2.55,24000,2.65,18000,0,684000
RECLTD30Jan20135PE.NFO,07/01/2020,13:28:11,2.55,2.55,30000,2.65,6000,0,684000
RECLTD30Jan20135PE.NFO,07/01/2020,13:28:16,2.55,2.55,24000,2.65,6000,0,684000
RECLTD30Jan20135PE.NFO,07/01/2020,13:28:21,2.55,2.55,6000,2.65,18000,0,684000
RECLTD30Jan20135PE.NFO,07/01/2020,13:28:57,2.55,2.55,12000,2.65,18000,0,684000
RECLTD30Jan20135PE.NFO,07/01/2020,13:30:18,2.55,2.55,24000,2.65,24000,0,684000
RECLTD30Jan20135PE.NFO,07/01/2020,13:30:38,2.55,2.55,24000,2.65,12000,0,684000
RECLTD30Jan20135PE.NFO,07/01/2020,13:30:45,2.55,2.55,24000,2.65,6000,0,684000
RECLTD30Jan20135PE.NFO,07/01/2020,13:30:52,2.55,2.6,6000,2.7,24000,0,684000
RECLTD30Jan20135PE.NFO,07/01/2020,13:31:00,2.55,2.55,24000,2.65,6000,0,684000
RECLTD30Jan20135PE.NFO,07/01/2020,13:31:07,2.55,2.55,24000,2.7,24000,0,684000
RECLTD30Jan20135PE.NFO,07/01/2020,13:31:27,2.55,2.55,24000,2.7,30000,0,684000
RECLTD30Jan20135PE.NFO,07/01/2020,13:31:49,2.55,2.55,6000,2.65,24000,0,684000
RECLTD30Jan20135PE.NFO,07/01/2020,13:32:05,2.55,2.55,12000,2.65,24000,0,684000
RECLTD30Jan20135PE.NFO,07/01/2020,13:32:18,2.55,2.55,12000,2.65,18000,0,684000
RECLTD30Jan20135PE.NFO,07/01/2020,13:32:29,2.55,2.55,12000,2.65,12000,0,684000
RECLTD30Jan20135PE.NFO,07/01/2020,13:32:34,2.55,2.55,24000,2.65,12000,0,684000
RECLTD30Jan20135PE.NFO,07/01/2020,13:32:39,2.55,2.6,18000,2.7,24000,0,684000
RECLTD30Jan20135PE.NFO,07/01/2020,13:32:45,2.55,2.55,24000,2.7,24000,0,684000
RECLTD30Jan20135PE.NFO,07/01/2020,13:32:52,2.55,2.55,24000,2.65,18000,0,684000
RECLTD30Jan20135PE.NFO,07/01/2020,13:32:58,2.55,2.55,6000,2.65,18000,0,684000
RECLTD30Jan20135PE.NFO,07/01/2020,13:33:05,2.55,2.55,6000,2.65,24000,0,684000
RECLTD30Jan20135PE.NFO,07/01/2020,13:33:10,2.55,2.5,24000,2.6,6000,0,684000
RECLTD30Jan20135PE.NFO,07/01/2020,13:33:15,2.55,2.5,30000,2.65,30000,0,684000
RECLTD30Jan20135PE.NFO,07/01/2020,13:33:26,2.55,2.5,30000,2.6,12000,0,684000
RECLTD30Jan20135PE.NFO,07/01/2020,13:33:33,2.55,2.5,30000,2.6,18000,0,684000
RECLTD30Jan20135PE.NFO,07/01/2020,13:33:38,2.55,2.45,18000,2.55,30000,0,684000
RECLTD30Jan20135PE.NFO,07/01/2020,13:33:44,2.55,2.4,30000,2.55,30000,0,684000
RECLTD30Jan20135PE.NFO,07/01/2020,13:33:48,2.35,2.3,12000,2.4,24000,42000,684000
RECLTD30Jan20135PE.NFO,07/01/2020,13:33:54,2.35,2.35,18000,2.45,24000,0,684000
RECLTD30Jan20135PE.NFO,07/01/2020,13:34:00,2.35,2.3,12000,2.4,18000,0,684000
RECLTD30Jan20135PE.NFO,07/01/2020,13:34:05,2.35,2.25,24000,2.4,24000,0,684000
RECLTD30Jan20135PE.NFO,07/01/2020,13:34:14,2.35,2.25,12000,2.4,12000,0,684000
RECLTD30Jan20135PE.NFO,07/01/2020,13:34:19,2.35,2.3,18000,2.4,12000,0,684000
RECLTD30Jan20135PE.NFO,07/01/2020,13:34:29,2.35,2.3,18000,2.4,6000,0,684000
RECLTD30Jan20135PE.NFO,07/01/2020,13:35:10,2.25,2.2,6000,2.3,36000,24000,684000
RECLTD30Jan20135PE.NFO,07/01/2020,13:35:16,2.25,2.2,6000,2.3,54000,0,684000
RECLTD30Jan20135PE.NFO,07/01/2020,13:35:21,2.25,2.2,6000,2.3,60000,0,684000
RECLTD30Jan20135PE.NFO,07/01/2020,13:35:27,2.25,2.2,12000,2.3,60000,0,684000
RECLTD30Jan20135PE.NFO,07/01/2020,13:35:33,2.25,2.15,12000,2.2,6000,0,684000
RECLTD30Jan20135PE.NFO,07/01/2020,13:35:40,2.2,2.15,36000,2.25,12000,6000,684000
RECLTD30Jan20135PE.NFO,07/01/2020,13:35:46,2.2,2.15,24000,2.25,12000,0,684000
RECLTD30Jan20135PE.NFO,07/01/2020,13:35:54,2.2,2.15,36000,2.25,12000,0,684000
RECLTD30Jan20135PE.NFO,07/01/2020,13:35:58,2.2,2.15,12000,2.25,18000,0,684000
RECLTD30Jan20135PE.NFO,07/01/2020,13:36:08,2.2,2.15,12000,2.25,12000,0,684000
RECLTD30Jan20135PE.NFO,07/01/2020,13:36:17,2.2,2.15,18000,2.25,12000,0,684000
RECLTD30Jan20135PE.NFO,07/01/2020,13:36:22,2.2,2.15,12000,2.25,24000,0,684000
RECLTD30Jan20135PE.NFO,07/01/2020,13:36:41,2.2,2.15,18000,2.25,12000,0,684000
RECLTD30Jan20135PE.NFO,07/01/2020,13:36:58,2.2,2.15,12000,2.25,30000,0,684000
RECLTD30Jan20135PE.NFO,07/01/2020,13:37:18,2.2,2.2,6000,2.25,30000,0,684000
RECLTD30Jan20135PE.NFO,07/01/2020,13:37:54,2.2,2.2,6000,2.25,12000,0,684000
RECLTD30Jan20135PE.NFO,07/01/2020,13:37:58,2.2,2.2,12000,2.3,54000,0,684000
RECLTD30Jan20135PE.NFO,07/01/2020,13:38:02,2.2,2.2,12000,2.25,6000,0,684000
RECLTD30Jan20135PE.NFO,07/01/2020,13:38:14,2.2,2.15,12000,2.25,36000,6000,702000
RECLTD30Jan20135PE.NFO,07/01/2020,13:38:21,2.2,2.15,12000,2.25,36000,0,702000
RECLTD30Jan20135PE.NFO,07/01/2020,13:39:03,2.2,2.15,12000,2.25,42000,0,702000
RECLTD30Jan20135PE.NFO,07/01/2020,13:39:21,2.2,2.15,24000,2.25,36000,0,702000
RECLTD30Jan20135PE.NFO,07/01/2020,13:39:37,2.2,2.15,24000,2.25,30000,0,702000
RECLTD30Jan20135PE.NFO,07/01/2020,13:39:42,2.2,2.15,24000,2.25,18000,0,702000
RECLTD30Jan20135PE.NFO,07/01/2020,13:39:55,2.2,2.15,30000,2.3,60000,0,702000
RECLTD30Jan20135PE.NFO,07/01/2020,13:39:59,2.2,2.2,6000,2.3,60000,0,702000
RECLTD30Jan20135PE.NFO,07/01/2020,13:40:09,2.2,2.2,12000,2.3,60000,0,702000
RECLTD30Jan20135PE.NFO,07/01/2020,13:40:37,2.2,2.2,6000,2.25,12000,0,702000
RECLTD30Jan20135PE.NFO,07/01/2020,13:41:06,2.2,2.2,6000,2.25,18000,0,702000
RECLTD30Jan20135PE.NFO,07/01/2020,13:41:14,2.2,2.2,12000,2.3,60000,0,702000
RECLTD30Jan20135PE.NFO,07/01/2020,13:41:21,2.2,2.2,18000,2.3,60000,0,702000
RECLTD30Jan20135PE.NFO,07/01/2020,13:41:48,2.2,2.2,30000,2.3,36000,0,702000
RECLTD30Jan20135PE.NFO,07/01/2020,13:41:53,2.2,2.2,30000,2.3,42000,0,702000
RECLTD30Jan20135PE.NFO,07/01/2020,13:41:58,2.2,2.2,30000,2.3,36000,0,702000
RECLTD30Jan20135PE.NFO,07/01/2020,13:42:03,2.2,2.2,30000,2.3,42000,0,702000
RECLTD30Jan20135PE.NFO,07/01/2020,13:42:12,2.2,2.2,30000,2.3,18000,0,702000
RECLTD30Jan20135PE.NFO,07/01/2020,13:42:16,2.2,2.2,30000,2.3,12000,0,702000
RECLTD30Jan20135PE.NFO,07/01/2020,13:42:24,2.2,2.2,18000,2.3,42000,0,702000
RECLTD30Jan20135PE.NFO,07/01/2020,13:42:31,2.2,2.2,6000,2.25,24000,0,702000
RECLTD30Jan20135PE.NFO,07/01/2020,13:42:36,2.2,2.2,6000,2.25,18000,0,702000
RECLTD30Jan20135PE.NFO,07/01/2020,13:42:40,2.2,2.2,6000,2.25,24000,0,702000
RECLTD30Jan20135PE.NFO,07/01/2020,13:42:50,2.2,2.15,30000,2.2,48000,6000,708000
RECLTD30Jan20135PE.NFO,07/01/2020,13:42:54,2.2,2.15,30000,2.2,48000,0,708000
RECLTD30Jan20135PE.NFO,07/01/2020,13:43:08,2.2,2.15,30000,2.2,12000,36000,708000
RECLTD30Jan20135PE.NFO,07/01/2020,13:43:12,2.2,2.15,30000,2.2,12000,0,708000
RECLTD30Jan20135PE.NFO,07/01/2020,13:43:38,2.2,2.15,42000,2.2,6000,6000,708000
RECLTD30Jan20135PE.NFO,07/01/2020,13:43:51,2.2,2.15,42000,2.2,6000,0,708000
RECLTD30Jan20135PE.NFO,07/01/2020,13:45:09,2.2,2.15,36000,2.2,6000,0,708000
RECLTD30Jan20135PE.NFO,07/01/2020,13:45:16,2.15,2.1,30000,2.2,12000,12000,702000
RECLTD30Jan20135PE.NFO,07/01/2020,13:45:23,2.15,2.1,30000,2.2,12000,0,702000
RECLTD30Jan20135PE.NFO,07/01/2020,13:46:44,2.15,2.1,24000,2.2,36000,0,702000
RECLTD30Jan20135PE.NFO,07/01/2020,13:47:20,2.15,2.1,30000,2.2,24000,0,702000
RECLTD30Jan20135PE.NFO,07/01/2020,13:47:26,2.15,2.1,30000,2.2,30000,0,702000
RECLTD30Jan20135PE.NFO,07/01/2020,13:47:31,2.15,2.1,30000,2.2,36000,0,702000
RECLTD30Jan20135PE.NFO,07/01/2020,13:47:41,2.15,2.1,30000,2.2,30000,0,702000
RECLTD30Jan20135PE.NFO,07/01/2020,13:47:47,2.15,2.1,30000,2.2,24000,0,702000
RECLTD30Jan20135PE.NFO,07/01/2020,13:48:55,2.15,2.05,24000,2.15,12000,0,702000
RECLTD30Jan20135PE.NFO,07/01/2020,13:49:02,2.15,2.05,24000,2.15,6000,0,702000
RECLTD30Jan20135PE.NFO,07/01/2020,13:49:08,2.15,2.05,6000,2.15,42000,0,702000
RECLTD30Jan20135PE.NFO,07/01/2020,13:50:10,2.15,2.05,6000,2.1,12000,0,702000
RECLTD30Jan20135PE.NFO,07/01/2020,13:50:17,2.15,2.05,6000,2.15,42000,0,702000
RECLTD30Jan20135PE.NFO,07/01/2020,13:50:24,2.15,2.05,6000,2.1,12000,0,702000
RECLTD30Jan20135PE.NFO,07/01/2020,13:50:31,2.15,2.05,12000,2.1,12000,0,702000
RECLTD30Jan20135PE.NFO,07/01/2020,13:50:38,2.15,2,42000,2.1,12000,0,702000
RECLTD30Jan20135PE.NFO,07/01/2020,13:50:55,2.15,2,18000,2.1,42000,0,702000
RECLTD30Jan20135PE.NFO,07/01/2020,13:51:03,2.15,2,18000,2.1,48000,0,702000
RECLTD30Jan20135PE.NFO,07/01/2020,13:51:09,2.15,2,24000,2.1,48000,0,702000
RECLTD30Jan20135PE.NFO,07/01/2020,13:51:15,2.15,2,36000,2.1,42000,0,702000
RECLTD30Jan20135PE.NFO,07/01/2020,13:51:21,2.15,2,30000,2.1,42000,0,702000
RECLTD30Jan20135PE.NFO,07/01/2020,13:51:36,2.15,2,42000,2.1,24000,0,702000
RECLTD30Jan20135PE.NFO,07/01/2020,13:51:41,2.15,2,36000,2.1,18000,0,702000
RECLTD30Jan20135PE.NFO,07/01/2020,13:51:51,2.15,2.05,24000,2.15,30000,0,702000
RECLTD30Jan20135PE.NFO,07/01/2020,13:51:57,2.15,2.05,24000,2.15,24000,0,702000
RECLTD30Jan20135PE.NFO,07/01/2020,13:52:02,2.15,2.05,36000,2.15,24000,0,702000
RECLTD30Jan20135PE.NFO,07/01/2020,13:52:18,2.15,2.05,12000,2.15,42000,0,702000
RECLTD30Jan20135PE.NFO,07/01/2020,13:52:26,2.15,2.05,24000,2.15,36000,0,702000
RECLTD30Jan20135PE.NFO,07/01/2020,13:52:43,2.15,2.05,36000,2.15,18000,0,702000
RECLTD30Jan20135PE.NFO,07/01/2020,13:52:47,2.15,2.05,36000,2.15,30000,0,702000
RECLTD30Jan20135PE.NFO,07/01/2020,13:53:08,2.15,2.05,36000,2.15,24000,0,702000
RECLTD30Jan20135PE.NFO,07/01/2020,13:53:12,2.15,2.05,36000,2.15,18000,0,702000
RECLTD30Jan20135PE.NFO,07/01/2020,13:53:34,2.15,2.05,36000,2.15,24000,0,702000
RECLTD30Jan20135PE.NFO,07/01/2020,13:53:43,2.15,2.1,30000,2.2,30000,6000,696000
RECLTD30Jan20135PE.NFO,07/01/2020,13:53:52,2.2,2.15,36000,2.25,18000,6000,696000
RECLTD30Jan20135PE.NFO,07/01/2020,13:54:00,2.2,2.15,30000,2.25,24000,0,696000
RECLTD30Jan20135PE.NFO,07/01/2020,13:54:27,2.15,2.1,36000,2.2,6000,6000,696000
RECLTD30Jan20135PE.NFO,07/01/2020,13:54:32,2.15,2.1,36000,2.2,18000,0,696000
RECLTD30Jan20135PE.NFO,07/01/2020,13:54:41,2.15,2.1,36000,2.2,24000,0,696000
RECLTD30Jan20135PE.NFO,07/01/2020,13:54:56,2.15,2.1,36000,2.2,6000,0,696000
RECLTD30Jan20135PE.NFO,07/01/2020,13:55:08,2.15,2.1,18000,2.15,6000,0,696000
RECLTD30Jan20135PE.NFO,07/01/2020,13:55:15,2.15,2.05,36000,2.15,6000,0,696000
RECLTD30Jan20135PE.NFO,07/01/2020,13:55:58,2.15,2.1,6000,2.15,6000,0,696000
RECLTD30Jan20135PE.NFO,07/01/2020,13:56:03,2.15,2.1,30000,2.2,30000,0,696000
RECLTD30Jan20135PE.NFO,07/01/2020,13:56:09,2.15,2.1,30000,2.2,24000,0,696000
RECLTD30Jan20135PE.NFO,07/01/2020,13:56:14,2.15,2.1,36000,2.2,6000,0,696000
RECLTD30Jan20135PE.NFO,07/01/2020,13:56:22,2.15,2.1,36000,2.25,36000,0,696000
RECLTD30Jan20135PE.NFO,07/01/2020,13:56:32,2.15,2.15,6000,2.25,42000,0,696000
RECLTD30Jan20135PE.NFO,07/01/2020,13:56:44,2.15,2.15,30000,2.25,12000,0,696000
RECLTD30Jan20135PE.NFO,07/01/2020,13:56:49,2.15,2.15,24000,2.25,24000,0,696000
RECLTD30Jan20135PE.NFO,07/01/2020,13:56:53,2.15,2.15,30000,2.25,24000,0,696000
RECLTD30Jan20135PE.NFO,07/01/2020,13:56:58,2.15,2.15,6000,2.2,6000,0,696000
RECLTD30Jan20135PE.NFO,07/01/2020,13:57:22,2.15,2.1,36000,2.2,6000,0,696000
RECLTD30Jan20135PE.NFO,07/01/2020,13:57:42,2.15,2.15,12000,2.2,6000,0,696000
RECLTD30Jan20135PE.NFO,07/01/2020,13:58:15,2.15,2.1,36000,2.2,6000,0,696000
RECLTD30Jan20135PE.NFO,07/01/2020,13:58:34,2.15,2.15,18000,2.2,6000,0,696000
RECLTD30Jan20135PE.NFO,07/01/2020,13:58:45,2.15,2.15,12000,2.25,42000,0,696000
RECLTD30Jan20135PE.NFO,07/01/2020,13:58:53,2.15,2.1,36000,2.2,6000,0,696000
RECLTD30Jan20135PE.NFO,07/01/2020,13:59:10,2.15,2.1,36000,2.2,12000,0,696000
RECLTD30Jan20135PE.NFO,07/01/2020,13:59:14,2.15,2.1,36000,2.2,6000,0,696000
RECLTD30Jan20135PE.NFO,07/01/2020,13:59:18,2.15,2.15,6000,2.2,6000,0,696000
RECLTD30Jan20135PE.NFO,07/01/2020,13:59:22,2.15,2.1,36000,2.25,42000,0,696000
RECLTD30Jan20135PE.NFO,07/01/2020,13:59:35,2.15,2.15,24000,2.25,42000,0,696000
RECLTD30Jan20135PE.NFO,07/01/2020,13:59:43,2.15,2.15,18000,2.2,6000,0,696000
RECLTD30Jan20135PE.NFO,07/01/2020,14:00:48,2.15,2.1,24000,2.15,6000,0,696000
RECLTD30Jan20135PE.NFO,07/01/2020,14:00:55,2.15,2.05,36000,2.15,6000,0,696000
RECLTD30Jan20135PE.NFO,07/01/2020,14:01:07,2.15,2.1,36000,2.2,6000,0,696000
RECLTD30Jan20135PE.NFO,07/01/2020,14:01:17,2.15,2.1,36000,2.2,12000,0,696000
RECLTD30Jan20135PE.NFO,07/01/2020,14:01:34,2.15,2.1,18000,2.15,6000,0,696000
RECLTD30Jan20135PE.NFO,07/01/2020,14:01:38,2.15,2.05,36000,2.15,6000,0,696000
RECLTD30Jan20135PE.NFO,07/01/2020,14:01:45,2.15,2.05,24000,2.1,6000,0,696000
RECLTD30Jan20135PE.NFO,07/01/2020,14:01:49,2.15,2,36000,2.1,6000,0,696000
RECLTD30Jan20135PE.NFO,07/01/2020,14:01:56,2.05,2,30000,2.1,18000,6000,696000
RECLTD30Jan20135PE.NFO,07/01/2020,14:01:58,2.05,2,30000,2.1,42000,0,696000
RECLTD30Jan20135PE.NFO,07/01/2020,14:02:02,2.05,2,30000,2.1,24000,0,696000
RECLTD30Jan20135PE.NFO,07/01/2020,14:02:16,2.05,2,30000,2.1,18000,0,696000
RECLTD30Jan20135PE.NFO,07/01/2020,14:02:23,2.05,2,30000,2.1,24000,0,696000
RECLTD30Jan20135PE.NFO,07/01/2020,14:02:26,2.05,2,30000,2.1,6000,0,696000
RECLTD30Jan20135PE.NFO,07/01/2020,14:02:30,2.05,2,36000,2.15,48000,0,696000
RECLTD30Jan20135PE.NFO,07/01/2020,14:02:35,2.05,2,42000,2.1,6000,0,696000
RECLTD30Jan20135PE.NFO,07/01/2020,14:02:39,2.05,2,42000,2.15,48000,0,696000
RECLTD30Jan20135PE.NFO,07/01/2020,14:02:46,2.05,2,36000,2.1,6000,0,696000
RECLTD30Jan20135PE.NFO,07/01/2020,14:02:50,2.05,2,36000,2.1,18000,0,696000
RECLTD30Jan20135PE.NFO,07/01/2020,14:02:53,2.05,2,36000,2.1,36000,0,696000
RECLTD30Jan20135PE.NFO,07/01/2020,14:03:25,2.05,2,30000,2.1,36000,0,696000
RECLTD30Jan20135PE.NFO,07/01/2020,14:03:29,2.05,2,30000,2.1,48000,0,696000
RECLTD30Jan20135PE.NFO,07/01/2020,14:03:38,2.05,2,18000,2.1,48000,0,696000
RECLTD30Jan20135PE.NFO,07/01/2020,14:03:45,2.05,2,12000,2.1,48000,0,696000
RECLTD30Jan20135PE.NFO,07/01/2020,14:03:57,2.05,2,18000,2.1,48000,0,696000
RECLTD30Jan20135PE.NFO,07/01/2020,14:04:32,2.05,2,30000,2.1,30000,0,696000
RECLTD30Jan20135PE.NFO,07/01/2020,14:04:35,2.05,2.05,6000,2.1,12000,0,696000
RECLTD30Jan20135PE.NFO,07/01/2020,14:04:38,2.05,2,36000,2.1,6000,0,696000
RECLTD30Jan20135PE.NFO,07/01/2020,14:04:52,2.05,2,42000,2.1,6000,0,696000
RECLTD30Jan20135PE.NFO,07/01/2020,14:05:01,2.05,2,36000,2.1,6000,0,696000
RECLTD30Jan20135PE.NFO,07/01/2020,14:05:05,2.05,2,24000,2.1,36000,0,696000
RECLTD30Jan20135PE.NFO,07/01/2020,14:05:08,2.05,2,24000,2.1,48000,0,696000
RECLTD30Jan20135PE.NFO,07/01/2020,14:05:27,2.05,2,24000,2.1,42000,0,696000
RECLTD30Jan20135PE.NFO,07/01/2020,14:05:31,2.05,2.05,6000,2.1,12000,0,696000
RECLTD30Jan20135PE.NFO,07/01/2020,14:05:36,2.05,2,30000,2.1,36000,0,696000
RECLTD30Jan20135PE.NFO,07/01/2020,14:05:46,2.05,2,30000,2.1,30000,0,696000
RECLTD30Jan20135PE.NFO,07/01/2020,14:05:51,2.05,2,30000,2.1,6000,0,696000
RECLTD30Jan20135PE.NFO,07/01/2020,14:05:56,2.05,2,30000,2.1,12000,0,696000
RECLTD30Jan20135PE.NFO,07/01/2020,14:06:04,2.05,2,30000,2.1,18000,0,696000
RECLTD30Jan20135PE.NFO,07/01/2020,14:06:23,2.05,2,30000,2.1,6000,0,696000
RECLTD30Jan20135PE.NFO,07/01/2020,14:06:40,2.05,2.05,6000,2.15,48000,0,696000
RECLTD30Jan20135PE.NFO,07/01/2020,14:07:25,2.05,2,36000,2.1,6000,0,696000
RECLTD30Jan20135PE.NFO,07/01/2020,14:07:37,2.05,2.05,6000,2.1,6000,0,696000
RECLTD30Jan20135PE.NFO,07/01/2020,14:07:47,2.05,2,36000,2.1,6000,0,696000
RECLTD30Jan20135PE.NFO,07/01/2020,14:08:01,2.05,2.05,6000,2.15,48000,0,696000
RECLTD30Jan20135PE.NFO,07/01/2020,14:08:25,2.05,2,36000,2.1,30000,0,696000
RECLTD30Jan20135PE.NFO,07/01/2020,14:08:29,2.05,2,36000,2.1,36000,0,696000
RECLTD30Jan20135PE.NFO,07/01/2020,14:08:54,2.05,2,36000,2.1,42000,0,696000
RECLTD30Jan20135PE.NFO,07/01/2020,14:09:02,2.05,2,36000,2.1,36000,0,696000
RECLTD30Jan20135PE.NFO,07/01/2020,14:09:24,2.05,2,36000,2.1,12000,0,696000
RECLTD30Jan20135PE.NFO,07/01/2020,14:09:33,2.05,2,36000,2.1,24000,0,696000
RECLTD30Jan20135PE.NFO,07/01/2020,14:10:02,2.05,2,18000,2.05,12000,0,696000
RECLTD30Jan20135PE.NFO,07/01/2020,14:10:10,2.05,2,6000,2.05,36000,0,696000
RECLTD30Jan20135PE.NFO,07/01/2020,14:10:22,2.05,2,6000,2.05,30000,0,696000
RECLTD30Jan20135PE.NFO,07/01/2020,14:10:27,2.05,2,12000,2.05,18000,0,696000
RECLTD30Jan20135PE.NFO,07/01/2020,14:10:32,2.05,2,18000,2.1,42000,0,696000
RECLTD30Jan20135PE.NFO,07/01/2020,14:10:54,2.05,2,18000,2.1,36000,0,696000
RECLTD30Jan20135PE.NFO,07/01/2020,14:11:30,2.05,2,12000,2.1,36000,0,696000
RECLTD30Jan20135PE.NFO,07/01/2020,14:12:28,2,1.9,24000,2,12000,6000,696000
RECLTD30Jan20135PE.NFO,07/01/2020,14:12:43,2,1.9,30000,2,18000,0,696000
RECLTD30Jan20135PE.NFO,07/01/2020,14:12:47,2,1.95,6000,2.05,48000,6000,696000
RECLTD30Jan20135PE.NFO,07/01/2020,14:12:51,2,1.95,6000,2.05,48000,0,696000
RECLTD30Jan20135PE.NFO,07/01/2020,14:13:08,2,1.95,6000,2.05,54000,0,696000
RECLTD30Jan20135PE.NFO,07/01/2020,14:13:19,2,1.9,30000,2.05,54000,0,696000
RECLTD30Jan20135PE.NFO,07/01/2020,14:13:34,2,1.9,30000,2,48000,0,696000
RECLTD30Jan20135PE.NFO,07/01/2020,14:13:47,2,1.9,30000,2,54000,0,696000
RECLTD30Jan20135PE.NFO,07/01/2020,14:13:52,2,1.9,30000,2,48000,0,696000
RECLTD30Jan20135PE.NFO,07/01/2020,14:14:03,2,1.9,30000,2,30000,0,696000
RECLTD30Jan20135PE.NFO,07/01/2020,14:14:20,2,1.95,12000,2,30000,0,696000
RECLTD30Jan20135PE.NFO,07/01/2020,14:14:25,2,1.9,30000,2,18000,0,696000
RECLTD30Jan20135PE.NFO,07/01/2020,14:14:40,2,1.95,12000,2,12000,0,696000
RECLTD30Jan20135PE.NFO,07/01/2020,14:14:44,2,1.9,30000,2,6000,0,696000
RECLTD30Jan20135PE.NFO,07/01/2020,14:14:58,2,1.95,12000,2.05,54000,0,696000
RECLTD30Jan20135PE.NFO,07/01/2020,14:15:05,2,1.95,12000,2,12000,0,696000
RECLTD30Jan20135PE.NFO,07/01/2020,14:15:24,2,1.9,18000,2,36000,0,696000
RECLTD30Jan20135PE.NFO,07/01/2020,14:15:38,2,1.9,12000,1.95,12000,0,696000
RECLTD30Jan20135PE.NFO,07/01/2020,14:15:58,2,1.9,6000,1.95,6000,0,696000
RECLTD30Jan20135PE.NFO,07/01/2020,14:16:04,2,1.9,36000,2,42000,0,696000
RECLTD30Jan20135PE.NFO,07/01/2020,14:16:21,2,1.95,12000,2,42000,0,696000
RECLTD30Jan20135PE.NFO,07/01/2020,14:16:39,2,1.95,18000,2,6000,0,696000
RECLTD30Jan20135PE.NFO,07/01/2020,14:16:51,2,1.95,18000,2.05,48000,0,696000
RECLTD30Jan20135PE.NFO,07/01/2020,14:17:05,2,1.95,12000,2.05,42000,6000,702000
RECLTD30Jan20135PE.NFO,07/01/2020,14:17:08,2,1.95,12000,2.05,42000,0,702000
RECLTD30Jan20135PE.NFO,07/01/2020,14:18:17,2,1.95,30000,2.05,6000,0,702000
RECLTD30Jan20135PE.NFO,07/01/2020,14:18:36,2,1.95,30000,2.05,24000,0,702000
RECLTD30Jan20135PE.NFO,07/01/2020,14:19:31,2,1.95,30000,2.05,30000,0,702000
RECLTD30Jan20135PE.NFO,07/01/2020,14:19:36,2,1.95,30000,2.05,36000,0,702000
RECLTD30Jan20135PE.NFO,07/01/2020,14:20:21,2,1.95,30000,2.05,30000,0,702000
RECLTD30Jan20135PE.NFO,07/01/2020,14:20:37,2,1.95,30000,2.05,36000,0,702000
RECLTD30Jan20135PE.NFO,07/01/2020,14:21:07,2,1.9,36000,2,36000,0,702000
RECLTD30Jan20135PE.NFO,07/01/2020,14:21:12,2,1.9,36000,2,42000,0,702000
RECLTD30Jan20135PE.NFO,07/01/2020,14:23:09,2,1.95,12000,2,12000,0,702000
RECLTD30Jan20135PE.NFO,07/01/2020,14:23:18,2,1.9,36000,2,24000,0,702000
RECLTD30Jan20135PE.NFO,07/01/2020,14:23:23,2,1.9,36000,2,42000,0,702000
RECLTD30Jan20135PE.NFO,07/01/2020,14:23:58,2,1.9,36000,2,36000,0,702000
RECLTD30Jan20135PE.NFO,07/01/2020,14:24:13,2,1.9,36000,2,30000,0,702000
RECLTD30Jan20135PE.NFO,07/01/2020,14:24:21,2,1.9,36000,2,36000,0,702000
RECLTD30Jan20135PE.NFO,07/01/2020,14:24:43,2,1.9,36000,2,30000,0,702000
RECLTD30Jan20135PE.NFO,07/01/2020,14:25:00,2,1.9,36000,2,48000,0,702000
RECLTD30Jan20135PE.NFO,07/01/2020,14:25:05,2,1.9,36000,2,42000,0,702000
RECLTD30Jan20135PE.NFO,07/01/2020,14:25:22,2,1.9,18000,2,42000,0,702000
RECLTD30Jan20135PE.NFO,07/01/2020,14:25:32,2,1.9,12000,1.95,6000,0,702000
RECLTD30Jan20135PE.NFO,07/01/2020,14:25:36,2,1.9,12000,2,42000,0,702000
RECLTD30Jan20135PE.NFO,07/01/2020,14:25:41,2,1.9,12000,2,48000,0,702000
RECLTD30Jan20135PE.NFO,07/01/2020,14:26:57,2,1.9,12000,2,42000,0,702000
RECLTD30Jan20135PE.NFO,07/01/2020,14:27:13,2,1.85,12000,1.95,48000,0,702000
RECLTD30Jan20135PE.NFO,07/01/2020,14:27:20,2,1.8,42000,1.9,18000,0,702000
RECLTD30Jan20135PE.NFO,07/01/2020,14:27:32,2,1.8,42000,1.9,24000,0,702000
RECLTD30Jan20135PE.NFO,07/01/2020,14:27:58,2,1.8,42000,1.9,12000,0,702000
RECLTD30Jan20135PE.NFO,07/01/2020,14:28:03,2,1.8,36000,1.9,30000,0,702000
RECLTD30Jan20135PE.NFO,07/01/2020,14:28:06,2,1.8,36000,1.9,48000,0,702000
RECLTD30Jan20135PE.NFO,07/01/2020,14:28:16,2,1.8,30000,1.9,48000,0,702000
RECLTD30Jan20135PE.NFO,07/01/2020,14:28:20,2,1.8,36000,1.9,48000,0,702000
RECLTD30Jan20135PE.NFO,07/01/2020,14:28:36,2,1.8,36000,1.9,30000,0,702000
RECLTD30Jan20135PE.NFO,07/01/2020,14:29:03,2,1.8,36000,1.9,24000,0,702000
RECLTD30Jan20135PE.NFO,07/01/2020,14:29:19,2,1.8,36000,1.9,30000,0,702000
RECLTD30Jan20135PE.NFO,07/01/2020,14:29:25,2,1.8,36000,1.9,48000,0,702000
RECLTD30Jan20135PE.NFO,07/01/2020,14:29:41,2,1.85,12000,1.9,24000,0,702000
RECLTD30Jan20135PE.NFO,07/01/2020,14:29:48,2,1.85,12000,1.9,30000,0,702000
RECLTD30Jan20135PE.NFO,07/01/2020,14:29:53,2,1.85,12000,1.9,24000,0,702000
RECLTD30Jan20135PE.NFO,07/01/2020,14:29:57,2,1.8,36000,1.9,48000,0,702000
RECLTD30Jan20135PE.NFO,07/01/2020,14:30:16,2,1.8,24000,1.85,12000,0,702000
RECLTD30Jan20135PE.NFO,07/01/2020,14:30:21,2,1.75,30000,1.85,30000,0,702000
RECLTD30Jan20135PE.NFO,07/01/2020,14:30:27,2,1.75,36000,1.85,30000,0,702000
RECLTD30Jan20135PE.NFO,07/01/2020,14:30:46,2,1.75,36000,1.85,36000,0,702000
RECLTD30Jan20135PE.NFO,07/01/2020,14:30:56,2,1.75,42000,1.85,24000,0,702000
RECLTD30Jan20135PE.NFO,07/01/2020,14:31:12,2,1.75,36000,1.85,48000,0,702000
RECLTD30Jan20135PE.NFO,07/01/2020,14:31:21,2,1.75,18000,1.85,48000,0,702000
RECLTD30Jan20135PE.NFO,07/01/2020,14:31:29,2,1.75,12000,1.8,12000,0,702000
RECLTD30Jan20135PE.NFO,07/01/2020,14:31:37,2,1.75,12000,1.8,18000,0,702000
RECLTD30Jan20135PE.NFO,07/01/2020,14:31:46,2,1.75,12000,1.85,48000,0,702000
RECLTD30Jan20135PE.NFO,07/01/2020,14:31:59,2,1.75,12000,1.8,18000,0,702000
RECLTD30Jan20135PE.NFO,07/01/2020,14:32:13,2,1.75,12000,1.8,12000,0,702000
RECLTD30Jan20135PE.NFO,07/01/2020,14:32:23,2,1.75,18000,1.85,48000,0,702000
RECLTD30Jan20135PE.NFO,07/01/2020,14:32:30,2,1.75,36000,1.85,48000,0,702000
RECLTD30Jan20135PE.NFO,07/01/2020,14:32:52,2,1.75,12000,1.8,6000,0,702000
RECLTD30Jan20135PE.NFO,07/01/2020,14:32:58,2,1.75,12000,1.85,48000,0,702000
RECLTD30Jan20135PE.NFO,07/01/2020,14:33:04,2,1.75,18000,1.8,12000,0,702000
RECLTD30Jan20135PE.NFO,07/01/2020,14:33:13,2,1.75,12000,1.8,12000,0,702000
RECLTD30Jan20135PE.NFO,07/01/2020,14:33:21,2,1.75,18000,1.8,18000,0,702000
RECLTD30Jan20135PE.NFO,07/01/2020,14:33:41,2,1.75,12000,1.8,42000,0,702000
RECLTD30Jan20135PE.NFO,07/01/2020,14:33:47,2,1.75,12000,1.8,36000,0,702000
RECLTD30Jan20135PE.NFO,07/01/2020,14:33:53,2,1.75,12000,1.8,30000,0,702000
RECLTD30Jan20135PE.NFO,07/01/2020,14:34:00,2,1.75,12000,1.8,36000,0,702000
