Ticker,Date,Time,LTP,BuyPrice,BuyQty,SellPrice,SellQty,LTQ,OpenInterest
RECLTD30Jan20142.5CE.NFO,07/01/2020,09:18:32,4.45,4.35,12000,4.8,6000,6000,108000
RECLTD30Jan20142.5CE.NFO,07/01/2020,09:18:32,4.45,4.35,12000,4.8,6000,0,108000
RECLTD30Jan20142.5CE.NFO,07/01/2020,09:18:32,4.45,4.35,12000,4.8,6000,0,108000
RECLTD30Jan20142.5CE.NFO,07/01/2020,09:18:32,4.45,4.35,12000,4.8,6000,0,108000
RECLTD30Jan20142.5CE.NFO,07/01/2020,09:18:41,4.65,4.3,12000,5.1,6000,6000,108000
RECLTD30Jan20142.5CE.NFO,07/01/2020,09:18:41,4.65,4.3,12000,5.1,6000,0,108000
RECLTD30Jan20142.5CE.NFO,07/01/2020,09:18:50,4.65,4.45,18000,5.15,12000,0,108000
RECLTD30Jan20142.5CE.NFO,07/01/2020,09:18:59,4.65,4.45,6000,5,6000,0,108000
RECLTD30Jan20142.5CE.NFO,07/01/2020,09:19:08,4.65,4.45,6000,5.05,6000,0,108000
RECLTD30Jan20142.5CE.NFO,07/01/2020,09:19:16,4.65,4.45,12000,4.8,6000,0,108000
RECLTD30Jan20142.5CE.NFO,07/01/2020,09:19:25,4.65,4.55,6000,4.9,6000,0,108000
RECLTD30Jan20142.5CE.NFO,07/01/2020,09:19:33,4.65,4.6,6000,4.95,6000,0,108000
RECLTD30Jan20142.5CE.NFO,07/01/2020,09:19:42,4.65,4.5,6000,4.85,6000,0,108000
RECLTD30Jan20142.5CE.NFO,07/01/2020,09:19:49,4.65,4.35,78000,4.9,6000,0,108000
RECLTD30Jan20142.5CE.NFO,07/01/2020,09:19:57,4.65,4.45,30000,5,6000,0,108000
RECLTD30Jan20142.5CE.NFO,07/01/2020,09:20:05,4.65,4.45,90000,5.05,6000,0,108000
RECLTD30Jan20142.5CE.NFO,07/01/2020,09:20:13,4.65,4.45,96000,5,6000,0,108000
RECLTD30Jan20142.5CE.NFO,07/01/2020,09:20:21,4.65,4.5,18000,5,6000,0,108000
RECLTD30Jan20142.5CE.NFO,07/01/2020,09:20:29,4.65,4.5,18000,4.95,6000,0,108000
RECLTD30Jan20142.5CE.NFO,07/01/2020,09:20:36,4.65,4.55,12000,4.9,6000,0,108000
RECLTD30Jan20142.5CE.NFO,07/01/2020,09:20:44,4.65,4.65,6000,5.05,6000,0,108000
RECLTD30Jan20142.5CE.NFO,07/01/2020,09:20:51,4.65,4.65,6000,5,6000,0,108000
RECLTD30Jan20142.5CE.NFO,07/01/2020,09:20:59,4.65,4.6,6000,4.95,6000,0,108000
RECLTD30Jan20142.5CE.NFO,07/01/2020,09:21:15,4.65,4.55,54000,5,6000,0,108000
RECLTD30Jan20142.5CE.NFO,07/01/2020,09:21:23,4.65,4.55,42000,5,6000,0,108000
RECLTD30Jan20142.5CE.NFO,07/01/2020,09:21:30,4.65,4.55,24000,4.95,6000,0,108000
RECLTD30Jan20142.5CE.NFO,07/01/2020,09:21:38,4.65,4.55,24000,4.85,6000,0,108000
RECLTD30Jan20142.5CE.NFO,07/01/2020,09:21:46,4.65,4.55,12000,4.95,6000,0,108000
RECLTD30Jan20142.5CE.NFO,07/01/2020,09:21:54,4.65,4.55,12000,4.95,12000,0,108000
RECLTD30Jan20142.5CE.NFO,07/01/2020,09:22:02,4.65,4.65,6000,4.95,6000,0,108000
RECLTD30Jan20142.5CE.NFO,07/01/2020,09:22:10,4.65,4.65,6000,4.9,6000,0,108000
RECLTD30Jan20142.5CE.NFO,07/01/2020,09:22:19,4.65,4.6,18000,4.9,6000,0,108000
RECLTD30Jan20142.5CE.NFO,07/01/2020,09:22:26,4.65,4.6,24000,4.95,6000,0,108000
RECLTD30Jan20142.5CE.NFO,07/01/2020,09:22:33,4.65,4.6,24000,5,12000,0,108000
RECLTD30Jan20142.5CE.NFO,07/01/2020,09:22:40,4.65,4.65,24000,5,6000,0,108000
RECLTD30Jan20142.5CE.NFO,07/01/2020,09:22:47,4.65,4.75,12000,5.1,6000,0,108000
RECLTD30Jan20142.5CE.NFO,07/01/2020,09:22:55,4.65,4.8,6000,5.15,6000,0,108000
RECLTD30Jan20142.5CE.NFO,07/01/2020,09:23:10,4.65,4.8,12000,5.2,6000,0,108000
RECLTD30Jan20142.5CE.NFO,07/01/2020,09:23:17,4.65,4.85,12000,5.2,6000,0,108000
RECLTD30Jan20142.5CE.NFO,07/01/2020,09:23:30,4.65,4.8,6000,5.15,12000,0,108000
RECLTD30Jan20142.5CE.NFO,07/01/2020,09:23:49,4.65,4.8,12000,5.2,12000,0,108000
RECLTD30Jan20142.5CE.NFO,07/01/2020,09:23:55,4.65,4.75,6000,5.1,12000,0,108000
RECLTD30Jan20142.5CE.NFO,07/01/2020,09:24:03,4.65,4.8,12000,5.15,12000,0,108000
RECLTD30Jan20142.5CE.NFO,07/01/2020,09:24:09,4.65,4.8,12000,5.2,12000,0,108000
RECLTD30Jan20142.5CE.NFO,07/01/2020,09:24:17,4.65,4.8,6000,5.2,12000,0,108000
RECLTD30Jan20142.5CE.NFO,07/01/2020,09:24:24,4.65,4.75,12000,5.15,12000,0,108000
RECLTD30Jan20142.5CE.NFO,07/01/2020,09:24:30,4.65,4.75,6000,5.1,6000,0,108000
RECLTD30Jan20142.5CE.NFO,07/01/2020,09:24:37,4.65,4.85,12000,5.25,12000,0,108000
RECLTD30Jan20142.5CE.NFO,07/01/2020,09:24:43,4.65,4.85,18000,5.2,6000,0,108000
RECLTD30Jan20142.5CE.NFO,07/01/2020,09:24:49,4.65,4.8,12000,5.2,12000,0,108000
RECLTD30Jan20142.5CE.NFO,07/01/2020,09:24:55,4.65,4.85,6000,5.2,6000,0,108000
RECLTD30Jan20142.5CE.NFO,07/01/2020,09:25:02,4.65,4.85,18000,5.25,12000,0,108000
RECLTD30Jan20142.5CE.NFO,07/01/2020,09:25:10,4.65,4.95,6000,5.35,12000,0,108000
RECLTD30Jan20142.5CE.NFO,07/01/2020,09:25:17,4.65,5,6000,5.35,12000,0,108000
RECLTD30Jan20142.5CE.NFO,07/01/2020,09:25:24,4.65,5.05,6000,5.45,12000,0,108000
RECLTD30Jan20142.5CE.NFO,07/01/2020,09:25:31,4.65,5,6000,5.3,6000,0,108000
RECLTD30Jan20142.5CE.NFO,07/01/2020,09:26:09,4.65,5.05,18000,5.4,12000,0,108000
RECLTD30Jan20142.5CE.NFO,07/01/2020,09:26:17,4.65,5.05,6000,5.35,12000,0,108000
RECLTD30Jan20142.5CE.NFO,07/01/2020,09:26:29,4.65,5.1,6000,5.4,12000,0,108000
RECLTD30Jan20142.5CE.NFO,07/01/2020,09:26:36,4.65,5.1,24000,5.4,12000,0,108000
RECLTD30Jan20142.5CE.NFO,07/01/2020,09:26:43,4.65,5.15,12000,5.4,6000,0,108000
RECLTD30Jan20142.5CE.NFO,07/01/2020,09:26:49,4.65,5.2,12000,5.4,6000,0,108000
RECLTD30Jan20142.5CE.NFO,07/01/2020,09:26:55,4.65,5.35,6000,5.6,6000,0,108000
RECLTD30Jan20142.5CE.NFO,07/01/2020,09:27:00,4.65,5.3,6000,5.55,6000,0,108000
RECLTD30Jan20142.5CE.NFO,07/01/2020,09:27:05,4.65,5.4,6000,5.6,6000,0,108000
RECLTD30Jan20142.5CE.NFO,07/01/2020,09:27:10,4.65,5.35,18000,5.55,6000,0,108000
RECLTD30Jan20142.5CE.NFO,07/01/2020,09:27:16,4.65,5.4,6000,5.55,12000,0,108000
RECLTD30Jan20142.5CE.NFO,07/01/2020,09:27:23,4.65,5.35,6000,5.55,12000,0,108000
RECLTD30Jan20142.5CE.NFO,07/01/2020,09:27:30,4.65,5.35,6000,5.5,6000,0,108000
RECLTD30Jan20142.5CE.NFO,07/01/2020,09:27:36,4.65,5.35,6000,5.55,12000,0,108000
RECLTD30Jan20142.5CE.NFO,07/01/2020,09:27:42,4.65,5.3,6000,5.45,12000,0,108000
RECLTD30Jan20142.5CE.NFO,07/01/2020,09:27:55,4.65,5.3,6000,5.45,6000,0,108000
RECLTD30Jan20142.5CE.NFO,07/01/2020,09:28:10,5.3,5.15,12000,5.35,6000,6000,102000
RECLTD30Jan20142.5CE.NFO,07/01/2020,09:28:10,5.3,5.15,12000,5.35,6000,0,102000
RECLTD30Jan20142.5CE.NFO,07/01/2020,09:28:18,5.3,5.15,12000,5.3,6000,0,102000
RECLTD30Jan20142.5CE.NFO,07/01/2020,09:28:24,5.3,5.15,12000,5.35,6000,0,102000
RECLTD30Jan20142.5CE.NFO,07/01/2020,09:28:30,5.3,5.15,6000,5.3,6000,0,102000
RECLTD30Jan20142.5CE.NFO,07/01/2020,09:28:36,5.3,5.15,12000,5.3,6000,0,102000
RECLTD30Jan20142.5CE.NFO,07/01/2020,09:28:47,5.3,5.2,12000,5.35,6000,0,102000
RECLTD30Jan20142.5CE.NFO,07/01/2020,09:28:53,5.3,5.25,12000,5.4,6000,0,102000
RECLTD30Jan20142.5CE.NFO,07/01/2020,09:28:59,5.3,5.25,18000,5.45,6000,0,102000
RECLTD30Jan20142.5CE.NFO,07/01/2020,09:29:12,5.3,5.3,6000,5.45,6000,0,102000
RECLTD30Jan20142.5CE.NFO,07/01/2020,09:29:18,5.3,5.3,6000,5.5,6000,0,102000
RECLTD30Jan20142.5CE.NFO,07/01/2020,09:29:30,5.3,5.25,18000,5.45,6000,0,102000
RECLTD30Jan20142.5CE.NFO,07/01/2020,09:29:43,5.3,5.25,6000,5.35,6000,0,102000
RECLTD30Jan20142.5CE.NFO,07/01/2020,09:30:16,5.3,5.25,18000,5.45,6000,0,102000
RECLTD30Jan20142.5CE.NFO,07/01/2020,09:30:22,5.3,5.25,12000,5.35,6000,0,102000
RECLTD30Jan20142.5CE.NFO,07/01/2020,09:30:28,5.3,5.25,12000,5.4,6000,0,102000
RECLTD30Jan20142.5CE.NFO,07/01/2020,09:30:38,5.3,5.25,18000,5.4,6000,0,102000
RECLTD30Jan20142.5CE.NFO,07/01/2020,09:31:04,5.3,5.25,12000,5.4,6000,0,102000
RECLTD30Jan20142.5CE.NFO,07/01/2020,09:31:10,5.3,5.25,6000,5.3,6000,0,102000
RECLTD30Jan20142.5CE.NFO,07/01/2020,09:31:16,5.25,5.15,6000,5.25,6000,6000,108000
RECLTD30Jan20142.5CE.NFO,07/01/2020,09:31:22,5.25,5.15,18000,5.4,6000,0,108000
RECLTD30Jan20142.5CE.NFO,07/01/2020,09:31:28,5.25,5.1,18000,5.4,6000,0,108000
RECLTD30Jan20142.5CE.NFO,07/01/2020,09:31:33,5.25,5.15,12000,5.4,6000,0,108000
RECLTD30Jan20142.5CE.NFO,07/01/2020,09:31:39,5.25,5.15,18000,5.4,6000,0,108000
RECLTD30Jan20142.5CE.NFO,07/01/2020,09:31:45,5.25,5.15,12000,5.4,6000,0,108000
RECLTD30Jan20142.5CE.NFO,07/01/2020,09:31:55,5.25,5.15,6000,5.25,6000,0,108000
RECLTD30Jan20142.5CE.NFO,07/01/2020,09:32:15,5.25,5.1,6000,5.25,6000,0,108000
RECLTD30Jan20142.5CE.NFO,07/01/2020,09:32:35,5.25,5.05,12000,5.25,6000,0,108000
RECLTD30Jan20142.5CE.NFO,07/01/2020,09:32:42,5.05,5.05,12000,5.4,24000,6000,114000
RECLTD30Jan20142.5CE.NFO,07/01/2020,09:32:48,5.05,5.05,6000,5.3,12000,0,114000
RECLTD30Jan20142.5CE.NFO,07/01/2020,09:32:54,5.05,5.05,12000,5.3,12000,0,114000
RECLTD30Jan20142.5CE.NFO,07/01/2020,09:32:59,5.05,5.05,18000,5.3,12000,0,114000
RECLTD30Jan20142.5CE.NFO,07/01/2020,09:33:11,5.05,5.1,12000,5.3,12000,0,114000
RECLTD30Jan20142.5CE.NFO,07/01/2020,09:33:18,5.05,5.1,18000,5.3,12000,0,114000
RECLTD30Jan20142.5CE.NFO,07/01/2020,09:33:24,5.05,5.1,12000,5.3,6000,0,114000
RECLTD30Jan20142.5CE.NFO,07/01/2020,09:33:31,5.05,5.1,12000,5.45,6000,0,114000
RECLTD30Jan20142.5CE.NFO,07/01/2020,09:33:36,5.05,5.1,12000,5.35,6000,0,114000
RECLTD30Jan20142.5CE.NFO,07/01/2020,09:33:41,5.05,5.15,12000,5.35,6000,0,114000
RECLTD30Jan20142.5CE.NFO,07/01/2020,09:33:52,5.05,5.2,6000,5.45,6000,0,114000
RECLTD30Jan20142.5CE.NFO,07/01/2020,09:33:57,5.05,5.25,6000,5.5,6000,0,114000
RECLTD30Jan20142.5CE.NFO,07/01/2020,09:34:32,5.05,5.15,6000,5.4,6000,0,114000
RECLTD30Jan20142.5CE.NFO,07/01/2020,09:34:39,5.05,5.15,6000,5.35,6000,0,114000
RECLTD30Jan20142.5CE.NFO,07/01/2020,09:34:45,5.05,5.15,6000,5.4,6000,0,114000
RECLTD30Jan20142.5CE.NFO,07/01/2020,09:34:56,5.05,5.1,18000,5.3,6000,0,114000
RECLTD30Jan20142.5CE.NFO,07/01/2020,09:35:07,5.05,5.05,18000,5.25,6000,0,114000
RECLTD30Jan20142.5CE.NFO,07/01/2020,09:35:12,5.05,5.05,18000,5.3,6000,0,114000
RECLTD30Jan20142.5CE.NFO,07/01/2020,09:35:18,5.05,5.1,6000,5.35,24000,0,114000
RECLTD30Jan20142.5CE.NFO,07/01/2020,09:35:28,5.05,5,18000,5.2,6000,0,114000
RECLTD30Jan20142.5CE.NFO,07/01/2020,09:35:41,5.05,4.95,24000,5.2,12000,0,114000
RECLTD30Jan20142.5CE.NFO,07/01/2020,09:35:49,5.05,4.9,18000,5.15,6000,0,114000
RECLTD30Jan20142.5CE.NFO,07/01/2020,09:35:57,5.05,4.9,12000,5.15,6000,0,114000
RECLTD30Jan20142.5CE.NFO,07/01/2020,09:36:04,5.05,4.9,12000,5.15,12000,0,114000
RECLTD30Jan20142.5CE.NFO,07/01/2020,09:36:17,5.05,4.95,6000,5.15,24000,0,114000
RECLTD30Jan20142.5CE.NFO,07/01/2020,09:36:23,5.05,4.9,6000,5.15,6000,0,114000
RECLTD30Jan20142.5CE.NFO,07/01/2020,09:36:34,5.05,4.95,12000,5.2,24000,0,114000
RECLTD30Jan20142.5CE.NFO,07/01/2020,09:36:39,5.05,5,6000,5.2,18000,0,114000
RECLTD30Jan20142.5CE.NFO,07/01/2020,09:36:45,5.05,4.95,12000,5.15,6000,0,114000
RECLTD30Jan20142.5CE.NFO,07/01/2020,09:36:50,5.05,5,6000,5.2,18000,0,114000
RECLTD30Jan20142.5CE.NFO,07/01/2020,09:36:56,5.05,4.95,6000,5.15,6000,0,114000
RECLTD30Jan20142.5CE.NFO,07/01/2020,09:37:01,5.05,4.95,12000,5.2,18000,0,114000
RECLTD30Jan20142.5CE.NFO,07/01/2020,09:37:07,5.05,4.95,6000,5.15,6000,0,114000
RECLTD30Jan20142.5CE.NFO,07/01/2020,09:37:17,5.05,4.95,12000,5.15,6000,0,114000
RECLTD30Jan20142.5CE.NFO,07/01/2020,09:37:22,5.05,4.95,6000,5.15,6000,0,114000
RECLTD30Jan20142.5CE.NFO,07/01/2020,09:37:37,5.05,4.95,12000,5.2,18000,0,114000
RECLTD30Jan20142.5CE.NFO,07/01/2020,09:37:42,5.05,4.95,12000,5.15,6000,0,114000
RECLTD30Jan20142.5CE.NFO,07/01/2020,09:37:48,5.05,4.95,6000,5.15,6000,0,114000
RECLTD30Jan20142.5CE.NFO,07/01/2020,09:37:57,5.05,5,6000,5.2,12000,0,114000
RECLTD30Jan20142.5CE.NFO,07/01/2020,09:38:02,5.05,4.95,6000,5.2,18000,0,114000
RECLTD30Jan20142.5CE.NFO,07/01/2020,09:38:07,5.05,4.95,6000,5.15,6000,0,114000
RECLTD30Jan20142.5CE.NFO,07/01/2020,09:38:13,5.05,5,6000,5.2,6000,0,114000
RECLTD30Jan20142.5CE.NFO,07/01/2020,09:38:18,5.05,4.95,12000,5.15,6000,0,114000
RECLTD30Jan20142.5CE.NFO,07/01/2020,09:38:23,5.05,4.95,12000,5.2,12000,0,114000
RECLTD30Jan20142.5CE.NFO,07/01/2020,09:38:28,5.05,4.95,12000,5.15,6000,0,114000
RECLTD30Jan20142.5CE.NFO,07/01/2020,09:38:32,5.05,4.9,12000,5.15,6000,0,114000
RECLTD30Jan20142.5CE.NFO,07/01/2020,09:38:46,5.05,4.9,6000,5.15,6000,0,114000
RECLTD30Jan20142.5CE.NFO,07/01/2020,09:38:57,5.05,4.95,6000,5.15,6000,0,114000
RECLTD30Jan20142.5CE.NFO,07/01/2020,09:39:01,5.05,4.9,12000,5.1,6000,0,114000
RECLTD30Jan20142.5CE.NFO,07/01/2020,09:39:06,5.05,4.95,6000,5.15,12000,0,114000
RECLTD30Jan20142.5CE.NFO,07/01/2020,09:39:12,5.05,5,6000,5.2,12000,0,114000
RECLTD30Jan20142.5CE.NFO,07/01/2020,09:39:17,5.05,4.95,12000,5.15,6000,0,114000
RECLTD30Jan20142.5CE.NFO,07/01/2020,09:39:22,5.05,5,6000,5.2,12000,0,114000
RECLTD30Jan20142.5CE.NFO,07/01/2020,09:39:27,5.05,5,6000,5.2,6000,0,114000
RECLTD30Jan20142.5CE.NFO,07/01/2020,09:39:32,5,5,12000,5.2,6000,6000,102000
RECLTD30Jan20142.5CE.NFO,07/01/2020,09:39:37,5,4.95,12000,5.2,6000,0,102000
RECLTD30Jan20142.5CE.NFO,07/01/2020,09:39:43,5,5,6000,5.2,12000,0,102000
RECLTD30Jan20142.5CE.NFO,07/01/2020,09:39:49,5,5,12000,5.25,12000,0,102000
RECLTD30Jan20142.5CE.NFO,07/01/2020,09:39:54,5,5.05,6000,5.3,6000,0,102000
RECLTD30Jan20142.5CE.NFO,07/01/2020,09:40:10,5,5.05,6000,5.25,6000,0,102000
RECLTD30Jan20142.5CE.NFO,07/01/2020,09:40:17,5,5.05,6000,5.25,12000,0,102000
RECLTD30Jan20142.5CE.NFO,07/01/2020,09:40:34,5,5.05,12000,5.25,12000,0,102000
RECLTD30Jan20142.5CE.NFO,07/01/2020,09:40:40,5,5,12000,5.25,6000,0,102000
RECLTD30Jan20142.5CE.NFO,07/01/2020,09:40:45,5,5,12000,5.2,6000,0,102000
RECLTD30Jan20142.5CE.NFO,07/01/2020,09:40:50,5,5.05,6000,5.25,12000,0,102000
RECLTD30Jan20142.5CE.NFO,07/01/2020,09:41:01,5,5,12000,5.2,6000,0,102000
RECLTD30Jan20142.5CE.NFO,07/01/2020,09:41:07,5,4.95,18000,5.1,6000,0,102000
RECLTD30Jan20142.5CE.NFO,07/01/2020,09:41:12,5,4.95,18000,5.2,12000,0,102000
RECLTD30Jan20142.5CE.NFO,07/01/2020,09:41:17,5,5,6000,5.2,6000,0,102000
RECLTD30Jan20142.5CE.NFO,07/01/2020,09:41:22,5,4.95,18000,5.2,6000,0,102000
RECLTD30Jan20142.5CE.NFO,07/01/2020,09:42:09,5,4.9,18000,5.1,6000,0,102000
RECLTD30Jan20142.5CE.NFO,07/01/2020,09:42:23,5,4.95,6000,5.15,12000,0,102000
RECLTD30Jan20142.5CE.NFO,07/01/2020,09:42:29,5,4.9,18000,5.1,6000,0,102000
RECLTD30Jan20142.5CE.NFO,07/01/2020,09:42:36,5,4.85,18000,5.05,6000,0,102000
RECLTD30Jan20142.5CE.NFO,07/01/2020,09:42:43,5,4.9,6000,5.15,18000,0,102000
RECLTD30Jan20142.5CE.NFO,07/01/2020,09:42:50,5,4.9,12000,5.1,6000,0,102000
RECLTD30Jan20142.5CE.NFO,07/01/2020,09:42:57,5,4.9,6000,5.1,6000,0,102000
RECLTD30Jan20142.5CE.NFO,07/01/2020,09:43:03,5,4.85,18000,5.15,18000,0,102000
RECLTD30Jan20142.5CE.NFO,07/01/2020,09:43:08,5,4.9,6000,5.15,24000,0,102000
RECLTD30Jan20142.5CE.NFO,07/01/2020,09:43:13,5,4.9,18000,5.1,6000,0,102000
RECLTD30Jan20142.5CE.NFO,07/01/2020,09:43:23,5,4.85,18000,5.1,12000,0,102000
RECLTD30Jan20142.5CE.NFO,07/01/2020,09:43:29,5,4.85,18000,5.05,6000,0,102000
RECLTD30Jan20142.5CE.NFO,07/01/2020,09:43:44,5,4.9,12000,5.05,6000,0,102000
RECLTD30Jan20142.5CE.NFO,07/01/2020,09:43:49,5,4.9,6000,5.05,6000,0,102000
RECLTD30Jan20142.5CE.NFO,07/01/2020,09:43:54,5,4.85,18000,5.05,6000,0,102000
RECLTD30Jan20142.5CE.NFO,07/01/2020,09:44:00,5,4.9,12000,5.1,6000,0,102000
RECLTD30Jan20142.5CE.NFO,07/01/2020,09:44:06,5,4.95,12000,5.1,6000,0,102000
RECLTD30Jan20142.5CE.NFO,07/01/2020,09:44:12,5,5,12000,5.15,6000,0,102000
RECLTD30Jan20142.5CE.NFO,07/01/2020,09:44:18,5,5,12000,5.2,6000,0,102000
RECLTD30Jan20142.5CE.NFO,07/01/2020,09:44:23,5,5.05,12000,5.3,12000,0,102000
RECLTD30Jan20142.5CE.NFO,07/01/2020,09:44:29,5,5.1,6000,5.3,12000,0,102000
RECLTD30Jan20142.5CE.NFO,07/01/2020,09:44:48,5,5.05,6000,5.3,12000,0,102000
RECLTD30Jan20142.5CE.NFO,07/01/2020,09:44:53,5,5.1,6000,5.3,12000,0,102000
RECLTD30Jan20142.5CE.NFO,07/01/2020,09:44:58,5,5.05,12000,5.25,6000,0,102000
RECLTD30Jan20142.5CE.NFO,07/01/2020,09:45:03,5,5,18000,5.2,6000,0,102000
RECLTD30Jan20142.5CE.NFO,07/01/2020,09:45:10,5,5.05,12000,5.2,6000,0,102000
RECLTD30Jan20142.5CE.NFO,07/01/2020,09:45:24,5,5,18000,5.2,6000,0,102000
RECLTD30Jan20142.5CE.NFO,07/01/2020,09:45:31,5,5,18000,5.15,6000,0,102000
RECLTD30Jan20142.5CE.NFO,07/01/2020,09:46:03,5,4.95,18000,5.1,6000,0,102000
RECLTD30Jan20142.5CE.NFO,07/01/2020,09:46:24,5,5,12000,5.2,6000,0,102000
RECLTD30Jan20142.5CE.NFO,07/01/2020,09:46:30,5,5,6000,5.2,6000,0,102000
RECLTD30Jan20142.5CE.NFO,07/01/2020,09:46:42,5,5,12000,5.2,12000,0,102000
RECLTD30Jan20142.5CE.NFO,07/01/2020,09:46:47,5,4.85,12000,4.95,6000,0,102000
RECLTD30Jan20142.5CE.NFO,07/01/2020,09:46:58,5,4.75,18000,4.9,12000,0,102000
RECLTD30Jan20142.5CE.NFO,07/01/2020,09:47:03,5,4.75,6000,4.85,18000,0,102000
RECLTD30Jan20142.5CE.NFO,07/01/2020,09:47:08,5,4.75,6000,4.85,12000,0,102000
RECLTD30Jan20142.5CE.NFO,07/01/2020,09:47:13,5,4.75,6000,4.85,18000,0,102000
RECLTD30Jan20142.5CE.NFO,07/01/2020,09:47:17,5,4.75,6000,4.85,12000,0,102000
RECLTD30Jan20142.5CE.NFO,07/01/2020,09:47:27,5,4.75,12000,4.85,12000,0,102000
RECLTD30Jan20142.5CE.NFO,07/01/2020,09:47:32,5,4.75,12000,4.85,6000,0,102000
RECLTD30Jan20142.5CE.NFO,07/01/2020,09:47:40,5,4.8,6000,4.95,12000,0,102000
RECLTD30Jan20142.5CE.NFO,07/01/2020,09:47:45,5,4.8,6000,4.9,6000,0,102000
RECLTD30Jan20142.5CE.NFO,07/01/2020,09:47:59,5,4.8,12000,4.95,12000,0,102000
RECLTD30Jan20142.5CE.NFO,07/01/2020,09:48:04,5,4.85,12000,5,12000,0,102000
RECLTD30Jan20142.5CE.NFO,07/01/2020,09:48:08,5,4.85,12000,5,6000,0,102000
RECLTD30Jan20142.5CE.NFO,07/01/2020,09:48:13,5,4.9,6000,5,6000,0,102000
RECLTD30Jan20142.5CE.NFO,07/01/2020,09:48:23,5,4.9,12000,5,6000,0,102000
RECLTD30Jan20142.5CE.NFO,07/01/2020,09:48:34,5,4.85,12000,5,12000,0,102000
RECLTD30Jan20142.5CE.NFO,07/01/2020,09:48:46,5,4.85,6000,4.95,6000,0,102000
RECLTD30Jan20142.5CE.NFO,07/01/2020,09:48:52,5,4.85,12000,5,12000,0,102000
RECLTD30Jan20142.5CE.NFO,07/01/2020,09:48:58,5,4.85,12000,4.95,6000,0,102000
RECLTD30Jan20142.5CE.NFO,07/01/2020,09:49:05,5,4.8,12000,4.9,6000,0,102000
RECLTD30Jan20142.5CE.NFO,07/01/2020,09:49:11,5,4.8,12000,4.95,12000,0,102000
RECLTD30Jan20142.5CE.NFO,07/01/2020,09:49:49,5,4.85,12000,4.95,6000,0,102000
RECLTD30Jan20142.5CE.NFO,07/01/2020,09:49:54,5,4.9,12000,5.05,12000,0,102000
RECLTD30Jan20142.5CE.NFO,07/01/2020,09:50:14,5,4.85,12000,5,12000,0,102000
RECLTD30Jan20142.5CE.NFO,07/01/2020,09:51:01,5,4.85,6000,5,12000,0,102000
RECLTD30Jan20142.5CE.NFO,07/01/2020,09:51:12,5,4.8,12000,4.95,6000,0,102000
RECLTD30Jan20142.5CE.NFO,07/01/2020,09:51:16,5,4.85,6000,5,12000,0,102000
RECLTD30Jan20142.5CE.NFO,07/01/2020,09:52:07,5,4.8,12000,4.95,18000,0,102000
RECLTD30Jan20142.5CE.NFO,07/01/2020,09:52:12,5,4.8,6000,4.95,18000,0,102000
RECLTD30Jan20142.5CE.NFO,07/01/2020,09:52:51,5,4.75,6000,4.9,12000,0,102000
RECLTD30Jan20142.5CE.NFO,07/01/2020,09:52:56,5,4.75,6000,4.85,6000,0,102000
RECLTD30Jan20142.5CE.NFO,07/01/2020,09:53:00,5,4.7,6000,4.85,18000,0,102000
RECLTD30Jan20142.5CE.NFO,07/01/2020,09:53:19,5,4.7,6000,4.8,6000,0,102000
RECLTD30Jan20142.5CE.NFO,07/01/2020,09:53:33,5,4.6,6000,4.75,6000,0,102000
RECLTD30Jan20142.5CE.NFO,07/01/2020,09:53:38,5,4.6,6000,4.75,18000,0,102000
RECLTD30Jan20142.5CE.NFO,07/01/2020,09:53:48,5,4.6,12000,4.75,6000,0,102000
RECLTD30Jan20142.5CE.NFO,07/01/2020,09:53:59,5,4.6,12000,4.75,12000,0,102000
RECLTD30Jan20142.5CE.NFO,07/01/2020,09:54:14,5,4.6,12000,4.75,6000,0,102000
RECLTD30Jan20142.5CE.NFO,07/01/2020,09:54:25,5,4.6,12000,4.75,18000,0,102000
RECLTD30Jan20142.5CE.NFO,07/01/2020,09:54:35,5,4.6,6000,4.7,6000,0,102000
RECLTD30Jan20142.5CE.NFO,07/01/2020,09:55:11,5,4.6,6000,4.75,18000,0,102000
RECLTD30Jan20142.5CE.NFO,07/01/2020,09:55:47,5,4.6,12000,4.75,18000,0,102000
RECLTD30Jan20142.5CE.NFO,07/01/2020,09:56:12,5,4.55,18000,4.7,12000,0,102000
RECLTD30Jan20142.5CE.NFO,07/01/2020,09:56:19,5,4.6,12000,4.75,18000,0,102000
RECLTD30Jan20142.5CE.NFO,07/01/2020,09:56:37,5,4.6,6000,4.7,12000,0,102000
RECLTD30Jan20142.5CE.NFO,07/01/2020,09:56:42,5,4.55,18000,4.7,12000,0,102000
RECLTD30Jan20142.5CE.NFO,07/01/2020,09:56:47,5,4.6,6000,4.7,6000,0,102000
RECLTD30Jan20142.5CE.NFO,07/01/2020,09:56:51,5,4.6,18000,4.75,18000,0,102000
RECLTD30Jan20142.5CE.NFO,07/01/2020,09:57:04,5,4.6,6000,4.7,6000,0,102000
RECLTD30Jan20142.5CE.NFO,07/01/2020,09:57:09,5,4.55,18000,4.7,12000,0,102000
RECLTD30Jan20142.5CE.NFO,07/01/2020,09:57:14,5,4.55,12000,4.65,6000,0,102000
RECLTD30Jan20142.5CE.NFO,07/01/2020,09:57:20,5,4.55,18000,4.7,18000,0,102000
RECLTD30Jan20142.5CE.NFO,07/01/2020,09:57:36,5,4.65,6000,4.75,12000,0,102000
RECLTD30Jan20142.5CE.NFO,07/01/2020,09:58:08,5,4.65,6000,4.75,6000,0,102000
RECLTD30Jan20142.5CE.NFO,07/01/2020,09:58:13,5,4.6,12000,4.75,18000,0,102000
RECLTD30Jan20142.5CE.NFO,07/01/2020,09:58:42,5,4.6,18000,4.75,18000,0,102000
RECLTD30Jan20142.5CE.NFO,07/01/2020,09:58:52,5,4.45,18000,4.6,18000,0,102000
RECLTD30Jan20142.5CE.NFO,07/01/2020,09:59:04,5,4.5,6000,4.6,18000,0,102000
RECLTD30Jan20142.5CE.NFO,07/01/2020,09:59:10,5,4.45,24000,4.6,18000,0,102000
RECLTD30Jan20142.5CE.NFO,07/01/2020,09:59:16,5,4.45,18000,4.55,6000,0,102000
RECLTD30Jan20142.5CE.NFO,07/01/2020,09:59:28,5,4.4,12000,4.55,18000,0,102000
RECLTD30Jan20142.5CE.NFO,07/01/2020,09:59:33,5,4.35,30000,4.5,12000,0,102000
RECLTD30Jan20142.5CE.NFO,07/01/2020,09:59:43,5,4.4,12000,4.5,6000,0,102000
RECLTD30Jan20142.5CE.NFO,07/01/2020,09:59:47,5,4.4,12000,4.55,18000,0,102000
RECLTD30Jan20142.5CE.NFO,07/01/2020,10:00:08,5,4.4,12000,4.55,12000,0,102000
RECLTD30Jan20142.5CE.NFO,07/01/2020,10:00:12,5,4.45,12000,4.55,6000,0,102000
RECLTD30Jan20142.5CE.NFO,07/01/2020,10:00:19,5,4.45,6000,4.55,6000,0,102000
RECLTD30Jan20142.5CE.NFO,07/01/2020,10:00:25,5,4.4,18000,4.5,6000,0,102000
RECLTD30Jan20142.5CE.NFO,07/01/2020,10:00:35,5,4.4,6000,4.5,12000,0,102000
RECLTD30Jan20142.5CE.NFO,07/01/2020,10:00:45,5,4.3,18000,4.4,12000,0,102000
RECLTD30Jan20142.5CE.NFO,07/01/2020,10:00:58,5,4.35,12000,4.4,6000,0,102000
RECLTD30Jan20142.5CE.NFO,07/01/2020,10:01:17,5,4.3,18000,4.45,12000,0,102000
RECLTD30Jan20142.5CE.NFO,07/01/2020,10:01:24,5,4.3,18000,4.4,6000,0,102000
RECLTD30Jan20142.5CE.NFO,07/01/2020,10:01:41,5,4.3,12000,4.45,18000,0,102000
RECLTD30Jan20142.5CE.NFO,07/01/2020,10:01:47,5,4.35,6000,4.45,18000,0,102000
RECLTD30Jan20142.5CE.NFO,07/01/2020,10:01:53,5,4.35,12000,4.45,18000,0,102000
RECLTD30Jan20142.5CE.NFO,07/01/2020,10:02:15,5,4.35,24000,4.5,24000,0,102000
RECLTD30Jan20142.5CE.NFO,07/01/2020,10:02:20,5,4.4,12000,4.5,18000,0,102000
RECLTD30Jan20142.5CE.NFO,07/01/2020,10:02:25,5,4.3,24000,4.45,24000,0,102000
RECLTD30Jan20142.5CE.NFO,07/01/2020,10:02:30,5,4.35,6000,4.45,24000,0,102000
RECLTD30Jan20142.5CE.NFO,07/01/2020,10:02:35,5,4.35,18000,4.45,6000,0,102000
RECLTD30Jan20142.5CE.NFO,07/01/2020,10:02:40,5,4.35,12000,4.45,6000,0,102000
RECLTD30Jan20142.5CE.NFO,07/01/2020,10:02:50,5,4.35,6000,4.45,18000,0,102000
RECLTD30Jan20142.5CE.NFO,07/01/2020,10:02:55,5,4.35,12000,4.45,6000,0,102000
RECLTD30Jan20142.5CE.NFO,07/01/2020,10:03:07,5,4.35,6000,4.45,6000,0,102000
RECLTD30Jan20142.5CE.NFO,07/01/2020,10:03:13,5,4.3,12000,4.45,18000,0,102000
RECLTD30Jan20142.5CE.NFO,07/01/2020,10:03:24,5,4.3,12000,4.45,12000,0,102000
RECLTD30Jan20142.5CE.NFO,07/01/2020,10:03:30,5,4.3,12000,4.45,18000,0,102000
RECLTD30Jan20142.5CE.NFO,07/01/2020,10:03:35,5,4.3,18000,4.45,18000,0,102000
RECLTD30Jan20142.5CE.NFO,07/01/2020,10:03:40,5,4.3,12000,4.45,30000,0,102000
RECLTD30Jan20142.5CE.NFO,07/01/2020,10:03:50,5,4.3,18000,4.45,30000,0,102000
RECLTD30Jan20142.5CE.NFO,07/01/2020,10:04:07,5,4.35,6000,4.45,24000,0,102000
RECLTD30Jan20142.5CE.NFO,07/01/2020,10:04:13,5,4.3,18000,4.45,30000,0,102000
RECLTD30Jan20142.5CE.NFO,07/01/2020,10:04:23,5,4.35,6000,4.45,24000,0,102000
RECLTD30Jan20142.5CE.NFO,07/01/2020,10:04:28,5,4.3,18000,4.4,18000,0,102000
RECLTD30Jan20142.5CE.NFO,07/01/2020,10:04:38,5,4.3,12000,4.4,18000,0,102000
RECLTD30Jan20142.5CE.NFO,07/01/2020,10:04:44,5,4.3,6000,4.4,30000,0,102000
RECLTD30Jan20142.5CE.NFO,07/01/2020,10:04:54,5,4.3,12000,4.35,12000,0,102000
RECLTD30Jan20142.5CE.NFO,07/01/2020,10:04:59,4.3,4.2,12000,4.3,18000,6000,90000
RECLTD30Jan20142.5CE.NFO,07/01/2020,10:04:59,4.3,4.2,12000,4.3,18000,0,90000
RECLTD30Jan20142.5CE.NFO,07/01/2020,10:05:05,4.3,4.2,12000,4.3,18000,0,90000
RECLTD30Jan20142.5CE.NFO,07/01/2020,10:05:10,4.3,4.25,6000,4.3,6000,0,90000
RECLTD30Jan20142.5CE.NFO,07/01/2020,10:05:29,4.3,4.15,6000,4.25,6000,0,90000
RECLTD30Jan20142.5CE.NFO,07/01/2020,10:05:36,4.3,4.15,6000,4.25,18000,0,90000
RECLTD30Jan20142.5CE.NFO,07/01/2020,10:06:05,4.3,4.2,6000,4.25,6000,0,90000
RECLTD30Jan20142.5CE.NFO,07/01/2020,10:06:12,4.3,4.2,6000,4.3,18000,0,90000
RECLTD30Jan20142.5CE.NFO,07/01/2020,10:06:29,4.3,4.2,12000,4.3,6000,0,90000
RECLTD30Jan20142.5CE.NFO,07/01/2020,10:06:40,4.3,4.2,12000,4.3,12000,0,90000
RECLTD30Jan20142.5CE.NFO,07/01/2020,10:07:00,4.3,4.25,12000,4.35,24000,0,90000
RECLTD30Jan20142.5CE.NFO,07/01/2020,10:07:05,4.3,4.2,18000,4.3,12000,0,90000
RECLTD30Jan20142.5CE.NFO,07/01/2020,10:07:21,4.3,4.25,12000,4.35,18000,6000,96000
RECLTD30Jan20142.5CE.NFO,07/01/2020,10:07:27,4.3,4.25,18000,4.4,24000,0,96000
RECLTD30Jan20142.5CE.NFO,07/01/2020,10:07:34,4.3,4.25,18000,4.35,6000,0,96000
RECLTD30Jan20142.5CE.NFO,07/01/2020,10:07:40,4.3,4.25,18000,4.4,24000,0,96000
RECLTD30Jan20142.5CE.NFO,07/01/2020,10:07:52,4.3,4.3,24000,4.45,24000,0,96000
RECLTD30Jan20142.5CE.NFO,07/01/2020,10:07:58,4.3,4.3,18000,4.45,24000,0,96000
RECLTD30Jan20142.5CE.NFO,07/01/2020,10:08:17,4.3,4.3,18000,4.4,6000,0,96000
RECLTD30Jan20142.5CE.NFO,07/01/2020,10:08:29,4.3,4.3,18000,4.4,18000,0,96000
RECLTD30Jan20142.5CE.NFO,07/01/2020,10:08:36,4.3,4.3,18000,4.4,12000,0,96000
RECLTD30Jan20142.5CE.NFO,07/01/2020,10:08:43,4.3,4.3,18000,4.4,6000,0,96000
RECLTD30Jan20142.5CE.NFO,07/01/2020,10:09:11,4.3,4.25,24000,4.4,18000,0,96000
RECLTD30Jan20142.5CE.NFO,07/01/2020,10:09:32,4.3,4.25,6000,4.35,6000,0,96000
RECLTD30Jan20142.5CE.NFO,07/01/2020,10:09:37,4.3,4.25,18000,4.35,6000,0,96000
RECLTD30Jan20142.5CE.NFO,07/01/2020,10:09:57,4.3,4.3,6000,4.4,6000,0,96000
RECLTD30Jan20142.5CE.NFO,07/01/2020,10:10:04,4.3,4.3,18000,4.4,6000,0,96000
RECLTD30Jan20142.5CE.NFO,07/01/2020,10:10:17,4.3,4.3,12000,4.4,18000,0,96000
RECLTD30Jan20142.5CE.NFO,07/01/2020,10:10:32,4.3,4.3,6000,4.4,18000,0,96000
RECLTD30Jan20142.5CE.NFO,07/01/2020,10:10:42,4.3,4.25,18000,4.35,12000,0,96000
RECLTD30Jan20142.5CE.NFO,07/01/2020,10:10:47,4.3,4.3,6000,4.4,18000,0,96000
RECLTD30Jan20142.5CE.NFO,07/01/2020,10:11:37,4.3,4.3,18000,4.4,12000,0,96000
RECLTD30Jan20142.5CE.NFO,07/01/2020,10:11:43,4.3,4.35,6000,4.45,6000,0,96000
RECLTD30Jan20142.5CE.NFO,07/01/2020,10:11:50,4.3,4.35,6000,4.45,12000,0,96000
RECLTD30Jan20142.5CE.NFO,07/01/2020,10:12:02,4.3,4.3,24000,4.4,12000,0,96000
RECLTD30Jan20142.5CE.NFO,07/01/2020,10:12:19,4.3,4.35,6000,4.45,12000,0,96000
RECLTD30Jan20142.5CE.NFO,07/01/2020,10:12:24,4.3,4.35,12000,4.45,12000,0,96000
RECLTD30Jan20142.5CE.NFO,07/01/2020,10:12:34,4.3,4.35,24000,4.45,6000,0,96000
RECLTD30Jan20142.5CE.NFO,07/01/2020,10:12:40,4.3,4.35,12000,4.45,12000,0,96000
RECLTD30Jan20142.5CE.NFO,07/01/2020,10:13:14,4.3,4.45,12000,4.55,6000,0,96000
RECLTD30Jan20142.5CE.NFO,07/01/2020,10:13:20,4.55,4.5,6000,4.6,6000,6000,96000
RECLTD30Jan20142.5CE.NFO,07/01/2020,10:13:26,4.55,4.5,6000,4.65,12000,0,96000
RECLTD30Jan20142.5CE.NFO,07/01/2020,10:13:49,4.55,4.55,24000,4.7,12000,0,96000
RECLTD30Jan20142.5CE.NFO,07/01/2020,10:13:55,4.55,4.55,42000,4.75,12000,6000,96000
RECLTD30Jan20142.5CE.NFO,07/01/2020,10:14:01,4.55,4.6,6000,4.7,6000,0,96000
RECLTD30Jan20142.5CE.NFO,07/01/2020,10:14:34,4.55,4.6,12000,4.75,12000,0,96000
RECLTD30Jan20142.5CE.NFO,07/01/2020,10:14:40,4.55,4.6,18000,4.75,12000,0,96000
RECLTD30Jan20142.5CE.NFO,07/01/2020,10:14:51,4.55,4.6,12000,4.75,12000,0,96000
RECLTD30Jan20142.5CE.NFO,07/01/2020,10:15:14,4.55,4.55,6000,4.7,18000,0,96000
RECLTD30Jan20142.5CE.NFO,07/01/2020,10:15:28,4.55,4.55,12000,4.7,18000,0,96000
RECLTD30Jan20142.5CE.NFO,07/01/2020,10:15:34,4.55,4.55,6000,4.7,18000,0,96000
RECLTD30Jan20142.5CE.NFO,07/01/2020,10:15:40,4.55,4.55,12000,4.7,18000,0,96000
RECLTD30Jan20142.5CE.NFO,07/01/2020,10:15:45,4.55,4.55,6000,4.7,18000,0,96000
RECLTD30Jan20142.5CE.NFO,07/01/2020,10:15:51,4.55,4.5,12000,4.65,6000,0,96000
RECLTD30Jan20142.5CE.NFO,07/01/2020,10:15:57,4.55,4.5,12000,4.65,12000,0,96000
RECLTD30Jan20142.5CE.NFO,07/01/2020,10:16:19,4.55,4.5,12000,4.65,30000,0,96000
RECLTD30Jan20142.5CE.NFO,07/01/2020,10:16:29,4.55,4.5,12000,4.65,36000,0,96000
RECLTD30Jan20142.5CE.NFO,07/01/2020,10:16:39,4.55,4.5,18000,4.65,36000,0,96000
RECLTD30Jan20142.5CE.NFO,07/01/2020,10:16:44,4.55,4.45,18000,4.6,24000,0,96000
RECLTD30Jan20142.5CE.NFO,07/01/2020,10:16:54,4.55,4.45,18000,4.6,36000,0,96000
RECLTD30Jan20142.5CE.NFO,07/01/2020,10:17:45,4.55,4.45,18000,4.6,30000,0,96000
RECLTD30Jan20142.5CE.NFO,07/01/2020,10:18:32,4.55,4.4,18000,4.55,12000,0,96000
RECLTD30Jan20142.5CE.NFO,07/01/2020,10:18:58,4.55,4.4,6000,4.55,18000,0,96000
RECLTD30Jan20142.5CE.NFO,07/01/2020,10:19:06,4.55,4.4,6000,4.5,24000,0,96000
RECLTD30Jan20142.5CE.NFO,07/01/2020,10:19:29,4.55,4.4,12000,4.5,24000,0,96000
RECLTD30Jan20142.5CE.NFO,07/01/2020,10:19:33,4.55,4.45,18000,4.6,12000,0,96000
RECLTD30Jan20142.5CE.NFO,07/01/2020,10:19:46,4.55,4.5,6000,4.6,12000,0,96000
RECLTD30Jan20142.5CE.NFO,07/01/2020,10:19:51,4.55,4.5,12000,4.65,30000,0,96000
RECLTD30Jan20142.5CE.NFO,07/01/2020,10:20:07,4.55,4.5,12000,4.65,12000,0,96000
RECLTD30Jan20142.5CE.NFO,07/01/2020,10:20:21,4.55,4.5,24000,4.65,12000,0,96000
RECLTD30Jan20142.5CE.NFO,07/01/2020,10:20:35,4.55,4.55,18000,4.7,24000,0,96000
RECLTD30Jan20142.5CE.NFO,07/01/2020,10:20:51,4.55,4.55,24000,4.7,12000,0,96000
RECLTD30Jan20142.5CE.NFO,07/01/2020,10:20:56,4.55,4.6,12000,4.75,36000,0,96000
RECLTD30Jan20142.5CE.NFO,07/01/2020,10:21:00,4.55,4.6,42000,4.7,18000,0,96000
RECLTD30Jan20142.5CE.NFO,07/01/2020,10:21:05,4.55,4.6,42000,4.75,30000,0,96000
RECLTD30Jan20142.5CE.NFO,07/01/2020,10:21:14,4.55,4.6,6000,4.7,18000,0,96000
RECLTD30Jan20142.5CE.NFO,07/01/2020,10:21:24,4.55,4.6,12000,4.7,18000,0,96000
RECLTD30Jan20142.5CE.NFO,07/01/2020,10:21:52,4.55,4.6,36000,4.7,12000,0,96000
RECLTD30Jan20142.5CE.NFO,07/01/2020,10:22:05,4.55,4.6,12000,4.7,18000,0,96000
RECLTD30Jan20142.5CE.NFO,07/01/2020,10:22:11,4.55,4.6,42000,4.75,18000,0,96000
RECLTD30Jan20142.5CE.NFO,07/01/2020,10:22:24,4.55,4.6,6000,4.7,18000,0,96000
RECLTD30Jan20142.5CE.NFO,07/01/2020,10:22:29,4.55,4.6,12000,4.7,18000,0,96000
RECLTD30Jan20142.5CE.NFO,07/01/2020,10:22:37,4.55,4.6,6000,4.7,12000,0,96000
RECLTD30Jan20142.5CE.NFO,07/01/2020,10:22:42,4.55,4.55,6000,4.65,12000,0,96000
RECLTD30Jan20142.5CE.NFO,07/01/2020,10:23:20,4.55,4.6,30000,4.7,12000,0,96000
RECLTD30Jan20142.5CE.NFO,07/01/2020,10:23:45,4.55,4.6,36000,4.7,12000,0,96000
RECLTD30Jan20142.5CE.NFO,07/01/2020,10:24:38,4.55,4.55,12000,4.65,30000,0,96000
RECLTD30Jan20142.5CE.NFO,07/01/2020,10:25:03,4.55,4.5,18000,4.6,30000,0,96000
RECLTD30Jan20142.5CE.NFO,07/01/2020,10:25:19,4.55,4.5,6000,4.6,30000,0,96000
RECLTD30Jan20142.5CE.NFO,07/01/2020,10:25:23,4.55,4.5,12000,4.6,30000,0,96000
RECLTD30Jan20142.5CE.NFO,07/01/2020,10:25:27,4.55,4.5,6000,4.6,30000,0,96000
RECLTD30Jan20142.5CE.NFO,07/01/2020,10:25:40,4.55,4.5,6000,4.6,36000,0,96000
RECLTD30Jan20142.5CE.NFO,07/01/2020,10:26:00,4.55,4.5,6000,4.6,18000,0,96000
RECLTD30Jan20142.5CE.NFO,07/01/2020,10:26:23,4.55,4.5,6000,4.6,24000,0,96000
RECLTD30Jan20142.5CE.NFO,07/01/2020,10:26:30,4.55,4.55,24000,4.65,24000,0,96000
RECLTD30Jan20142.5CE.NFO,07/01/2020,10:26:37,4.55,4.5,36000,4.6,12000,0,96000
RECLTD30Jan20142.5CE.NFO,07/01/2020,10:26:41,4.55,4.5,36000,4.6,6000,0,96000
RECLTD30Jan20142.5CE.NFO,07/01/2020,10:26:45,4.55,4.5,30000,4.6,6000,0,96000
RECLTD30Jan20142.5CE.NFO,07/01/2020,10:27:11,4.55,4.55,24000,4.65,24000,0,96000
RECLTD30Jan20142.5CE.NFO,07/01/2020,10:27:23,4.55,4.55,24000,4.7,36000,0,96000
RECLTD30Jan20142.5CE.NFO,07/01/2020,10:27:27,4.55,4.55,24000,4.65,6000,0,96000
RECLTD30Jan20142.5CE.NFO,07/01/2020,10:27:31,4.55,4.55,18000,4.7,42000,0,96000
RECLTD30Jan20142.5CE.NFO,07/01/2020,10:27:35,4.55,4.5,24000,4.6,6000,0,96000
RECLTD30Jan20142.5CE.NFO,07/01/2020,10:27:44,4.55,4.55,6000,4.65,48000,0,96000
RECLTD30Jan20142.5CE.NFO,07/01/2020,10:27:52,4.55,4.5,18000,4.6,6000,0,96000
RECLTD30Jan20142.5CE.NFO,07/01/2020,10:28:05,4.55,4.5,6000,4.6,30000,0,96000
RECLTD30Jan20142.5CE.NFO,07/01/2020,10:28:14,4.55,4.5,6000,4.6,36000,0,96000
RECLTD30Jan20142.5CE.NFO,07/01/2020,10:28:29,4.55,4.5,6000,4.6,42000,0,96000
RECLTD30Jan20142.5CE.NFO,07/01/2020,10:29:14,4.55,4.5,12000,4.6,6000,0,96000
RECLTD30Jan20142.5CE.NFO,07/01/2020,10:29:34,4.55,4.5,18000,4.6,6000,0,96000
RECLTD30Jan20142.5CE.NFO,07/01/2020,10:30:13,4.55,4.5,18000,4.6,24000,0,96000
RECLTD30Jan20142.5CE.NFO,07/01/2020,10:31:17,4.55,4.5,6000,4.6,42000,0,96000
RECLTD30Jan20142.5CE.NFO,07/01/2020,10:32:38,4.55,4.45,6000,4.55,48000,0,96000
RECLTD30Jan20142.5CE.NFO,07/01/2020,10:32:53,4.55,4.45,6000,4.55,54000,0,96000
RECLTD30Jan20142.5CE.NFO,07/01/2020,10:33:10,4.55,4.45,6000,4.55,48000,0,96000
RECLTD30Jan20142.5CE.NFO,07/01/2020,10:33:41,4.55,4.45,6000,4.55,42000,0,96000
RECLTD30Jan20142.5CE.NFO,07/01/2020,10:33:45,4.55,4.4,24000,4.5,30000,0,96000
RECLTD30Jan20142.5CE.NFO,07/01/2020,10:34:34,4.55,4.4,6000,4.5,42000,0,96000
RECLTD30Jan20142.5CE.NFO,07/01/2020,10:34:38,4.55,4.45,6000,4.55,48000,0,96000
RECLTD30Jan20142.5CE.NFO,07/01/2020,10:34:47,4.55,4.45,6000,4.55,42000,0,96000
RECLTD30Jan20142.5CE.NFO,07/01/2020,10:34:52,4.55,4.45,12000,4.55,30000,0,96000
RECLTD30Jan20142.5CE.NFO,07/01/2020,10:35:55,4.55,4.4,12000,4.5,30000,0,96000
RECLTD30Jan20142.5CE.NFO,07/01/2020,10:35:59,4.55,4.4,18000,4.5,30000,0,96000
RECLTD30Jan20142.5CE.NFO,07/01/2020,10:36:33,4.55,4.4,12000,4.5,30000,0,96000
RECLTD30Jan20142.5CE.NFO,07/01/2020,10:37:37,4.55,4.3,12000,4.4,12000,0,96000
RECLTD30Jan20142.5CE.NFO,07/01/2020,10:37:42,4.55,4.3,12000,4.35,12000,0,96000
RECLTD30Jan20142.5CE.NFO,07/01/2020,10:37:46,4.55,4.3,12000,4.4,18000,0,96000
RECLTD30Jan20142.5CE.NFO,07/01/2020,10:37:50,4.55,4.3,12000,4.4,42000,0,96000
RECLTD30Jan20142.5CE.NFO,07/01/2020,10:37:53,4.55,4.3,12000,4.4,48000,0,96000
RECLTD30Jan20142.5CE.NFO,07/01/2020,10:38:43,4.55,4.3,24000,4.4,42000,0,96000
RECLTD30Jan20142.5CE.NFO,07/01/2020,10:38:46,4.55,4.3,24000,4.4,36000,0,96000
RECLTD30Jan20142.5CE.NFO,07/01/2020,10:39:04,4.55,4.3,18000,4.4,36000,0,96000
RECLTD30Jan20142.5CE.NFO,07/01/2020,10:39:17,4.55,4.3,18000,4.4,48000,0,96000
RECLTD30Jan20142.5CE.NFO,07/01/2020,10:39:39,4.55,4.25,18000,4.35,36000,0,96000
RECLTD30Jan20142.5CE.NFO,07/01/2020,10:39:59,4.55,4.3,6000,4.35,6000,0,96000
RECLTD30Jan20142.5CE.NFO,07/01/2020,10:40:09,4.55,4.25,6000,4.35,36000,0,96000
RECLTD30Jan20142.5CE.NFO,07/01/2020,10:40:22,4.55,4.2,6000,4.3,30000,0,96000
RECLTD30Jan20142.5CE.NFO,07/01/2020,10:40:50,4.55,4.2,6000,4.3,36000,0,96000
RECLTD30Jan20142.5CE.NFO,07/01/2020,10:41:01,4.55,4.2,6000,4.3,12000,0,96000
RECLTD30Jan20142.5CE.NFO,07/01/2020,10:41:19,4.55,4.25,6000,4.35,36000,0,96000
RECLTD30Jan20142.5CE.NFO,07/01/2020,10:41:31,4.55,4.25,6000,4.3,30000,0,96000
RECLTD30Jan20142.5CE.NFO,07/01/2020,10:41:44,4.55,4.25,6000,4.3,36000,0,96000
RECLTD30Jan20142.5CE.NFO,07/01/2020,10:41:55,4.55,4.2,6000,4.3,42000,0,96000
RECLTD30Jan20142.5CE.NFO,07/01/2020,10:44:40,4.55,4.2,6000,4.3,36000,0,96000
RECLTD30Jan20142.5CE.NFO,07/01/2020,10:44:46,4.55,4.25,6000,4.3,6000,0,96000
RECLTD30Jan20142.5CE.NFO,07/01/2020,10:44:52,4.55,4.25,6000,4.3,36000,0,96000
RECLTD30Jan20142.5CE.NFO,07/01/2020,10:45:15,4.55,4.2,6000,4.3,42000,0,96000
RECLTD30Jan20142.5CE.NFO,07/01/2020,10:45:53,4.55,4.25,6000,4.35,42000,0,96000
RECLTD30Jan20142.5CE.NFO,07/01/2020,10:46:32,4.55,4.25,18000,4.35,42000,0,96000
RECLTD30Jan20142.5CE.NFO,07/01/2020,10:46:59,4.55,4.25,18000,4.3,30000,0,96000
RECLTD30Jan20142.5CE.NFO,07/01/2020,10:47:03,4.55,4.2,18000,4.3,42000,0,96000
RECLTD30Jan20142.5CE.NFO,07/01/2020,10:47:14,4.55,4.2,18000,4.3,36000,0,96000
RECLTD30Jan20142.5CE.NFO,07/01/2020,10:47:32,4.55,4.25,18000,4.35,42000,0,96000
RECLTD30Jan20142.5CE.NFO,07/01/2020,10:47:48,4.55,4.3,24000,4.4,18000,0,96000
RECLTD30Jan20142.5CE.NFO,07/01/2020,10:48:36,4.55,4.25,6000,4.35,18000,0,96000
RECLTD30Jan20142.5CE.NFO,07/01/2020,10:48:42,4.55,4.2,30000,4.3,6000,0,96000
RECLTD30Jan20142.5CE.NFO,07/01/2020,10:49:28,4.55,4.15,30000,4.25,12000,0,96000
RECLTD30Jan20142.5CE.NFO,07/01/2020,10:49:31,4.55,4.15,30000,4.25,6000,0,96000
RECLTD30Jan20142.5CE.NFO,07/01/2020,10:49:46,4.55,4.15,30000,4.25,12000,0,96000
RECLTD30Jan20142.5CE.NFO,07/01/2020,10:50:26,4.55,4.15,30000,4.2,6000,0,96000
RECLTD30Jan20142.5CE.NFO,07/01/2020,10:50:31,4.55,4.05,30000,4.15,6000,0,96000
RECLTD30Jan20142.5CE.NFO,07/01/2020,10:50:37,4.55,4.1,24000,4.2,24000,0,96000
RECLTD30Jan20142.5CE.NFO,07/01/2020,10:51:03,4.55,4.1,30000,4.15,12000,0,96000
RECLTD30Jan20142.5CE.NFO,07/01/2020,10:51:11,4.55,4.1,30000,4.2,18000,0,96000
RECLTD30Jan20142.5CE.NFO,07/01/2020,10:52:08,4.55,4.1,30000,4.2,12000,0,96000
RECLTD30Jan20142.5CE.NFO,07/01/2020,10:52:13,4.55,4.1,30000,4.15,6000,0,96000
RECLTD30Jan20142.5CE.NFO,07/01/2020,10:52:23,4.55,4.1,30000,4.2,18000,0,96000
RECLTD30Jan20142.5CE.NFO,07/01/2020,10:52:31,4.55,4.1,30000,4.2,12000,0,96000
RECLTD30Jan20142.5CE.NFO,07/01/2020,10:52:39,4.55,4.1,30000,4.2,18000,0,96000
RECLTD30Jan20142.5CE.NFO,07/01/2020,10:53:09,4.55,4.05,30000,4.15,12000,0,96000
RECLTD30Jan20142.5CE.NFO,07/01/2020,10:53:15,4.55,4,24000,4.1,18000,0,96000
RECLTD30Jan20142.5CE.NFO,07/01/2020,10:53:22,4.55,3.95,30000,4.05,12000,0,96000
RECLTD30Jan20142.5CE.NFO,07/01/2020,10:53:33,4.55,3.95,30000,4.05,18000,0,96000
RECLTD30Jan20142.5CE.NFO,07/01/2020,10:53:44,4.55,4,24000,4.05,12000,0,96000
RECLTD30Jan20142.5CE.NFO,07/01/2020,10:53:57,4.55,3.95,30000,4.05,18000,0,96000
RECLTD30Jan20142.5CE.NFO,07/01/2020,10:54:26,4.55,3.95,24000,4,12000,0,96000
RECLTD30Jan20142.5CE.NFO,07/01/2020,10:54:31,4.55,3.9,30000,4,18000,0,96000
RECLTD30Jan20142.5CE.NFO,07/01/2020,10:55:08,4.55,3.9,30000,4,12000,0,96000
RECLTD30Jan20142.5CE.NFO,07/01/2020,10:55:12,4.55,3.9,30000,4,18000,0,96000
RECLTD30Jan20142.5CE.NFO,07/01/2020,10:55:36,4,3.95,24000,4.05,12000,6000,90000
RECLTD30Jan20142.5CE.NFO,07/01/2020,10:55:36,4,3.95,24000,4.05,12000,0,90000
RECLTD30Jan20142.5CE.NFO,07/01/2020,10:55:41,4,3.95,24000,4.05,12000,0,90000
RECLTD30Jan20142.5CE.NFO,07/01/2020,10:56:09,4,4,24000,4.1,12000,0,90000
RECLTD30Jan20142.5CE.NFO,07/01/2020,10:56:34,4,3.95,30000,4.05,6000,0,90000
RECLTD30Jan20142.5CE.NFO,07/01/2020,10:56:39,4,4,24000,4.1,12000,0,90000
RECLTD30Jan20142.5CE.NFO,07/01/2020,10:57:31,4,3.95,24000,4.05,12000,0,90000
RECLTD30Jan20142.5CE.NFO,07/01/2020,10:58:46,3.95,3.9,24000,4,12000,6000,90000
RECLTD30Jan20142.5CE.NFO,07/01/2020,10:58:46,3.95,3.9,24000,4,12000,0,90000
RECLTD30Jan20142.5CE.NFO,07/01/2020,10:58:57,3.95,3.95,24000,4,12000,0,90000
RECLTD30Jan20142.5CE.NFO,07/01/2020,10:59:14,4,4,6000,4.05,12000,6000,90000
RECLTD30Jan20142.5CE.NFO,07/01/2020,10:59:40,4,4,6000,4.1,24000,0,90000
RECLTD30Jan20142.5CE.NFO,07/01/2020,10:59:46,4,4,30000,4.1,18000,0,90000
RECLTD30Jan20142.5CE.NFO,07/01/2020,10:59:56,4,4,30000,4.1,6000,0,90000
RECLTD30Jan20142.5CE.NFO,07/01/2020,11:00:08,4,4,6000,4.1,18000,0,90000
RECLTD30Jan20142.5CE.NFO,07/01/2020,11:00:14,4,3.95,30000,4.1,24000,0,90000
RECLTD30Jan20142.5CE.NFO,07/01/2020,11:00:21,4,3.95,30000,4.05,6000,0,90000
RECLTD30Jan20142.5CE.NFO,07/01/2020,11:00:35,4,3.95,24000,4.05,24000,0,90000
RECLTD30Jan20142.5CE.NFO,07/01/2020,11:01:18,4,3.9,6000,4,24000,0,90000
RECLTD30Jan20142.5CE.NFO,07/01/2020,11:01:25,4,3.85,24000,3.95,6000,0,90000
RECLTD30Jan20142.5CE.NFO,07/01/2020,11:01:32,4,3.9,30000,4,12000,0,90000
RECLTD30Jan20142.5CE.NFO,07/01/2020,11:01:40,4,3.9,6000,4,18000,0,90000
RECLTD30Jan20142.5CE.NFO,07/01/2020,11:01:48,4,3.9,24000,4,24000,0,90000
RECLTD30Jan20142.5CE.NFO,07/01/2020,11:02:24,4,3.95,24000,4,12000,0,90000
RECLTD30Jan20142.5CE.NFO,07/01/2020,11:02:30,4,3.95,24000,4,6000,0,90000
RECLTD30Jan20142.5CE.NFO,07/01/2020,11:02:38,4,3.9,36000,4,6000,0,90000
RECLTD30Jan20142.5CE.NFO,07/01/2020,11:02:44,4,3.95,24000,4.05,18000,0,90000
RECLTD30Jan20142.5CE.NFO,07/01/2020,11:02:49,4,3.9,30000,4,12000,0,90000
RECLTD30Jan20142.5CE.NFO,07/01/2020,11:03:03,4,3.9,30000,4,18000,0,90000
RECLTD30Jan20142.5CE.NFO,07/01/2020,11:03:17,4,3.9,30000,4,12000,0,90000
RECLTD30Jan20142.5CE.NFO,07/01/2020,11:03:22,4,3.95,24000,4,12000,0,90000
RECLTD30Jan20142.5CE.NFO,07/01/2020,11:03:41,4,3.9,30000,4,12000,0,90000
RECLTD30Jan20142.5CE.NFO,07/01/2020,11:04:22,4,3.9,6000,3.95,6000,0,90000
RECLTD30Jan20142.5CE.NFO,07/01/2020,11:04:28,4,3.9,30000,4,12000,0,90000
RECLTD30Jan20142.5CE.NFO,07/01/2020,11:04:49,4,3.85,30000,3.95,12000,0,90000
RECLTD30Jan20142.5CE.NFO,07/01/2020,11:04:56,4,3.9,30000,4,18000,0,90000
RECLTD30Jan20142.5CE.NFO,07/01/2020,11:05:02,4,3.9,24000,4,12000,0,90000
RECLTD30Jan20142.5CE.NFO,07/01/2020,11:05:23,4,3.9,24000,4,18000,0,90000
RECLTD30Jan20142.5CE.NFO,07/01/2020,11:05:29,4,3.8,36000,3.95,18000,0,90000
RECLTD30Jan20142.5CE.NFO,07/01/2020,11:05:48,4,3.85,36000,3.95,6000,0,90000
RECLTD30Jan20142.5CE.NFO,07/01/2020,11:05:55,3.9,3.85,36000,3.95,12000,6000,102000
RECLTD30Jan20142.5CE.NFO,07/01/2020,11:05:55,3.9,3.85,36000,3.95,12000,0,102000
RECLTD30Jan20142.5CE.NFO,07/01/2020,11:06:02,3.9,3.9,30000,4,18000,0,102000
RECLTD30Jan20142.5CE.NFO,07/01/2020,11:06:22,3.9,3.9,36000,4,6000,0,102000
RECLTD30Jan20142.5CE.NFO,07/01/2020,11:06:29,3.9,3.9,42000,4,6000,0,102000
RECLTD30Jan20142.5CE.NFO,07/01/2020,11:06:34,3.9,3.9,30000,4,12000,0,102000
RECLTD30Jan20142.5CE.NFO,07/01/2020,11:06:40,3.9,3.9,42000,4,6000,0,102000
RECLTD30Jan20142.5CE.NFO,07/01/2020,11:06:45,3.9,3.9,36000,4,6000,0,102000
RECLTD30Jan20142.5CE.NFO,07/01/2020,11:07:01,3.9,3.9,42000,4,6000,0,102000
RECLTD30Jan20142.5CE.NFO,07/01/2020,11:07:07,3.9,3.95,30000,4,6000,0,102000
RECLTD30Jan20142.5CE.NFO,07/01/2020,11:07:12,3.9,3.95,30000,4.05,18000,0,102000
RECLTD30Jan20142.5CE.NFO,07/01/2020,11:07:43,3.9,3.95,42000,4.1,18000,0,102000
RECLTD30Jan20142.5CE.NFO,07/01/2020,11:07:48,3.9,3.95,36000,4.05,6000,0,102000
RECLTD30Jan20142.5CE.NFO,07/01/2020,11:07:53,3.9,3.95,42000,4.05,6000,0,102000
RECLTD30Jan20142.5CE.NFO,07/01/2020,11:07:58,3.9,3.95,36000,4.05,6000,0,102000
RECLTD30Jan20142.5CE.NFO,07/01/2020,11:08:02,3.9,3.95,42000,4.05,6000,0,102000
RECLTD30Jan20142.5CE.NFO,07/01/2020,11:08:27,3.9,4,30000,4.1,18000,0,102000
RECLTD30Jan20142.5CE.NFO,07/01/2020,11:08:32,3.9,4,36000,4.1,18000,0,102000
RECLTD30Jan20142.5CE.NFO,07/01/2020,11:08:47,3.9,4,30000,4.1,18000,0,102000
RECLTD30Jan20142.5CE.NFO,07/01/2020,11:09:41,3.9,3.95,36000,4.05,18000,0,102000
RECLTD30Jan20142.5CE.NFO,07/01/2020,11:10:07,3.9,3.95,36000,4.05,6000,0,102000
RECLTD30Jan20142.5CE.NFO,07/01/2020,11:10:22,3.9,3.95,48000,4.1,18000,0,102000
RECLTD30Jan20142.5CE.NFO,07/01/2020,11:10:27,3.9,4,30000,4.1,18000,0,102000
RECLTD30Jan20142.5CE.NFO,07/01/2020,11:11:02,3.9,3.95,36000,4.05,6000,0,102000
RECLTD30Jan20142.5CE.NFO,07/01/2020,11:11:06,3.9,3.95,36000,4.05,18000,0,102000
RECLTD30Jan20142.5CE.NFO,07/01/2020,11:11:18,3.9,3.9,48000,4,18000,0,102000
RECLTD30Jan20142.5CE.NFO,07/01/2020,11:11:25,3.9,3.85,36000,3.95,24000,6000,90000
RECLTD30Jan20142.5CE.NFO,07/01/2020,11:11:34,3.9,3.85,36000,3.95,24000,0,90000
RECLTD30Jan20142.5CE.NFO,07/01/2020,11:11:41,3.9,3.8,36000,3.9,24000,0,90000
RECLTD30Jan20142.5CE.NFO,07/01/2020,11:11:54,3.9,3.8,36000,3.9,30000,0,90000
RECLTD30Jan20142.5CE.NFO,07/01/2020,11:12:01,3.9,3.8,30000,3.85,12000,0,90000
RECLTD30Jan20142.5CE.NFO,07/01/2020,11:12:10,3.9,3.8,6000,3.85,18000,0,90000
RECLTD30Jan20142.5CE.NFO,07/01/2020,11:12:17,3.9,3.8,30000,3.85,18000,0,90000
RECLTD30Jan20142.5CE.NFO,07/01/2020,11:12:23,3.9,3.8,6000,3.85,18000,0,90000
RECLTD30Jan20142.5CE.NFO,07/01/2020,11:12:29,3.9,3.8,36000,3.9,30000,0,90000
RECLTD30Jan20142.5CE.NFO,07/01/2020,11:12:57,3.9,3.8,36000,3.9,24000,0,90000
RECLTD30Jan20142.5CE.NFO,07/01/2020,11:13:12,3.9,3.85,36000,3.95,12000,0,90000
RECLTD30Jan20142.5CE.NFO,07/01/2020,11:13:17,3.9,3.85,36000,3.95,18000,0,90000
RECLTD30Jan20142.5CE.NFO,07/01/2020,11:13:23,3.9,3.85,36000,3.95,30000,0,90000
RECLTD30Jan20142.5CE.NFO,07/01/2020,11:13:28,3.9,3.85,36000,3.95,18000,0,90000
RECLTD30Jan20142.5CE.NFO,07/01/2020,11:13:34,3.9,3.85,36000,3.95,30000,0,90000
RECLTD30Jan20142.5CE.NFO,07/01/2020,11:13:40,3.9,3.85,36000,3.95,24000,0,90000
RECLTD30Jan20142.5CE.NFO,07/01/2020,11:13:46,3.9,3.9,30000,4,30000,0,90000
RECLTD30Jan20142.5CE.NFO,07/01/2020,11:13:52,3.9,3.9,30000,3.95,6000,0,90000
RECLTD30Jan20142.5CE.NFO,07/01/2020,11:13:57,3.9,3.9,36000,4,24000,0,90000
RECLTD30Jan20142.5CE.NFO,07/01/2020,11:15:02,3.9,3.85,36000,3.95,24000,0,90000
RECLTD30Jan20142.5CE.NFO,07/01/2020,11:15:09,3.9,3.85,36000,3.95,18000,0,90000
RECLTD30Jan20142.5CE.NFO,07/01/2020,11:15:15,3.9,3.9,30000,4,30000,0,90000
RECLTD30Jan20142.5CE.NFO,07/01/2020,11:15:31,3.9,3.85,36000,3.95,18000,0,90000
RECLTD30Jan20142.5CE.NFO,07/01/2020,11:15:36,3.9,3.85,36000,3.95,24000,0,90000
RECLTD30Jan20142.5CE.NFO,07/01/2020,11:15:54,3.9,3.85,36000,3.95,18000,0,90000
RECLTD30Jan20142.5CE.NFO,07/01/2020,11:16:04,3.9,3.85,36000,3.95,24000,0,90000
RECLTD30Jan20142.5CE.NFO,07/01/2020,11:16:28,3.9,3.9,6000,4,30000,0,90000
RECLTD30Jan20142.5CE.NFO,07/01/2020,11:16:54,3.9,3.85,42000,3.95,18000,0,90000
RECLTD30Jan20142.5CE.NFO,07/01/2020,11:17:00,3.9,3.9,6000,4,30000,0,90000
RECLTD30Jan20142.5CE.NFO,07/01/2020,11:17:15,3.9,3.85,36000,3.95,24000,0,90000
RECLTD30Jan20142.5CE.NFO,07/01/2020,11:17:31,3.9,3.85,36000,3.95,18000,0,90000
RECLTD30Jan20142.5CE.NFO,07/01/2020,11:17:37,3.9,3.9,30000,4,30000,0,90000
RECLTD30Jan20142.5CE.NFO,07/01/2020,11:17:44,3.9,3.9,6000,4,30000,0,90000
RECLTD30Jan20142.5CE.NFO,07/01/2020,11:17:50,3.9,3.9,30000,4,30000,0,90000
RECLTD30Jan20142.5CE.NFO,07/01/2020,11:18:37,3.9,3.85,42000,3.95,12000,0,90000
RECLTD30Jan20142.5CE.NFO,07/01/2020,11:18:45,3.9,3.9,30000,4,30000,0,90000
RECLTD30Jan20142.5CE.NFO,07/01/2020,11:18:52,3.9,3.9,30000,4,24000,0,90000
RECLTD30Jan20142.5CE.NFO,07/01/2020,11:19:10,3.9,3.9,30000,4,18000,0,90000
RECLTD30Jan20142.5CE.NFO,07/01/2020,11:19:15,3.9,3.95,30000,4.05,24000,0,90000
RECLTD30Jan20142.5CE.NFO,07/01/2020,11:19:23,3.9,3.85,42000,3.95,6000,0,90000
RECLTD30Jan20142.5CE.NFO,07/01/2020,11:19:31,3.9,3.9,30000,4,18000,0,90000
RECLTD30Jan20142.5CE.NFO,07/01/2020,11:19:38,3.9,3.9,36000,4,18000,0,90000
RECLTD30Jan20142.5CE.NFO,07/01/2020,11:19:49,3.9,3.95,30000,4.05,24000,0,90000
RECLTD30Jan20142.5CE.NFO,07/01/2020,11:19:57,3.9,3.95,30000,4.05,18000,0,90000
RECLTD30Jan20142.5CE.NFO,07/01/2020,11:20:07,3.9,3.95,30000,4.05,24000,0,90000
RECLTD30Jan20142.5CE.NFO,07/01/2020,11:20:35,3.9,3.95,42000,4.05,18000,0,90000
RECLTD30Jan20142.5CE.NFO,07/01/2020,11:20:40,3.9,3.95,36000,4.05,18000,0,90000
RECLTD30Jan20142.5CE.NFO,07/01/2020,11:21:22,3.9,4,30000,4.1,18000,0,90000
RECLTD30Jan20142.5CE.NFO,07/01/2020,11:21:26,3.9,4,6000,4.05,12000,0,90000
RECLTD30Jan20142.5CE.NFO,07/01/2020,11:21:31,3.9,3.95,30000,4.05,18000,0,90000
RECLTD30Jan20142.5CE.NFO,07/01/2020,11:21:46,3.9,3.95,36000,4.05,18000,0,90000
RECLTD30Jan20142.5CE.NFO,07/01/2020,11:22:33,3.9,4,36000,4.1,18000,0,90000
RECLTD30Jan20142.5CE.NFO,07/01/2020,11:22:55,3.9,4.05,30000,4.15,24000,0,90000
RECLTD30Jan20142.5CE.NFO,07/01/2020,11:23:14,3.9,4.05,30000,4.1,12000,0,90000
RECLTD30Jan20142.5CE.NFO,07/01/2020,11:23:23,3.9,4.05,36000,4.15,24000,0,90000
RECLTD30Jan20142.5CE.NFO,07/01/2020,11:23:37,3.9,4.05,30000,4.15,24000,0,90000
RECLTD30Jan20142.5CE.NFO,07/01/2020,11:24:14,3.9,4.05,30000,4.15,48000,0,90000
RECLTD30Jan20142.5CE.NFO,07/01/2020,11:24:37,3.9,4.05,6000,4.1,30000,0,90000
RECLTD30Jan20142.5CE.NFO,07/01/2020,11:24:46,3.9,4.1,6000,4.2,54000,0,90000
RECLTD30Jan20142.5CE.NFO,07/01/2020,11:24:51,3.9,4.05,18000,4.15,30000,0,90000
RECLTD30Jan20142.5CE.NFO,07/01/2020,11:25:09,3.9,4.1,6000,4.15,30000,0,90000
RECLTD30Jan20142.5CE.NFO,07/01/2020,11:25:22,3.9,4.05,12000,4.15,48000,0,90000
RECLTD30Jan20142.5CE.NFO,07/01/2020,11:25:33,3.9,4,12000,4.1,30000,0,90000
RECLTD30Jan20142.5CE.NFO,07/01/2020,11:25:47,3.9,4.05,6000,4.15,42000,0,90000
RECLTD30Jan20142.5CE.NFO,07/01/2020,11:26:35,3.9,4.05,6000,4.15,36000,0,90000
RECLTD30Jan20142.5CE.NFO,07/01/2020,11:26:45,3.9,4,12000,4.1,30000,0,90000
RECLTD30Jan20142.5CE.NFO,07/01/2020,11:27:10,3.9,4.05,6000,4.1,24000,0,90000
RECLTD30Jan20142.5CE.NFO,07/01/2020,11:27:17,3.9,4,12000,4.1,24000,0,90000
RECLTD30Jan20142.5CE.NFO,07/01/2020,11:28:04,3.9,4,12000,4.1,30000,0,90000
RECLTD30Jan20142.5CE.NFO,07/01/2020,11:28:50,3.9,4,12000,4.1,36000,0,90000
RECLTD30Jan20142.5CE.NFO,07/01/2020,11:28:57,3.9,4,12000,4.1,30000,0,90000
RECLTD30Jan20142.5CE.NFO,07/01/2020,11:29:20,3.9,4.05,6000,4.15,36000,0,90000
RECLTD30Jan20142.5CE.NFO,07/01/2020,11:29:24,3.9,4.05,6000,4.1,6000,0,90000
RECLTD30Jan20142.5CE.NFO,07/01/2020,11:29:45,3.9,4.05,12000,4.15,30000,0,90000
RECLTD30Jan20142.5CE.NFO,07/01/2020,11:30:01,3.9,4.05,6000,4.15,30000,0,90000
RECLTD30Jan20142.5CE.NFO,07/01/2020,11:30:20,3.9,4.05,6000,4.15,36000,0,90000
RECLTD30Jan20142.5CE.NFO,07/01/2020,11:30:30,3.9,4.05,6000,4.15,30000,0,90000
RECLTD30Jan20142.5CE.NFO,07/01/2020,11:30:52,3.9,4.05,6000,4.15,36000,0,90000
RECLTD30Jan20142.5CE.NFO,07/01/2020,11:31:15,3.9,4.25,12000,4.35,48000,0,90000
RECLTD30Jan20142.5CE.NFO,07/01/2020,11:31:20,3.9,4.25,12000,4.35,54000,0,90000
RECLTD30Jan20142.5CE.NFO,07/01/2020,11:31:25,3.9,4.15,18000,4.25,6000,0,90000
RECLTD30Jan20142.5CE.NFO,07/01/2020,11:31:29,3.9,4.15,24000,4.3,54000,0,90000
RECLTD30Jan20142.5CE.NFO,07/01/2020,11:31:34,3.9,4.15,24000,4.25,24000,0,90000
RECLTD30Jan20142.5CE.NFO,07/01/2020,11:31:41,3.9,4.15,24000,4.25,30000,0,90000
RECLTD30Jan20142.5CE.NFO,07/01/2020,11:31:46,3.9,4.1,18000,4.2,24000,0,90000
RECLTD30Jan20142.5CE.NFO,07/01/2020,11:31:58,3.9,4.15,24000,4.25,30000,0,90000
RECLTD30Jan20142.5CE.NFO,07/01/2020,11:32:04,3.9,4.15,30000,4.25,12000,0,90000
RECLTD30Jan20142.5CE.NFO,07/01/2020,11:32:09,3.9,4.15,24000,4.25,24000,0,90000
RECLTD30Jan20142.5CE.NFO,07/01/2020,11:32:20,3.9,4.15,18000,4.25,42000,0,90000
RECLTD30Jan20142.5CE.NFO,07/01/2020,11:32:29,3.9,4.15,24000,4.2,12000,0,90000
RECLTD30Jan20142.5CE.NFO,07/01/2020,11:32:39,3.9,4.15,24000,4.25,18000,0,90000
RECLTD30Jan20142.5CE.NFO,07/01/2020,11:32:44,3.9,4.15,24000,4.2,12000,0,90000
RECLTD30Jan20142.5CE.NFO,07/01/2020,11:32:51,3.9,4.1,30000,4.2,12000,0,90000
RECLTD30Jan20142.5CE.NFO,07/01/2020,11:33:03,3.9,4.15,6000,4.2,6000,0,90000
RECLTD30Jan20142.5CE.NFO,07/01/2020,11:33:10,3.9,4.15,24000,4.25,48000,0,90000
RECLTD30Jan20142.5CE.NFO,07/01/2020,11:33:21,3.9,4.15,18000,4.2,24000,0,90000
RECLTD30Jan20142.5CE.NFO,07/01/2020,11:33:30,3.9,4.15,12000,4.2,24000,0,90000
RECLTD30Jan20142.5CE.NFO,07/01/2020,11:33:43,3.9,4.15,24000,4.25,48000,0,90000
RECLTD30Jan20142.5CE.NFO,07/01/2020,11:33:47,3.9,4.15,30000,4.25,6000,0,90000
RECLTD30Jan20142.5CE.NFO,07/01/2020,11:33:55,3.9,4.2,6000,4.3,36000,0,90000
RECLTD30Jan20142.5CE.NFO,07/01/2020,11:34:01,3.9,4.2,12000,4.3,36000,0,90000
RECLTD30Jan20142.5CE.NFO,07/01/2020,11:34:15,3.9,4.2,24000,4.3,30000,0,90000
RECLTD30Jan20142.5CE.NFO,07/01/2020,11:34:22,3.9,4.2,6000,4.25,6000,0,90000
RECLTD30Jan20142.5CE.NFO,07/01/2020,11:34:27,3.9,4.2,18000,4.3,30000,0,90000
RECLTD30Jan20142.5CE.NFO,07/01/2020,11:34:34,3.9,4.2,6000,4.3,54000,0,90000
RECLTD30Jan20142.5CE.NFO,07/01/2020,11:34:40,3.9,4.15,18000,4.25,36000,0,90000
RECLTD30Jan20142.5CE.NFO,07/01/2020,11:34:47,3.9,4.15,24000,4.25,6000,0,90000
RECLTD30Jan20142.5CE.NFO,07/01/2020,11:34:53,3.9,4.15,12000,4.25,30000,0,90000
RECLTD30Jan20142.5CE.NFO,07/01/2020,11:35:05,3.9,4.15,12000,4.25,6000,0,90000
RECLTD30Jan20142.5CE.NFO,07/01/2020,11:35:11,3.9,4.2,12000,4.3,6000,0,90000
RECLTD30Jan20142.5CE.NFO,07/01/2020,11:35:30,3.9,4.25,12000,4.35,30000,0,90000
RECLTD30Jan20142.5CE.NFO,07/01/2020,11:35:53,3.9,4.3,12000,4.45,18000,0,90000
RECLTD30Jan20142.5CE.NFO,07/01/2020,11:35:59,3.9,4.3,18000,4.45,30000,0,90000
RECLTD30Jan20142.5CE.NFO,07/01/2020,11:36:08,3.9,4.3,18000,4.4,6000,0,90000
RECLTD30Jan20142.5CE.NFO,07/01/2020,11:36:13,3.9,4.35,12000,4.45,24000,0,90000
RECLTD30Jan20142.5CE.NFO,07/01/2020,11:36:34,3.9,4.3,12000,4.4,24000,0,90000
RECLTD30Jan20142.5CE.NFO,07/01/2020,11:36:38,3.9,4.3,6000,4.4,24000,0,90000
RECLTD30Jan20142.5CE.NFO,07/01/2020,11:36:43,3.9,4.3,6000,4.35,12000,0,90000
RECLTD30Jan20142.5CE.NFO,07/01/2020,11:36:49,3.9,4.25,6000,4.35,18000,0,90000
RECLTD30Jan20142.5CE.NFO,07/01/2020,11:36:56,3.9,4.25,12000,4.35,24000,0,90000
RECLTD30Jan20142.5CE.NFO,07/01/2020,11:37:18,3.9,4.25,30000,4.35,12000,0,90000
RECLTD30Jan20142.5CE.NFO,07/01/2020,11:37:36,3.9,4.25,24000,4.35,12000,0,90000
RECLTD30Jan20142.5CE.NFO,07/01/2020,11:37:42,3.9,4.25,30000,4.35,12000,0,90000
RECLTD30Jan20142.5CE.NFO,07/01/2020,11:37:52,3.9,4.25,24000,4.35,12000,0,90000
RECLTD30Jan20142.5CE.NFO,07/01/2020,11:38:14,3.9,4.2,48000,4.3,12000,0,90000
RECLTD30Jan20142.5CE.NFO,07/01/2020,11:38:27,3.9,4.2,36000,4.3,12000,0,90000
RECLTD30Jan20142.5CE.NFO,07/01/2020,11:38:35,3.9,4.2,48000,4.3,12000,0,90000
RECLTD30Jan20142.5CE.NFO,07/01/2020,11:38:56,3.9,4.2,48000,4.3,6000,0,90000
RECLTD30Jan20142.5CE.NFO,07/01/2020,11:39:13,3.9,4.2,42000,4.3,6000,0,90000
RECLTD30Jan20142.5CE.NFO,07/01/2020,11:39:18,3.9,4.2,36000,4.3,6000,0,90000
RECLTD30Jan20142.5CE.NFO,07/01/2020,11:39:22,3.9,4.2,6000,4.3,6000,0,90000
RECLTD30Jan20142.5CE.NFO,07/01/2020,11:39:27,3.9,4.2,6000,4.3,12000,0,90000
RECLTD30Jan20142.5CE.NFO,07/01/2020,11:39:42,3.9,4.15,18000,4.25,6000,0,90000
RECLTD30Jan20142.5CE.NFO,07/01/2020,11:39:47,3.9,4.15,6000,4.25,12000,0,90000
RECLTD30Jan20142.5CE.NFO,07/01/2020,11:39:55,3.9,4.1,30000,4.2,6000,0,90000
RECLTD30Jan20142.5CE.NFO,07/01/2020,11:40:03,3.9,4.1,36000,4.25,18000,0,90000
RECLTD30Jan20142.5CE.NFO,07/01/2020,11:40:14,3.9,4.15,6000,4.25,18000,0,90000
RECLTD30Jan20142.5CE.NFO,07/01/2020,11:41:11,3.9,4.05,36000,4.2,18000,0,90000
RECLTD30Jan20142.5CE.NFO,07/01/2020,11:41:15,3.9,4.05,36000,4.15,6000,0,90000
RECLTD30Jan20142.5CE.NFO,07/01/2020,11:41:49,3.9,4.05,36000,4.15,12000,0,90000
RECLTD30Jan20142.5CE.NFO,07/01/2020,11:42:07,3.9,4.05,24000,4.15,12000,0,90000
RECLTD30Jan20142.5CE.NFO,07/01/2020,11:42:36,3.9,4.05,18000,4.15,12000,0,90000
RECLTD30Jan20142.5CE.NFO,07/01/2020,11:42:42,3.9,4.05,36000,4.15,12000,0,90000
RECLTD30Jan20142.5CE.NFO,07/01/2020,11:43:02,3.9,4.05,36000,4.15,6000,0,90000
RECLTD30Jan20142.5CE.NFO,07/01/2020,11:44:07,3.9,4.05,42000,4.15,18000,0,90000
RECLTD30Jan20142.5CE.NFO,07/01/2020,11:44:38,3.9,4.05,12000,4.15,18000,0,90000
RECLTD30Jan20142.5CE.NFO,07/01/2020,11:44:56,3.9,4.05,12000,4.15,24000,0,90000
RECLTD30Jan20142.5CE.NFO,07/01/2020,11:45:17,3.9,4.05,12000,4.15,18000,0,90000
RECLTD30Jan20142.5CE.NFO,07/01/2020,11:45:42,3.9,4,12000,4.1,18000,0,90000
RECLTD30Jan20142.5CE.NFO,07/01/2020,11:45:50,3.9,4,12000,4.1,24000,0,90000
RECLTD30Jan20142.5CE.NFO,07/01/2020,11:45:55,3.9,4,36000,4.1,24000,0,90000
RECLTD30Jan20142.5CE.NFO,07/01/2020,11:46:01,3.9,4,12000,4.1,24000,0,90000
RECLTD30Jan20142.5CE.NFO,07/01/2020,11:46:04,3.9,4,6000,4.1,24000,0,90000
RECLTD30Jan20142.5CE.NFO,07/01/2020,11:46:08,3.9,4,42000,4.1,12000,0,90000
RECLTD30Jan20142.5CE.NFO,07/01/2020,11:46:11,3.9,4,42000,4.1,18000,0,90000
RECLTD30Jan20142.5CE.NFO,07/01/2020,11:47:32,3.9,3.95,12000,4.05,18000,0,90000
RECLTD30Jan20142.5CE.NFO,07/01/2020,11:47:45,3.9,3.95,12000,4.05,24000,0,90000
RECLTD30Jan20142.5CE.NFO,07/01/2020,11:48:11,3.9,3.9,48000,4,6000,0,90000
RECLTD30Jan20142.5CE.NFO,07/01/2020,11:48:16,3.9,3.8,48000,3.95,12000,0,90000
RECLTD30Jan20142.5CE.NFO,07/01/2020,11:48:21,3.9,3.85,6000,3.95,18000,0,90000
RECLTD30Jan20142.5CE.NFO,07/01/2020,11:48:26,3.9,3.85,12000,3.95,18000,0,90000
RECLTD30Jan20142.5CE.NFO,07/01/2020,11:48:37,3.9,3.85,18000,3.95,18000,0,90000
RECLTD30Jan20142.5CE.NFO,07/01/2020,11:49:07,3.9,3.85,18000,3.95,12000,0,90000
RECLTD30Jan20142.5CE.NFO,07/01/2020,11:49:37,3.9,3.85,42000,3.95,12000,0,90000
RECLTD30Jan20142.5CE.NFO,07/01/2020,11:51:09,3.9,3.95,12000,4.05,6000,0,90000
RECLTD30Jan20142.5CE.NFO,07/01/2020,11:51:14,3.9,3.95,12000,4.05,12000,0,90000
RECLTD30Jan20142.5CE.NFO,07/01/2020,11:51:19,3.9,3.9,48000,4,6000,0,90000
RECLTD30Jan20142.5CE.NFO,07/01/2020,11:51:33,3.9,3.95,18000,4.05,12000,0,90000
RECLTD30Jan20142.5CE.NFO,07/01/2020,11:51:39,3.9,4,36000,4.1,12000,0,90000
RECLTD30Jan20142.5CE.NFO,07/01/2020,11:51:43,3.9,4,6000,4.1,18000,0,90000
RECLTD30Jan20142.5CE.NFO,07/01/2020,11:51:52,3.9,4,30000,4.1,18000,0,90000
RECLTD30Jan20142.5CE.NFO,07/01/2020,11:51:57,3.9,4,36000,4.1,18000,0,90000
RECLTD30Jan20142.5CE.NFO,07/01/2020,11:52:01,3.9,4,12000,4.1,18000,0,90000
RECLTD30Jan20142.5CE.NFO,07/01/2020,11:52:13,3.9,4,36000,4.1,18000,0,90000
RECLTD30Jan20142.5CE.NFO,07/01/2020,11:52:16,3.9,4,42000,4.1,18000,0,90000
RECLTD30Jan20142.5CE.NFO,07/01/2020,11:52:19,3.9,4,6000,4.1,24000,0,90000
RECLTD30Jan20142.5CE.NFO,07/01/2020,11:52:30,3.9,4,30000,4.1,24000,0,90000
RECLTD30Jan20142.5CE.NFO,07/01/2020,11:52:35,3.9,3.95,36000,4.05,18000,0,90000
RECLTD30Jan20142.5CE.NFO,07/01/2020,11:52:38,3.9,3.95,36000,4.05,24000,0,90000
RECLTD30Jan20142.5CE.NFO,07/01/2020,11:52:45,3.9,3.9,48000,4,6000,0,90000
RECLTD30Jan20142.5CE.NFO,07/01/2020,11:53:17,3.9,3.95,42000,4.05,6000,0,90000
RECLTD30Jan20142.5CE.NFO,07/01/2020,11:53:20,3.9,3.9,48000,4,12000,0,90000
RECLTD30Jan20142.5CE.NFO,07/01/2020,11:53:37,3.9,3.9,48000,4,18000,0,90000
RECLTD30Jan20142.5CE.NFO,07/01/2020,11:53:40,3.9,3.9,42000,4,18000,0,90000
RECLTD30Jan20142.5CE.NFO,07/01/2020,11:53:50,3.9,3.85,48000,3.95,12000,0,90000
RECLTD30Jan20142.5CE.NFO,07/01/2020,11:54:00,3.9,3.9,30000,4,24000,0,90000
RECLTD30Jan20142.5CE.NFO,07/01/2020,11:54:04,3.9,3.9,36000,4,24000,0,90000
RECLTD30Jan20142.5CE.NFO,07/01/2020,11:54:07,3.9,3.85,48000,3.95,6000,0,90000
RECLTD30Jan20142.5CE.NFO,07/01/2020,11:54:10,3.9,3.9,42000,4,24000,0,90000
RECLTD30Jan20142.5CE.NFO,07/01/2020,11:54:36,3.9,3.9,48000,4,6000,0,90000
RECLTD30Jan20142.5CE.NFO,07/01/2020,11:55:02,3.9,3.95,6000,4.05,24000,0,90000
RECLTD30Jan20142.5CE.NFO,07/01/2020,11:55:10,3.9,3.9,12000,4,18000,0,90000
RECLTD30Jan20142.5CE.NFO,07/01/2020,11:55:23,3.9,3.85,48000,3.95,6000,0,90000
RECLTD30Jan20142.5CE.NFO,07/01/2020,11:55:30,3.9,3.9,12000,4,24000,0,90000
RECLTD30Jan20142.5CE.NFO,07/01/2020,11:55:39,3.9,3.85,48000,3.95,12000,0,90000
RECLTD30Jan20142.5CE.NFO,07/01/2020,11:55:49,3.9,3.85,48000,3.95,18000,0,90000
RECLTD30Jan20142.5CE.NFO,07/01/2020,11:56:14,3.9,3.9,30000,4,24000,0,90000
RECLTD30Jan20142.5CE.NFO,07/01/2020,11:56:23,3.9,3.9,42000,4,24000,0,90000
RECLTD30Jan20142.5CE.NFO,07/01/2020,11:56:31,3.9,3.9,48000,4,24000,0,90000
RECLTD30Jan20142.5CE.NFO,07/01/2020,11:56:41,3.9,3.95,12000,4.05,24000,0,90000
RECLTD30Jan20142.5CE.NFO,07/01/2020,11:57:07,3.9,3.95,42000,4.05,18000,0,90000
RECLTD30Jan20142.5CE.NFO,07/01/2020,11:57:14,3.9,4,36000,4.1,24000,0,90000
RECLTD30Jan20142.5CE.NFO,07/01/2020,11:57:18,3.9,4,36000,4.1,30000,0,90000
RECLTD30Jan20142.5CE.NFO,07/01/2020,11:57:21,3.9,4.05,24000,4.15,24000,0,90000
RECLTD30Jan20142.5CE.NFO,07/01/2020,11:57:25,3.9,4.05,36000,4.15,18000,0,90000
RECLTD30Jan20142.5CE.NFO,07/01/2020,11:57:34,3.9,4.1,30000,4.15,6000,0,90000
RECLTD30Jan20142.5CE.NFO,07/01/2020,11:57:48,3.9,4.05,36000,4.15,24000,0,90000
RECLTD30Jan20142.5CE.NFO,07/01/2020,11:57:59,3.9,4.1,30000,4.15,6000,0,90000
RECLTD30Jan20142.5CE.NFO,07/01/2020,11:58:08,3.9,4.1,36000,4.15,6000,0,90000
RECLTD30Jan20142.5CE.NFO,07/01/2020,11:58:12,4.15,4.15,18000,4.25,24000,6000,90000
RECLTD30Jan20142.5CE.NFO,07/01/2020,11:58:19,4.15,4.15,18000,4.2,12000,0,90000
RECLTD30Jan20142.5CE.NFO,07/01/2020,11:58:27,4.15,4.15,24000,4.2,12000,0,90000
RECLTD30Jan20142.5CE.NFO,07/01/2020,11:58:38,4.15,4.1,36000,4.2,18000,0,90000
RECLTD30Jan20142.5CE.NFO,07/01/2020,11:58:43,4.15,4.15,30000,4.25,18000,0,90000
RECLTD30Jan20142.5CE.NFO,07/01/2020,11:58:46,4.15,4.2,18000,4.25,12000,0,90000
RECLTD30Jan20142.5CE.NFO,07/01/2020,11:58:51,4.15,4.2,24000,4.3,24000,0,90000
RECLTD30Jan20142.5CE.NFO,07/01/2020,11:58:58,4.15,4.15,36000,4.25,12000,0,90000
RECLTD30Jan20142.5CE.NFO,07/01/2020,11:59:01,4.15,4.15,36000,4.25,18000,0,90000
RECLTD30Jan20142.5CE.NFO,07/01/2020,11:59:05,4.15,4.1,36000,4.2,12000,0,90000
RECLTD30Jan20142.5CE.NFO,07/01/2020,11:59:08,4.15,4.05,36000,4.15,12000,0,90000
RECLTD30Jan20142.5CE.NFO,07/01/2020,11:59:21,4.15,4.05,30000,4.15,12000,0,90000
RECLTD30Jan20142.5CE.NFO,07/01/2020,11:59:25,4.15,4,36000,4.1,12000,0,90000
RECLTD30Jan20142.5CE.NFO,07/01/2020,11:59:30,4.15,3.95,30000,4.05,12000,0,90000
RECLTD30Jan20142.5CE.NFO,07/01/2020,11:59:34,4.15,3.9,24000,4,18000,0,90000
RECLTD30Jan20142.5CE.NFO,07/01/2020,11:59:38,4.15,3.85,30000,3.95,6000,0,90000
RECLTD30Jan20142.5CE.NFO,07/01/2020,11:59:45,4.15,3.85,18000,3.95,12000,0,90000
RECLTD30Jan20142.5CE.NFO,07/01/2020,11:59:50,4.15,3.85,18000,3.9,6000,0,90000
RECLTD30Jan20142.5CE.NFO,07/01/2020,11:59:54,4.15,3.8,36000,3.9,6000,0,90000
RECLTD30Jan20142.5CE.NFO,07/01/2020,12:00:01,4.15,3.85,6000,3.95,12000,0,90000
RECLTD30Jan20142.5CE.NFO,07/01/2020,12:00:17,4.15,3.85,24000,3.95,12000,0,90000
RECLTD30Jan20142.5CE.NFO,07/01/2020,12:00:21,4.15,3.85,42000,3.95,12000,0,90000
RECLTD30Jan20142.5CE.NFO,07/01/2020,12:00:34,4.15,3.9,24000,4,6000,0,90000
RECLTD30Jan20142.5CE.NFO,07/01/2020,12:00:38,4.15,3.9,30000,4,12000,0,90000
RECLTD30Jan20142.5CE.NFO,07/01/2020,12:00:46,4.15,3.9,30000,4,6000,0,90000
RECLTD30Jan20142.5CE.NFO,07/01/2020,12:01:02,4.15,3.85,36000,4,12000,0,90000
RECLTD30Jan20142.5CE.NFO,07/01/2020,12:01:05,4.15,3.85,36000,3.95,6000,0,90000
RECLTD30Jan20142.5CE.NFO,07/01/2020,12:01:07,4.15,3.9,6000,4,12000,0,90000
RECLTD30Jan20142.5CE.NFO,07/01/2020,12:01:10,4.15,3.85,42000,3.95,6000,0,90000
RECLTD30Jan20142.5CE.NFO,07/01/2020,12:01:24,4.15,3.9,6000,4,12000,0,90000
RECLTD30Jan20142.5CE.NFO,07/01/2020,12:01:27,4.15,3.9,18000,4,12000,0,90000
RECLTD30Jan20142.5CE.NFO,07/01/2020,12:01:32,4.15,3.9,24000,4,12000,0,90000
RECLTD30Jan20142.5CE.NFO,07/01/2020,12:01:39,4.15,3.85,30000,4,12000,0,90000
RECLTD30Jan20142.5CE.NFO,07/01/2020,12:01:42,4.15,3.85,24000,3.95,12000,0,90000
RECLTD30Jan20142.5CE.NFO,07/01/2020,12:01:45,4.15,3.85,24000,3.95,18000,0,90000
RECLTD30Jan20142.5CE.NFO,07/01/2020,12:01:47,4.15,3.8,12000,3.95,18000,0,90000
RECLTD30Jan20142.5CE.NFO,07/01/2020,12:01:51,4.15,3.75,36000,3.95,18000,0,90000
RECLTD30Jan20142.5CE.NFO,07/01/2020,12:01:59,4.15,3.8,6000,3.95,18000,0,90000
RECLTD30Jan20142.5CE.NFO,07/01/2020,12:02:02,4.15,3.8,6000,3.9,6000,0,90000
RECLTD30Jan20142.5CE.NFO,07/01/2020,12:02:05,4.15,3.75,18000,3.85,12000,0,90000
RECLTD30Jan20142.5CE.NFO,07/01/2020,12:02:08,4.15,3.7,36000,3.85,12000,0,90000
RECLTD30Jan20142.5CE.NFO,07/01/2020,12:02:10,4.15,3.75,6000,3.85,12000,0,90000
RECLTD30Jan20142.5CE.NFO,07/01/2020,12:02:13,4.15,3.75,6000,3.85,18000,0,90000
RECLTD30Jan20142.5CE.NFO,07/01/2020,12:02:16,4.15,3.7,30000,3.85,18000,0,90000
RECLTD30Jan20142.5CE.NFO,07/01/2020,12:02:19,4.15,3.7,24000,3.85,18000,0,90000
RECLTD30Jan20142.5CE.NFO,07/01/2020,12:02:22,4.15,3.65,18000,3.8,12000,0,90000
RECLTD30Jan20142.5CE.NFO,07/01/2020,12:02:26,4.15,3.65,30000,3.8,12000,0,90000
RECLTD30Jan20142.5CE.NFO,07/01/2020,12:02:34,3.8,3.75,30000,3.85,6000,6000,96000
RECLTD30Jan20142.5CE.NFO,07/01/2020,12:02:34,3.8,3.75,30000,3.85,6000,0,96000
RECLTD30Jan20142.5CE.NFO,07/01/2020,12:02:41,3.8,3.8,24000,3.95,12000,0,96000
RECLTD30Jan20142.5CE.NFO,07/01/2020,12:02:48,3.8,3.8,24000,3.9,12000,0,96000
RECLTD30Jan20142.5CE.NFO,07/01/2020,12:02:54,3.8,3.8,12000,3.9,12000,0,96000
RECLTD30Jan20142.5CE.NFO,07/01/2020,12:03:04,3.8,3.75,30000,3.9,12000,0,96000
RECLTD30Jan20142.5CE.NFO,07/01/2020,12:03:09,3.8,3.75,18000,3.85,12000,0,96000
RECLTD30Jan20142.5CE.NFO,07/01/2020,12:03:15,3.8,3.7,30000,3.85,12000,0,96000
RECLTD30Jan20142.5CE.NFO,07/01/2020,12:03:21,3.8,3.75,12000,3.85,6000,0,96000
RECLTD30Jan20142.5CE.NFO,07/01/2020,12:03:26,3.8,3.75,18000,3.85,12000,0,96000
RECLTD30Jan20142.5CE.NFO,07/01/2020,12:03:49,3.8,3.75,30000,3.85,6000,0,96000
RECLTD30Jan20142.5CE.NFO,07/01/2020,12:03:53,3.8,3.75,24000,3.85,6000,0,96000
RECLTD30Jan20142.5CE.NFO,07/01/2020,12:03:56,3.8,3.75,30000,3.85,6000,0,96000
RECLTD30Jan20142.5CE.NFO,07/01/2020,12:04:00,3.8,3.75,18000,3.85,6000,0,96000
RECLTD30Jan20142.5CE.NFO,07/01/2020,12:04:06,3.8,3.75,6000,3.85,6000,0,96000
RECLTD30Jan20142.5CE.NFO,07/01/2020,12:04:10,3.8,3.75,24000,3.85,6000,0,96000
RECLTD30Jan20142.5CE.NFO,07/01/2020,12:04:16,3.8,3.75,24000,3.9,12000,0,96000
RECLTD30Jan20142.5CE.NFO,07/01/2020,12:04:23,3.8,3.75,24000,3.8,18000,0,96000
RECLTD30Jan20142.5CE.NFO,07/01/2020,12:04:29,3.8,3.7,18000,3.75,12000,0,96000
RECLTD30Jan20142.5CE.NFO,07/01/2020,12:04:32,3.8,3.65,12000,3.75,30000,0,96000
RECLTD30Jan20142.5CE.NFO,07/01/2020,12:04:36,3.8,3.65,18000,3.75,6000,0,96000
RECLTD30Jan20142.5CE.NFO,07/01/2020,12:04:40,3.8,3.65,18000,3.75,30000,0,96000
RECLTD30Jan20142.5CE.NFO,07/01/2020,12:04:48,3.8,3.65,12000,3.75,30000,0,96000
RECLTD30Jan20142.5CE.NFO,07/01/2020,12:04:55,3.8,3.7,6000,3.75,6000,0,96000
RECLTD30Jan20142.5CE.NFO,07/01/2020,12:06:09,3.8,3.7,18000,3.8,30000,0,96000
RECLTD30Jan20142.5CE.NFO,07/01/2020,12:06:15,3.8,3.75,6000,3.8,6000,0,96000
RECLTD30Jan20142.5CE.NFO,07/01/2020,12:06:19,3.8,3.7,12000,3.85,36000,0,96000
RECLTD30Jan20142.5CE.NFO,07/01/2020,12:06:33,3.8,3.6,12000,3.75,36000,0,96000
RECLTD30Jan20142.5CE.NFO,07/01/2020,12:06:41,3.8,3.6,6000,3.7,24000,0,96000
RECLTD30Jan20142.5CE.NFO,07/01/2020,12:07:02,3.8,3.65,18000,3.75,6000,0,96000
RECLTD30Jan20142.5CE.NFO,07/01/2020,12:07:09,3.8,3.65,12000,3.8,36000,0,96000
RECLTD30Jan20142.5CE.NFO,07/01/2020,12:07:12,3.8,3.65,12000,3.75,6000,0,96000
RECLTD30Jan20142.5CE.NFO,07/01/2020,12:07:15,3.8,3.7,6000,3.8,36000,0,96000
RECLTD30Jan20142.5CE.NFO,07/01/2020,12:07:18,3.8,3.65,18000,3.75,24000,0,96000
RECLTD30Jan20142.5CE.NFO,07/01/2020,12:07:25,3.8,3.65,18000,3.75,30000,0,96000
RECLTD30Jan20142.5CE.NFO,07/01/2020,12:07:41,3.8,3.7,6000,3.8,42000,0,96000
RECLTD30Jan20142.5CE.NFO,07/01/2020,12:07:48,3.8,3.65,18000,3.75,30000,0,96000
RECLTD30Jan20142.5CE.NFO,07/01/2020,12:07:59,3.8,3.7,6000,3.8,42000,0,96000
RECLTD30Jan20142.5CE.NFO,07/01/2020,12:08:06,3.8,3.7,6000,3.8,36000,0,96000
RECLTD30Jan20142.5CE.NFO,07/01/2020,12:08:13,3.8,3.7,6000,3.8,42000,0,96000
RECLTD30Jan20142.5CE.NFO,07/01/2020,12:08:19,3.8,3.75,6000,3.85,36000,0,96000
RECLTD30Jan20142.5CE.NFO,07/01/2020,12:08:31,3.8,3.75,6000,3.8,18000,0,96000
RECLTD30Jan20142.5CE.NFO,07/01/2020,12:08:42,3.8,3.75,6000,3.85,30000,0,96000
RECLTD30Jan20142.5CE.NFO,07/01/2020,12:09:04,3.85,3.85,24000,3.95,6000,6000,96000
RECLTD30Jan20142.5CE.NFO,07/01/2020,12:09:07,3.85,3.85,12000,3.95,6000,0,96000
RECLTD30Jan20142.5CE.NFO,07/01/2020,12:09:15,3.85,3.85,18000,3.95,6000,0,96000
RECLTD30Jan20142.5CE.NFO,07/01/2020,12:09:18,3.85,3.8,24000,3.9,6000,0,96000
RECLTD30Jan20142.5CE.NFO,07/01/2020,12:09:45,3.85,3.8,30000,3.9,6000,0,96000
RECLTD30Jan20142.5CE.NFO,07/01/2020,12:09:55,3.85,3.8,30000,3.95,6000,0,96000
RECLTD30Jan20142.5CE.NFO,07/01/2020,12:10:42,3.85,3.8,24000,3.9,6000,0,96000
RECLTD30Jan20142.5CE.NFO,07/01/2020,12:10:45,3.85,3.8,30000,3.95,6000,0,96000
RECLTD30Jan20142.5CE.NFO,07/01/2020,12:11:35,3.85,3.85,18000,3.95,6000,0,96000
RECLTD30Jan20142.5CE.NFO,07/01/2020,12:11:38,3.85,3.85,24000,3.95,6000,0,96000
RECLTD30Jan20142.5CE.NFO,07/01/2020,12:11:54,3.85,3.85,12000,3.95,6000,0,96000
RECLTD30Jan20142.5CE.NFO,07/01/2020,12:12:02,3.85,3.85,18000,3.95,6000,0,96000
RECLTD30Jan20142.5CE.NFO,07/01/2020,12:12:39,3.85,3.85,24000,3.95,6000,0,96000
RECLTD30Jan20142.5CE.NFO,07/01/2020,12:12:42,3.9,3.85,30000,4,12000,12000,96000
RECLTD30Jan20142.5CE.NFO,07/01/2020,12:12:46,3.9,3.85,30000,4,18000,0,96000
RECLTD30Jan20142.5CE.NFO,07/01/2020,12:13:07,3.9,3.9,24000,4,6000,0,96000
RECLTD30Jan20142.5CE.NFO,07/01/2020,12:13:15,3.9,3.95,30000,4.1,12000,0,96000
RECLTD30Jan20142.5CE.NFO,07/01/2020,12:13:22,3.9,3.95,36000,4.1,12000,0,96000
RECLTD30Jan20142.5CE.NFO,07/01/2020,12:13:33,3.9,4,6000,4.1,12000,0,96000
RECLTD30Jan20142.5CE.NFO,07/01/2020,12:13:37,3.9,4,6000,4.1,6000,0,96000
RECLTD30Jan20142.5CE.NFO,07/01/2020,12:14:03,3.9,3.95,30000,4.1,18000,0,96000
RECLTD30Jan20142.5CE.NFO,07/01/2020,12:14:09,3.9,3.95,6000,4.1,18000,0,96000
RECLTD30Jan20142.5CE.NFO,07/01/2020,12:14:19,3.9,3.9,6000,4,6000,0,96000
RECLTD30Jan20142.5CE.NFO,07/01/2020,12:14:22,3.9,3.85,30000,4,12000,0,96000
RECLTD30Jan20142.5CE.NFO,07/01/2020,12:14:48,3.9,3.9,12000,4.05,24000,0,96000
RECLTD30Jan20142.5CE.NFO,07/01/2020,12:14:55,3.9,3.9,6000,4.05,18000,0,96000
RECLTD30Jan20142.5CE.NFO,07/01/2020,12:14:58,3.9,3.9,18000,4.05,18000,0,96000
RECLTD30Jan20142.5CE.NFO,07/01/2020,12:15:11,3.9,3.9,30000,4.05,18000,0,96000
RECLTD30Jan20142.5CE.NFO,07/01/2020,12:15:42,3.9,3.9,24000,4.05,18000,0,96000
RECLTD30Jan20142.5CE.NFO,07/01/2020,12:15:48,3.9,3.9,30000,4.05,18000,0,96000
RECLTD30Jan20142.5CE.NFO,07/01/2020,12:16:06,3.9,3.85,12000,3.95,6000,0,96000
RECLTD30Jan20142.5CE.NFO,07/01/2020,12:16:10,3.9,3.85,24000,4,18000,0,96000
RECLTD30Jan20142.5CE.NFO,07/01/2020,12:16:14,3.9,3.85,12000,4,18000,0,96000
RECLTD30Jan20142.5CE.NFO,07/01/2020,12:16:17,3.9,3.85,24000,4,18000,0,96000
RECLTD30Jan20142.5CE.NFO,07/01/2020,12:16:27,3.9,3.9,6000,4.05,12000,0,96000
RECLTD30Jan20142.5CE.NFO,07/01/2020,12:16:30,3.9,3.9,12000,4.05,12000,0,96000
RECLTD30Jan20142.5CE.NFO,07/01/2020,12:16:55,3.9,3.9,18000,4.05,12000,0,96000
RECLTD30Jan20142.5CE.NFO,07/01/2020,12:17:12,3.9,3.9,6000,4,6000,0,96000
RECLTD30Jan20142.5CE.NFO,07/01/2020,12:17:33,3.9,3.9,12000,4,6000,0,96000
RECLTD30Jan20142.5CE.NFO,07/01/2020,12:17:40,3.9,3.9,12000,4,12000,0,96000
RECLTD30Jan20142.5CE.NFO,07/01/2020,12:17:51,3.9,3.9,18000,4,12000,0,96000
RECLTD30Jan20142.5CE.NFO,07/01/2020,12:18:36,3.9,3.9,12000,4,12000,0,96000
RECLTD30Jan20142.5CE.NFO,07/01/2020,12:19:10,3.9,3.9,6000,4,12000,0,96000
RECLTD30Jan20142.5CE.NFO,07/01/2020,12:19:15,3.9,3.85,12000,3.95,12000,0,96000
RECLTD30Jan20142.5CE.NFO,07/01/2020,12:19:40,3.9,3.9,12000,4,12000,0,96000
RECLTD30Jan20142.5CE.NFO,07/01/2020,12:20:02,3.9,3.9,18000,4,12000,0,96000
RECLTD30Jan20142.5CE.NFO,07/01/2020,12:20:06,3.9,3.95,6000,4,6000,0,96000
RECLTD30Jan20142.5CE.NFO,07/01/2020,12:20:21,3.9,3.9,12000,4,18000,0,96000
RECLTD30Jan20142.5CE.NFO,07/01/2020,12:22:10,3.9,3.9,18000,4,18000,0,96000
RECLTD30Jan20142.5CE.NFO,07/01/2020,12:22:47,3.9,3.9,6000,3.95,6000,0,96000
RECLTD30Jan20142.5CE.NFO,07/01/2020,12:22:51,3.9,3.85,18000,3.95,12000,0,96000
RECLTD30Jan20142.5CE.NFO,07/01/2020,12:23:05,3.9,3.9,12000,3.95,6000,0,96000
RECLTD30Jan20142.5CE.NFO,07/01/2020,12:23:11,3.9,3.9,6000,3.95,6000,0,96000
RECLTD30Jan20142.5CE.NFO,07/01/2020,12:23:22,3.9,3.95,6000,4,6000,0,96000
RECLTD30Jan20142.5CE.NFO,07/01/2020,12:23:26,3.9,3.95,6000,4.05,24000,0,96000
RECLTD30Jan20142.5CE.NFO,07/01/2020,12:23:43,3.9,3.9,12000,4,12000,0,96000
RECLTD30Jan20142.5CE.NFO,07/01/2020,12:23:46,3.9,3.9,12000,4,18000,0,96000
RECLTD30Jan20142.5CE.NFO,07/01/2020,12:24:12,3.9,3.95,6000,4.05,24000,0,96000
RECLTD30Jan20142.5CE.NFO,07/01/2020,12:24:27,3.9,3.9,24000,4,12000,0,96000
RECLTD30Jan20142.5CE.NFO,07/01/2020,12:24:50,3.9,3.9,12000,4,18000,0,96000
RECLTD30Jan20142.5CE.NFO,07/01/2020,12:25:03,3.9,3.9,6000,4,18000,0,96000
RECLTD30Jan20142.5CE.NFO,07/01/2020,12:25:19,3.9,3.85,24000,3.95,6000,0,96000
RECLTD30Jan20142.5CE.NFO,07/01/2020,12:25:24,3.9,3.85,24000,3.95,12000,0,96000
RECLTD30Jan20142.5CE.NFO,07/01/2020,12:25:45,3.9,3.9,6000,4,18000,0,96000
RECLTD30Jan20142.5CE.NFO,07/01/2020,12:26:06,3.9,3.9,6000,3.95,6000,0,96000
RECLTD30Jan20142.5CE.NFO,07/01/2020,12:26:25,3.9,3.9,6000,4,18000,0,96000
RECLTD30Jan20142.5CE.NFO,07/01/2020,12:27:03,3.9,3.85,24000,3.95,12000,0,96000
RECLTD30Jan20142.5CE.NFO,07/01/2020,12:27:14,3.9,3.9,6000,4,18000,0,96000
RECLTD30Jan20142.5CE.NFO,07/01/2020,12:27:30,3.9,3.85,24000,3.95,6000,0,96000
RECLTD30Jan20142.5CE.NFO,07/01/2020,12:27:56,3.9,3.9,6000,3.95,6000,0,96000
RECLTD30Jan20142.5CE.NFO,07/01/2020,12:28:27,3.9,3.85,18000,3.95,6000,0,96000
RECLTD30Jan20142.5CE.NFO,07/01/2020,12:28:45,3.9,3.9,6000,4,18000,0,96000
RECLTD30Jan20142.5CE.NFO,07/01/2020,12:28:52,3.9,3.85,24000,3.95,6000,0,96000
RECLTD30Jan20142.5CE.NFO,07/01/2020,12:28:57,3.85,3.75,24000,3.85,6000,6000,84000
RECLTD30Jan20142.5CE.NFO,07/01/2020,12:29:04,3.85,3.7,18000,3.8,18000,0,84000
RECLTD30Jan20142.5CE.NFO,07/01/2020,12:29:28,3.8,3.75,12000,3.85,6000,12000,84000
RECLTD30Jan20142.5CE.NFO,07/01/2020,12:29:33,3.8,3.75,12000,3.85,6000,0,84000
RECLTD30Jan20142.5CE.NFO,07/01/2020,12:29:42,3.8,3.75,6000,3.85,6000,0,84000
RECLTD30Jan20142.5CE.NFO,07/01/2020,12:29:47,3.8,3.75,12000,3.85,6000,0,84000
RECLTD30Jan20142.5CE.NFO,07/01/2020,12:29:51,3.8,3.8,12000,3.9,6000,0,84000
RECLTD30Jan20142.5CE.NFO,07/01/2020,12:30:06,3.8,3.8,24000,3.95,12000,0,84000
RECLTD30Jan20142.5CE.NFO,07/01/2020,12:30:31,3.8,3.8,12000,3.9,12000,0,84000
RECLTD30Jan20142.5CE.NFO,07/01/2020,12:30:46,3.8,3.8,24000,3.9,6000,0,84000
RECLTD30Jan20142.5CE.NFO,07/01/2020,12:30:51,3.8,3.8,18000,3.9,6000,0,84000
RECLTD30Jan20142.5CE.NFO,07/01/2020,12:30:56,3.8,3.8,24000,3.9,6000,0,84000
RECLTD30Jan20142.5CE.NFO,07/01/2020,12:32:03,3.8,3.8,18000,3.9,6000,0,84000
RECLTD30Jan20142.5CE.NFO,07/01/2020,12:32:18,3.8,3.75,18000,3.85,6000,0,84000
RECLTD30Jan20142.5CE.NFO,07/01/2020,12:32:22,3.8,3.8,24000,3.9,12000,0,84000
RECLTD30Jan20142.5CE.NFO,07/01/2020,12:32:26,3.8,3.85,6000,3.95,12000,0,84000
RECLTD30Jan20142.5CE.NFO,07/01/2020,12:32:34,3.8,3.8,18000,3.9,6000,0,84000
RECLTD30Jan20142.5CE.NFO,07/01/2020,12:32:40,3.8,3.8,18000,3.95,12000,0,84000
RECLTD30Jan20142.5CE.NFO,07/01/2020,12:32:54,3.8,3.8,18000,3.9,6000,0,84000
RECLTD30Jan20142.5CE.NFO,07/01/2020,12:33:57,3.8,3.8,12000,3.9,6000,0,84000
RECLTD30Jan20142.5CE.NFO,07/01/2020,12:34:13,3.8,3.85,6000,3.9,6000,0,84000
RECLTD30Jan20142.5CE.NFO,07/01/2020,12:34:20,3.8,3.8,12000,3.9,6000,0,84000
RECLTD30Jan20142.5CE.NFO,07/01/2020,12:34:31,3.8,3.85,18000,3.95,6000,0,84000
RECLTD30Jan20142.5CE.NFO,07/01/2020,12:34:37,3.8,3.85,24000,4,12000,0,84000
RECLTD30Jan20142.5CE.NFO,07/01/2020,12:34:42,3.8,3.9,6000,4,12000,0,84000
RECLTD30Jan20142.5CE.NFO,07/01/2020,12:34:52,3.8,3.9,12000,4,12000,0,84000
RECLTD30Jan20142.5CE.NFO,07/01/2020,12:35:18,3.8,3.9,12000,4,6000,0,84000
RECLTD30Jan20142.5CE.NFO,07/01/2020,12:35:27,3.8,3.9,18000,4,6000,0,84000
RECLTD30Jan20142.5CE.NFO,07/01/2020,12:36:36,3.8,3.9,12000,4,6000,0,84000
RECLTD30Jan20142.5CE.NFO,07/01/2020,12:36:39,3.8,3.9,12000,4,12000,0,84000
RECLTD30Jan20142.5CE.NFO,07/01/2020,12:36:44,3.8,3.9,12000,4,6000,0,84000
RECLTD30Jan20142.5CE.NFO,07/01/2020,12:36:50,3.8,3.9,6000,4,6000,0,84000
RECLTD30Jan20142.5CE.NFO,07/01/2020,12:36:53,3.8,3.9,6000,4,12000,0,84000
RECLTD30Jan20142.5CE.NFO,07/01/2020,12:37:15,3.8,3.9,12000,4,12000,0,84000
RECLTD30Jan20142.5CE.NFO,07/01/2020,12:37:26,3.8,3.9,6000,4,12000,0,84000
RECLTD30Jan20142.5CE.NFO,07/01/2020,12:37:29,3.8,3.9,6000,3.95,6000,0,84000
RECLTD30Jan20142.5CE.NFO,07/01/2020,12:37:38,3.8,3.9,12000,4,18000,0,84000
RECLTD30Jan20142.5CE.NFO,07/01/2020,12:39:02,3.95,3.9,18000,4.05,24000,6000,90000
RECLTD30Jan20142.5CE.NFO,07/01/2020,12:39:06,3.95,3.9,18000,4.05,24000,0,90000
RECLTD30Jan20142.5CE.NFO,07/01/2020,12:39:09,3.95,3.9,12000,4,18000,0,90000
RECLTD30Jan20142.5CE.NFO,07/01/2020,12:39:26,3.95,3.9,6000,4,18000,0,90000
RECLTD30Jan20142.5CE.NFO,07/01/2020,12:39:31,3.95,3.85,18000,3.95,12000,0,90000
RECLTD30Jan20142.5CE.NFO,07/01/2020,12:39:48,3.95,3.9,6000,3.95,6000,0,90000
RECLTD30Jan20142.5CE.NFO,07/01/2020,12:39:54,3.95,3.9,12000,4,18000,0,90000
RECLTD30Jan20142.5CE.NFO,07/01/2020,12:40:28,3.95,3.9,6000,4,18000,0,90000
RECLTD30Jan20142.5CE.NFO,07/01/2020,12:40:35,3.95,3.9,18000,4,18000,0,90000
RECLTD30Jan20142.5CE.NFO,07/01/2020,12:40:47,3.95,3.9,12000,4,18000,0,90000
RECLTD30Jan20142.5CE.NFO,07/01/2020,12:41:03,3.95,3.9,6000,3.95,12000,0,90000
RECLTD30Jan20142.5CE.NFO,07/01/2020,12:41:23,3.95,3.9,6000,3.95,18000,0,90000
RECLTD30Jan20142.5CE.NFO,07/01/2020,12:41:26,3.95,3.9,6000,3.95,12000,0,90000
RECLTD30Jan20142.5CE.NFO,07/01/2020,12:41:32,3.95,3.9,6000,3.95,18000,0,90000
RECLTD30Jan20142.5CE.NFO,07/01/2020,12:42:13,3.95,3.85,6000,3.95,18000,0,90000
RECLTD30Jan20142.5CE.NFO,07/01/2020,12:42:18,3.95,3.85,12000,3.95,18000,0,90000
RECLTD30Jan20142.5CE.NFO,07/01/2020,12:42:32,3.95,3.85,6000,3.95,18000,0,90000
RECLTD30Jan20142.5CE.NFO,07/01/2020,12:42:35,3.95,3.85,6000,3.9,6000,0,90000
RECLTD30Jan20142.5CE.NFO,07/01/2020,12:42:40,3.95,3.85,6000,3.9,12000,0,90000
RECLTD30Jan20142.5CE.NFO,07/01/2020,12:43:02,3.95,3.85,6000,3.9,18000,0,90000
RECLTD30Jan20142.5CE.NFO,07/01/2020,12:43:07,3.95,3.8,18000,3.9,18000,0,90000
RECLTD30Jan20142.5CE.NFO,07/01/2020,12:43:33,3.95,3.8,6000,3.9,18000,0,90000
RECLTD30Jan20142.5CE.NFO,07/01/2020,12:43:53,3.95,3.8,18000,3.9,18000,0,90000
RECLTD30Jan20142.5CE.NFO,07/01/2020,12:44:08,3.95,3.8,6000,3.85,6000,0,90000
RECLTD30Jan20142.5CE.NFO,07/01/2020,12:44:24,3.95,3.8,18000,3.9,18000,0,90000
RECLTD30Jan20142.5CE.NFO,07/01/2020,12:44:38,3.95,3.8,24000,3.9,18000,0,90000
RECLTD30Jan20142.5CE.NFO,07/01/2020,12:44:40,3.95,3.8,12000,3.9,18000,0,90000
RECLTD30Jan20142.5CE.NFO,07/01/2020,12:44:47,3.95,3.8,12000,3.85,6000,0,90000
RECLTD30Jan20142.5CE.NFO,07/01/2020,12:44:54,3.95,3.8,12000,3.9,18000,0,90000
RECLTD30Jan20142.5CE.NFO,07/01/2020,12:45:00,3.95,3.8,6000,3.85,6000,0,90000
RECLTD30Jan20142.5CE.NFO,07/01/2020,12:45:50,3.95,3.85,30000,3.95,12000,0,90000
RECLTD30Jan20142.5CE.NFO,07/01/2020,12:46:13,3.95,3.85,18000,3.95,12000,0,90000
RECLTD30Jan20142.5CE.NFO,07/01/2020,12:46:22,3.95,3.9,6000,4,12000,0,90000
RECLTD30Jan20142.5CE.NFO,07/01/2020,12:46:37,3.95,3.9,6000,3.95,12000,0,90000
RECLTD30Jan20142.5CE.NFO,07/01/2020,12:46:41,3.95,3.85,12000,3.95,6000,0,90000
RECLTD30Jan20142.5CE.NFO,07/01/2020,12:46:44,3.95,3.85,18000,3.95,6000,0,90000
RECLTD30Jan20142.5CE.NFO,07/01/2020,12:47:12,3.95,3.85,24000,3.95,6000,0,90000
RECLTD30Jan20142.5CE.NFO,07/01/2020,12:47:36,3.95,3.9,6000,4,12000,0,90000
RECLTD30Jan20142.5CE.NFO,07/01/2020,12:48:08,3.95,3.9,24000,4,6000,0,90000
RECLTD30Jan20142.5CE.NFO,07/01/2020,12:48:36,3.95,3.95,6000,4.05,18000,0,90000
RECLTD30Jan20142.5CE.NFO,07/01/2020,12:49:03,3.95,3.9,12000,4,12000,0,90000
RECLTD30Jan20142.5CE.NFO,07/01/2020,12:50:21,3.95,3.9,24000,4,6000,0,90000
RECLTD30Jan20142.5CE.NFO,07/01/2020,12:50:34,3.95,3.95,12000,4.05,18000,0,90000
RECLTD30Jan20142.5CE.NFO,07/01/2020,12:50:43,3.95,3.9,12000,4,6000,0,90000
RECLTD30Jan20142.5CE.NFO,07/01/2020,12:50:51,3.95,3.9,6000,4,6000,0,90000
RECLTD30Jan20142.5CE.NFO,07/01/2020,12:52:34,3.95,3.9,6000,4,12000,0,90000
RECLTD30Jan20142.5CE.NFO,07/01/2020,12:52:50,3.95,3.85,12000,4,18000,0,90000
RECLTD30Jan20142.5CE.NFO,07/01/2020,12:52:56,3.95,3.85,6000,4,18000,0,90000
RECLTD30Jan20142.5CE.NFO,07/01/2020,12:53:02,3.95,3.9,6000,4,18000,0,90000
RECLTD30Jan20142.5CE.NFO,07/01/2020,12:53:22,3.95,3.85,6000,4,18000,0,90000
RECLTD30Jan20142.5CE.NFO,07/01/2020,12:54:05,3.95,3.9,6000,4,12000,0,90000
RECLTD30Jan20142.5CE.NFO,07/01/2020,12:54:20,3.95,3.85,12000,4,18000,0,90000
RECLTD30Jan20142.5CE.NFO,07/01/2020,12:54:42,3.95,3.85,6000,4,18000,0,90000
RECLTD30Jan20142.5CE.NFO,07/01/2020,12:55:07,3.95,3.85,12000,4,18000,0,90000
RECLTD30Jan20142.5CE.NFO,07/01/2020,12:57:44,3.95,3.75,18000,3.9,18000,0,90000
RECLTD30Jan20142.5CE.NFO,07/01/2020,12:57:55,3.95,3.8,18000,3.95,18000,0,90000
RECLTD30Jan20142.5CE.NFO,07/01/2020,12:58:12,3.95,3.75,18000,3.9,12000,0,90000
RECLTD30Jan20142.5CE.NFO,07/01/2020,12:58:22,3.95,3.8,12000,3.9,6000,0,90000
RECLTD30Jan20142.5CE.NFO,07/01/2020,12:58:31,3.95,3.8,18000,3.95,18000,0,90000
RECLTD30Jan20142.5CE.NFO,07/01/2020,12:58:56,3.95,3.85,18000,3.95,18000,0,90000
RECLTD30Jan20142.5CE.NFO,07/01/2020,12:59:00,3.95,3.85,12000,3.95,18000,0,90000
RECLTD30Jan20142.5CE.NFO,07/01/2020,12:59:19,3.95,3.85,18000,3.95,6000,0,90000
RECLTD30Jan20142.5CE.NFO,07/01/2020,13:00:14,3.95,3.75,18000,3.9,18000,0,90000
RECLTD30Jan20142.5CE.NFO,07/01/2020,13:00:23,3.95,3.75,6000,3.85,18000,0,90000
RECLTD30Jan20142.5CE.NFO,07/01/2020,13:00:56,3.95,3.75,12000,3.85,18000,0,90000
RECLTD30Jan20142.5CE.NFO,07/01/2020,13:01:01,3.95,3.75,6000,3.85,18000,0,90000
RECLTD30Jan20142.5CE.NFO,07/01/2020,13:01:14,3.95,3.7,24000,3.85,18000,0,90000
RECLTD30Jan20142.5CE.NFO,07/01/2020,13:01:27,3.95,3.7,18000,3.8,6000,0,90000
RECLTD30Jan20142.5CE.NFO,07/01/2020,13:01:35,3.95,3.65,18000,3.8,18000,0,90000
RECLTD30Jan20142.5CE.NFO,07/01/2020,13:02:03,3.95,3.7,6000,3.8,18000,0,90000
RECLTD30Jan20142.5CE.NFO,07/01/2020,13:02:29,3.95,3.65,12000,3.8,18000,0,90000
RECLTD30Jan20142.5CE.NFO,07/01/2020,13:02:34,3.95,3.65,6000,3.8,18000,0,90000
RECLTD30Jan20142.5CE.NFO,07/01/2020,13:02:39,3.95,3.7,6000,3.8,12000,0,90000
RECLTD30Jan20142.5CE.NFO,07/01/2020,13:02:44,3.95,3.65,18000,3.8,18000,0,90000
RECLTD30Jan20142.5CE.NFO,07/01/2020,13:02:49,3.95,3.7,6000,3.8,12000,0,90000
RECLTD30Jan20142.5CE.NFO,07/01/2020,13:02:54,3.95,3.65,6000,3.8,18000,0,90000
RECLTD30Jan20142.5CE.NFO,07/01/2020,13:02:58,3.95,3.7,6000,3.8,18000,0,90000
RECLTD30Jan20142.5CE.NFO,07/01/2020,13:03:11,3.7,3.55,18000,3.7,6000,6000,84000
RECLTD30Jan20142.5CE.NFO,07/01/2020,13:03:11,3.7,3.55,18000,3.7,6000,0,84000
RECLTD30Jan20142.5CE.NFO,07/01/2020,13:03:15,3.7,3.55,18000,3.7,6000,0,84000
RECLTD30Jan20142.5CE.NFO,07/01/2020,13:03:30,3.7,3.55,24000,3.7,6000,0,84000
RECLTD30Jan20142.5CE.NFO,07/01/2020,13:03:44,3.7,3.6,6000,3.7,6000,0,84000
RECLTD30Jan20142.5CE.NFO,07/01/2020,13:03:59,3.7,3.6,6000,3.7,12000,0,84000
RECLTD30Jan20142.5CE.NFO,07/01/2020,13:04:21,3.7,3.6,6000,3.7,24000,0,84000
RECLTD30Jan20142.5CE.NFO,07/01/2020,13:04:38,3.7,3.55,24000,3.7,24000,0,84000
RECLTD30Jan20142.5CE.NFO,07/01/2020,13:04:49,3.7,3.55,24000,3.65,12000,0,84000
RECLTD30Jan20142.5CE.NFO,07/01/2020,13:04:56,3.7,3.6,18000,3.7,24000,0,84000
RECLTD30Jan20142.5CE.NFO,07/01/2020,13:05:02,3.7,3.6,12000,3.7,24000,0,84000
RECLTD30Jan20142.5CE.NFO,07/01/2020,13:05:20,3.7,3.6,18000,3.7,24000,0,84000
RECLTD30Jan20142.5CE.NFO,07/01/2020,13:05:35,3.7,3.6,12000,3.7,24000,0,84000
RECLTD30Jan20142.5CE.NFO,07/01/2020,13:05:41,3.7,3.6,12000,3.7,18000,0,84000
RECLTD30Jan20142.5CE.NFO,07/01/2020,13:06:14,3.7,3.55,18000,3.65,6000,0,84000
RECLTD30Jan20142.5CE.NFO,07/01/2020,13:06:31,3.7,3.55,6000,3.65,6000,0,84000
RECLTD30Jan20142.5CE.NFO,07/01/2020,13:06:37,3.7,3.55,6000,3.65,12000,0,84000
RECLTD30Jan20142.5CE.NFO,07/01/2020,13:06:56,3.7,3.5,24000,3.65,12000,0,84000
RECLTD30Jan20142.5CE.NFO,07/01/2020,13:07:01,3.7,3.55,6000,3.65,12000,0,84000
RECLTD30Jan20142.5CE.NFO,07/01/2020,13:07:29,3.7,3.55,12000,3.65,12000,0,84000
RECLTD30Jan20142.5CE.NFO,07/01/2020,13:07:50,3.7,3.55,6000,3.65,12000,0,84000
RECLTD30Jan20142.5CE.NFO,07/01/2020,13:08:01,3.7,3.5,24000,3.6,12000,0,84000
RECLTD30Jan20142.5CE.NFO,07/01/2020,13:08:09,3.7,3.5,12000,3.6,12000,0,84000
RECLTD30Jan20142.5CE.NFO,07/01/2020,13:08:16,3.7,3.45,12000,3.5,6000,0,84000
RECLTD30Jan20142.5CE.NFO,07/01/2020,13:08:24,3.7,3.4,18000,3.5,6000,0,84000
RECLTD30Jan20142.5CE.NFO,07/01/2020,13:08:38,3.7,3.45,6000,3.55,18000,0,84000
RECLTD30Jan20142.5CE.NFO,07/01/2020,13:08:57,3.7,3.4,18000,3.55,18000,0,84000
RECLTD30Jan20142.5CE.NFO,07/01/2020,13:09:10,3.7,3.4,12000,3.5,6000,0,84000
RECLTD30Jan20142.5CE.NFO,07/01/2020,13:09:18,3.7,3.4,12000,3.5,12000,0,84000
RECLTD30Jan20142.5CE.NFO,07/01/2020,13:09:40,3.7,3.4,12000,3.5,18000,0,84000
RECLTD30Jan20142.5CE.NFO,07/01/2020,13:09:46,3.7,3.4,12000,3.5,12000,0,84000
RECLTD30Jan20142.5CE.NFO,07/01/2020,13:10:06,3.7,3.4,12000,3.5,6000,0,84000
RECLTD30Jan20142.5CE.NFO,07/01/2020,13:11:06,3.7,3.4,12000,3.5,12000,0,84000
RECLTD30Jan20142.5CE.NFO,07/01/2020,13:11:16,3.7,3.45,6000,3.55,18000,0,84000
RECLTD30Jan20142.5CE.NFO,07/01/2020,13:11:29,3.7,3.45,6000,3.55,12000,0,84000
RECLTD30Jan20142.5CE.NFO,07/01/2020,13:11:48,3.7,3.45,12000,3.55,12000,0,84000
RECLTD30Jan20142.5CE.NFO,07/01/2020,13:11:51,3.7,3.45,18000,3.55,12000,0,84000
RECLTD30Jan20142.5CE.NFO,07/01/2020,13:11:55,3.7,3.45,6000,3.55,12000,0,84000
RECLTD30Jan20142.5CE.NFO,07/01/2020,13:12:01,3.7,3.45,12000,3.55,12000,0,84000
RECLTD30Jan20142.5CE.NFO,07/01/2020,13:12:27,3.7,3.5,6000,3.6,18000,0,84000
RECLTD30Jan20142.5CE.NFO,07/01/2020,13:12:31,3.7,3.45,6000,3.55,12000,0,84000
RECLTD30Jan20142.5CE.NFO,07/01/2020,13:12:40,3.7,3.45,12000,3.55,12000,0,84000
RECLTD30Jan20142.5CE.NFO,07/01/2020,13:12:45,3.7,3.45,18000,3.55,12000,0,84000
RECLTD30Jan20142.5CE.NFO,07/01/2020,13:12:53,3.7,3.45,18000,3.55,6000,0,84000
RECLTD30Jan20142.5CE.NFO,07/01/2020,13:13:02,3.7,3.5,12000,3.6,12000,0,84000
RECLTD30Jan20142.5CE.NFO,07/01/2020,13:13:10,3.7,3.5,12000,3.6,6000,0,84000
RECLTD30Jan20142.5CE.NFO,07/01/2020,13:13:23,3.7,3.5,18000,3.6,6000,0,84000
RECLTD30Jan20142.5CE.NFO,07/01/2020,13:13:37,3.7,3.5,18000,3.6,12000,0,84000
RECLTD30Jan20142.5CE.NFO,07/01/2020,13:13:42,3.7,3.5,18000,3.6,6000,0,84000
RECLTD30Jan20142.5CE.NFO,07/01/2020,13:13:46,3.7,3.5,24000,3.6,6000,0,84000
RECLTD30Jan20142.5CE.NFO,07/01/2020,13:13:56,3.7,3.5,6000,3.6,6000,0,84000
RECLTD30Jan20142.5CE.NFO,07/01/2020,13:14:06,3.7,3.5,12000,3.6,6000,0,84000
RECLTD30Jan20142.5CE.NFO,07/01/2020,13:14:12,3.7,3.5,6000,3.6,6000,0,84000
RECLTD30Jan20142.5CE.NFO,07/01/2020,13:14:17,3.7,3.5,18000,3.6,6000,0,84000
RECLTD30Jan20142.5CE.NFO,07/01/2020,13:14:33,3.7,3.5,18000,3.6,12000,0,84000
RECLTD30Jan20142.5CE.NFO,07/01/2020,13:15:15,3.7,3.45,18000,3.55,6000,0,84000
RECLTD30Jan20142.5CE.NFO,07/01/2020,13:15:23,3.7,3.5,6000,3.6,18000,0,84000
RECLTD30Jan20142.5CE.NFO,07/01/2020,13:15:37,3.7,3.45,18000,3.55,18000,0,84000
RECLTD30Jan20142.5CE.NFO,07/01/2020,13:15:48,3.7,3.5,6000,3.6,18000,0,84000
RECLTD30Jan20142.5CE.NFO,07/01/2020,13:16:46,3.7,3.45,18000,3.6,18000,0,84000
RECLTD30Jan20142.5CE.NFO,07/01/2020,13:16:52,3.7,3.45,12000,3.55,18000,0,84000
RECLTD30Jan20142.5CE.NFO,07/01/2020,13:17:27,3.7,3.4,12000,3.5,12000,0,84000
RECLTD30Jan20142.5CE.NFO,07/01/2020,13:17:34,3.7,3.4,18000,3.5,18000,0,84000
RECLTD30Jan20142.5CE.NFO,07/01/2020,13:17:44,3.7,3.4,12000,3.5,18000,0,84000
RECLTD30Jan20142.5CE.NFO,07/01/2020,13:17:58,3.7,3.35,18000,3.45,12000,0,84000
RECLTD30Jan20142.5CE.NFO,07/01/2020,13:18:05,3.7,3.35,6000,3.45,18000,0,84000
RECLTD30Jan20142.5CE.NFO,07/01/2020,13:18:11,3.7,3.35,18000,3.45,18000,0,84000
RECLTD30Jan20142.5CE.NFO,07/01/2020,13:18:18,3.7,3.3,24000,3.4,6000,0,84000
RECLTD30Jan20142.5CE.NFO,07/01/2020,13:18:25,3.7,3.35,6000,3.45,18000,0,84000
RECLTD30Jan20142.5CE.NFO,07/01/2020,13:18:32,3.7,3.35,12000,3.45,18000,0,84000
RECLTD30Jan20142.5CE.NFO,07/01/2020,13:18:38,3.7,3.3,18000,3.4,6000,0,84000
RECLTD30Jan20142.5CE.NFO,07/01/2020,13:18:44,3.7,3.35,6000,3.45,18000,0,84000
RECLTD30Jan20142.5CE.NFO,07/01/2020,13:18:49,3.7,3.3,18000,3.4,6000,0,84000
RECLTD30Jan20142.5CE.NFO,07/01/2020,13:18:55,3.7,3.35,6000,3.45,18000,0,84000
RECLTD30Jan20142.5CE.NFO,07/01/2020,13:19:29,3.7,3.3,12000,3.4,6000,0,84000
RECLTD30Jan20142.5CE.NFO,07/01/2020,13:19:50,3.7,3.35,6000,3.45,18000,0,84000
RECLTD30Jan20142.5CE.NFO,07/01/2020,13:20:56,3.7,3.3,18000,3.4,12000,0,84000
RECLTD30Jan20142.5CE.NFO,07/01/2020,13:21:01,3.7,3.3,12000,3.4,6000,0,84000
RECLTD30Jan20142.5CE.NFO,07/01/2020,13:21:07,3.7,3.3,12000,3.4,18000,0,84000
RECLTD30Jan20142.5CE.NFO,07/01/2020,13:22:29,3.7,3.3,12000,3.4,12000,0,84000
RECLTD30Jan20142.5CE.NFO,07/01/2020,13:22:47,3.7,3.3,6000,3.35,12000,0,84000
RECLTD30Jan20142.5CE.NFO,07/01/2020,13:23:35,3.3,3.2,18000,3.35,12000,6000,90000
RECLTD30Jan20142.5CE.NFO,07/01/2020,13:23:35,3.3,3.2,18000,3.35,12000,0,90000
RECLTD30Jan20142.5CE.NFO,07/01/2020,13:23:39,3.3,3.2,18000,3.35,6000,0,90000
RECLTD30Jan20142.5CE.NFO,07/01/2020,13:24:06,3.3,3.25,12000,3.35,12000,0,90000
RECLTD30Jan20142.5CE.NFO,07/01/2020,13:24:23,3.3,3.25,12000,3.4,18000,0,90000
RECLTD30Jan20142.5CE.NFO,07/01/2020,13:24:27,3.3,3.3,12000,3.4,18000,0,90000
RECLTD30Jan20142.5CE.NFO,07/01/2020,13:24:32,3.3,3.25,12000,3.35,6000,0,90000
RECLTD30Jan20142.5CE.NFO,07/01/2020,13:24:38,3.3,3.3,12000,3.4,18000,0,90000
RECLTD30Jan20142.5CE.NFO,07/01/2020,13:24:53,3.3,3.35,24000,3.5,12000,0,90000
RECLTD30Jan20142.5CE.NFO,07/01/2020,13:24:59,3.3,3.35,24000,3.5,6000,0,90000
RECLTD30Jan20142.5CE.NFO,07/01/2020,13:25:10,3.3,3.4,6000,3.55,18000,0,90000
RECLTD30Jan20142.5CE.NFO,07/01/2020,13:25:17,3.3,3.4,30000,3.55,18000,0,90000
RECLTD30Jan20142.5CE.NFO,07/01/2020,13:25:24,3.3,3.4,6000,3.55,18000,0,90000
RECLTD30Jan20142.5CE.NFO,07/01/2020,13:25:30,3.3,3.4,24000,3.5,12000,0,90000
RECLTD30Jan20142.5CE.NFO,07/01/2020,13:26:17,3.3,3.45,6000,3.55,18000,0,90000
RECLTD30Jan20142.5CE.NFO,07/01/2020,13:26:26,3.3,3.4,24000,3.55,18000,0,90000
RECLTD30Jan20142.5CE.NFO,07/01/2020,13:26:32,3.3,3.45,12000,3.55,12000,0,90000
RECLTD30Jan20142.5CE.NFO,07/01/2020,13:27:39,3.3,3.45,12000,3.55,18000,0,90000
RECLTD30Jan20142.5CE.NFO,07/01/2020,13:27:45,3.3,3.4,6000,3.5,18000,0,90000
RECLTD30Jan20142.5CE.NFO,07/01/2020,13:27:51,3.3,3.35,6000,3.45,6000,0,90000
RECLTD30Jan20142.5CE.NFO,07/01/2020,13:28:10,3.3,3.3,36000,3.45,12000,0,90000
RECLTD30Jan20142.5CE.NFO,07/01/2020,13:28:16,3.3,3.35,6000,3.45,12000,0,90000
RECLTD30Jan20142.5CE.NFO,07/01/2020,13:28:21,3.3,3.35,30000,3.45,12000,0,90000
RECLTD30Jan20142.5CE.NFO,07/01/2020,13:28:26,3.3,3.35,36000,3.45,12000,0,90000
RECLTD30Jan20142.5CE.NFO,07/01/2020,13:28:43,3.3,3.35,30000,3.45,12000,0,90000
RECLTD30Jan20142.5CE.NFO,07/01/2020,13:28:49,3.3,3.35,36000,3.45,12000,0,90000
RECLTD30Jan20142.5CE.NFO,07/01/2020,13:29:04,3.3,3.3,36000,3.45,12000,0,90000
RECLTD30Jan20142.5CE.NFO,07/01/2020,13:29:12,3.3,3.35,30000,3.45,6000,0,90000
RECLTD30Jan20142.5CE.NFO,07/01/2020,13:29:50,3.3,3.35,30000,3.45,12000,0,90000
RECLTD30Jan20142.5CE.NFO,07/01/2020,13:30:05,3.3,3.35,24000,3.45,12000,0,90000
RECLTD30Jan20142.5CE.NFO,07/01/2020,13:30:17,3.3,3.35,12000,3.45,12000,0,90000
RECLTD30Jan20142.5CE.NFO,07/01/2020,13:30:23,3.3,3.35,18000,3.45,12000,0,90000
RECLTD30Jan20142.5CE.NFO,07/01/2020,13:30:29,3.3,3.3,36000,3.4,6000,0,90000
RECLTD30Jan20142.5CE.NFO,07/01/2020,13:30:51,3.3,3.3,24000,3.4,6000,0,90000
RECLTD30Jan20142.5CE.NFO,07/01/2020,13:30:59,3.3,3.3,36000,3.4,6000,0,90000
RECLTD30Jan20142.5CE.NFO,07/01/2020,13:31:41,3.3,3.3,36000,3.45,12000,0,90000
RECLTD30Jan20142.5CE.NFO,07/01/2020,13:31:48,3.3,3.35,24000,3.5,18000,0,90000
RECLTD30Jan20142.5CE.NFO,07/01/2020,13:31:56,3.3,3.35,30000,3.5,18000,0,90000
RECLTD30Jan20142.5CE.NFO,07/01/2020,13:32:04,3.3,3.35,30000,3.45,6000,0,90000
RECLTD30Jan20142.5CE.NFO,07/01/2020,13:32:23,3.3,3.35,6000,3.45,12000,0,90000
RECLTD30Jan20142.5CE.NFO,07/01/2020,13:32:38,3.3,3.3,36000,3.4,6000,0,90000
RECLTD30Jan20142.5CE.NFO,07/01/2020,13:32:44,3.3,3.3,30000,3.45,18000,0,90000
RECLTD30Jan20142.5CE.NFO,07/01/2020,13:32:51,3.3,3.35,24000,3.45,18000,0,90000
RECLTD30Jan20142.5CE.NFO,07/01/2020,13:32:57,3.3,3.35,36000,3.5,18000,0,90000
RECLTD30Jan20142.5CE.NFO,07/01/2020,13:33:04,3.3,3.4,12000,3.5,12000,0,90000
RECLTD30Jan20142.5CE.NFO,07/01/2020,13:33:09,3.3,3.4,24000,3.55,6000,0,90000
RECLTD30Jan20142.5CE.NFO,07/01/2020,13:33:15,3.3,3.4,30000,3.55,12000,0,90000
RECLTD30Jan20142.5CE.NFO,07/01/2020,13:33:19,3.3,3.4,18000,3.5,12000,0,90000
RECLTD30Jan20142.5CE.NFO,07/01/2020,13:33:31,3.3,3.4,30000,3.55,12000,0,90000
RECLTD30Jan20142.5CE.NFO,07/01/2020,13:33:37,3.3,3.45,24000,3.6,12000,0,90000
RECLTD30Jan20142.5CE.NFO,07/01/2020,13:33:43,3.3,3.5,24000,3.65,12000,0,90000
RECLTD30Jan20142.5CE.NFO,07/01/2020,13:33:47,3.3,3.55,24000,3.65,6000,0,90000
RECLTD30Jan20142.5CE.NFO,07/01/2020,13:33:53,3.65,3.65,6000,3.75,6000,6000,96000
RECLTD30Jan20142.5CE.NFO,07/01/2020,13:33:59,3.65,3.7,6000,3.8,12000,0,96000
RECLTD30Jan20142.5CE.NFO,07/01/2020,13:34:04,3.65,3.7,6000,3.85,12000,0,96000
RECLTD30Jan20142.5CE.NFO,07/01/2020,13:34:08,3.65,3.7,24000,3.85,12000,0,96000
RECLTD30Jan20142.5CE.NFO,07/01/2020,13:34:13,3.65,3.7,18000,3.85,6000,0,96000
RECLTD30Jan20142.5CE.NFO,07/01/2020,13:34:18,3.65,3.65,18000,3.8,12000,0,96000
RECLTD30Jan20142.5CE.NFO,07/01/2020,13:34:37,3.65,3.65,18000,3.75,6000,0,96000
RECLTD30Jan20142.5CE.NFO,07/01/2020,13:34:43,3.65,3.65,12000,3.8,12000,0,96000
RECLTD30Jan20142.5CE.NFO,07/01/2020,13:34:49,3.65,3.65,18000,3.8,12000,0,96000
RECLTD30Jan20142.5CE.NFO,07/01/2020,13:34:54,3.65,3.65,18000,3.8,18000,0,96000
RECLTD30Jan20142.5CE.NFO,07/01/2020,13:35:08,3.85,3.8,12000,3.9,6000,24000,96000
RECLTD30Jan20142.5CE.NFO,07/01/2020,13:35:15,3.85,3.8,24000,3.9,6000,0,96000
RECLTD30Jan20142.5CE.NFO,07/01/2020,13:35:20,3.85,3.8,18000,3.9,6000,0,96000
RECLTD30Jan20142.5CE.NFO,07/01/2020,13:35:32,3.85,3.85,12000,3.95,6000,0,96000
RECLTD30Jan20142.5CE.NFO,07/01/2020,13:35:45,3.85,3.8,12000,3.9,6000,0,96000
RECLTD30Jan20142.5CE.NFO,07/01/2020,13:35:54,3.85,3.8,6000,3.9,6000,0,96000
RECLTD30Jan20142.5CE.NFO,07/01/2020,13:35:58,3.85,3.8,18000,3.95,12000,0,96000
RECLTD30Jan20142.5CE.NFO,07/01/2020,13:36:07,3.85,3.8,12000,3.9,6000,0,96000
RECLTD30Jan20142.5CE.NFO,07/01/2020,13:36:12,3.85,3.8,12000,3.95,18000,0,96000
RECLTD30Jan20142.5CE.NFO,07/01/2020,13:36:17,3.85,3.8,12000,3.9,6000,0,96000
RECLTD30Jan20142.5CE.NFO,07/01/2020,13:36:21,3.85,3.8,12000,3.95,12000,0,96000
RECLTD30Jan20142.5CE.NFO,07/01/2020,13:36:30,3.85,3.8,6000,3.9,6000,0,96000
RECLTD30Jan20142.5CE.NFO,07/01/2020,13:36:46,3.85,3.75,18000,3.9,6000,0,96000
RECLTD30Jan20142.5CE.NFO,07/01/2020,13:36:57,3.85,3.8,6000,3.9,6000,0,96000
RECLTD30Jan20142.5CE.NFO,07/01/2020,13:37:12,3.85,3.8,12000,3.9,6000,0,96000
RECLTD30Jan20142.5CE.NFO,07/01/2020,13:37:17,3.85,3.8,6000,3.9,6000,0,96000
RECLTD30Jan20142.5CE.NFO,07/01/2020,13:37:53,3.85,3.75,18000,3.9,6000,0,96000
RECLTD30Jan20142.5CE.NFO,07/01/2020,13:38:05,3.85,3.75,24000,3.9,6000,0,96000
RECLTD30Jan20142.5CE.NFO,07/01/2020,13:38:12,3.85,3.8,6000,3.95,6000,0,96000
RECLTD30Jan20142.5CE.NFO,07/01/2020,13:38:20,3.85,3.8,18000,3.95,12000,0,96000
RECLTD30Jan20142.5CE.NFO,07/01/2020,13:38:32,3.85,3.8,12000,3.9,6000,0,96000
RECLTD30Jan20142.5CE.NFO,07/01/2020,13:39:02,3.85,3.8,12000,3.95,6000,0,96000
RECLTD30Jan20142.5CE.NFO,07/01/2020,13:39:21,3.85,3.8,12000,3.9,6000,0,96000
RECLTD30Jan20142.5CE.NFO,07/01/2020,13:39:36,3.85,3.75,6000,3.9,6000,0,96000
RECLTD30Jan20142.5CE.NFO,07/01/2020,13:39:41,3.85,3.75,6000,3.9,12000,0,96000
RECLTD30Jan20142.5CE.NFO,07/01/2020,13:39:48,3.85,3.75,6000,3.9,6000,0,96000
RECLTD30Jan20142.5CE.NFO,07/01/2020,13:39:59,3.85,3.75,24000,3.9,12000,0,96000
RECLTD30Jan20142.5CE.NFO,07/01/2020,13:40:37,3.85,3.75,12000,3.9,6000,0,96000
RECLTD30Jan20142.5CE.NFO,07/01/2020,13:41:13,3.85,3.75,12000,3.9,12000,0,96000
RECLTD30Jan20142.5CE.NFO,07/01/2020,13:41:33,3.85,3.75,6000,3.9,12000,0,96000
RECLTD30Jan20142.5CE.NFO,07/01/2020,13:41:37,3.85,3.75,12000,3.9,12000,0,96000
RECLTD30Jan20142.5CE.NFO,07/01/2020,13:41:47,3.85,3.7,12000,3.85,18000,0,96000
RECLTD30Jan20142.5CE.NFO,07/01/2020,13:42:12,3.85,3.7,6000,3.85,18000,0,96000
RECLTD30Jan20142.5CE.NFO,07/01/2020,13:42:23,3.85,3.75,12000,3.9,6000,0,96000
RECLTD30Jan20142.5CE.NFO,07/01/2020,13:42:30,3.85,3.75,18000,3.9,6000,0,96000
RECLTD30Jan20142.5CE.NFO,07/01/2020,13:43:11,3.85,3.75,6000,3.9,12000,0,96000
RECLTD30Jan20142.5CE.NFO,07/01/2020,13:43:16,3.85,3.8,6000,3.9,6000,0,96000
RECLTD30Jan20142.5CE.NFO,07/01/2020,13:43:20,3.85,3.75,18000,3.9,6000,0,96000
RECLTD30Jan20142.5CE.NFO,07/01/2020,13:43:28,3.85,3.75,12000,3.9,6000,0,96000
RECLTD30Jan20142.5CE.NFO,07/01/2020,13:43:37,3.85,3.7,6000,3.85,12000,0,96000
RECLTD30Jan20142.5CE.NFO,07/01/2020,13:44:54,3.85,3.7,6000,3.85,18000,0,96000
RECLTD30Jan20142.5CE.NFO,07/01/2020,13:45:15,3.85,3.75,12000,3.9,6000,0,96000
RECLTD30Jan20142.5CE.NFO,07/01/2020,13:45:42,3.85,3.75,6000,3.9,6000,0,96000
RECLTD30Jan20142.5CE.NFO,07/01/2020,13:45:59,3.85,3.75,6000,3.9,12000,0,96000
RECLTD30Jan20142.5CE.NFO,07/01/2020,13:46:04,3.85,3.75,6000,3.9,6000,0,96000
RECLTD30Jan20142.5CE.NFO,07/01/2020,13:46:19,3.85,3.8,6000,3.9,6000,0,96000
RECLTD30Jan20142.5CE.NFO,07/01/2020,13:46:27,3.85,3.75,6000,3.9,6000,0,96000
RECLTD30Jan20142.5CE.NFO,07/01/2020,13:46:43,3.85,3.8,12000,3.95,12000,0,96000
RECLTD30Jan20142.5CE.NFO,07/01/2020,13:46:52,3.85,3.8,12000,3.95,6000,0,96000
RECLTD30Jan20142.5CE.NFO,07/01/2020,13:47:00,3.85,3.8,6000,3.95,6000,0,96000
RECLTD30Jan20142.5CE.NFO,07/01/2020,13:47:25,3.85,3.8,6000,3.9,6000,0,96000
RECLTD30Jan20142.5CE.NFO,07/01/2020,13:47:30,3.85,3.8,12000,3.9,6000,0,96000
RECLTD30Jan20142.5CE.NFO,07/01/2020,13:47:35,3.85,3.8,6000,3.95,6000,0,96000
RECLTD30Jan20142.5CE.NFO,07/01/2020,13:47:41,3.85,3.75,12000,3.9,6000,0,96000
RECLTD30Jan20142.5CE.NFO,07/01/2020,13:47:51,3.85,3.75,6000,3.9,6000,0,96000
RECLTD30Jan20142.5CE.NFO,07/01/2020,13:48:11,3.85,3.8,12000,3.95,6000,0,96000
RECLTD30Jan20142.5CE.NFO,07/01/2020,13:48:42,3.85,3.8,6000,3.95,6000,0,96000
RECLTD30Jan20142.5CE.NFO,07/01/2020,13:48:54,3.85,3.85,12000,4,6000,0,96000
RECLTD30Jan20142.5CE.NFO,07/01/2020,13:49:07,3.85,3.85,30000,4.05,12000,0,96000
RECLTD30Jan20142.5CE.NFO,07/01/2020,13:49:14,3.85,3.9,12000,4.05,12000,0,96000
RECLTD30Jan20142.5CE.NFO,07/01/2020,13:49:51,3.85,3.9,12000,4.1,6000,0,96000
RECLTD30Jan20142.5CE.NFO,07/01/2020,13:49:57,3.85,3.9,18000,4.1,6000,0,96000
RECLTD30Jan20142.5CE.NFO,07/01/2020,13:50:09,3.85,3.95,6000,4.1,6000,0,96000
RECLTD30Jan20142.5CE.NFO,07/01/2020,13:50:23,3.85,3.95,12000,4.1,18000,0,96000
RECLTD30Jan20142.5CE.NFO,07/01/2020,13:50:54,3.85,4,6000,4.15,6000,0,96000
RECLTD30Jan20142.5CE.NFO,07/01/2020,13:51:01,3.85,4,6000,4.15,12000,0,96000
RECLTD30Jan20142.5CE.NFO,07/01/2020,13:51:14,3.85,4,6000,4.15,6000,0,96000
RECLTD30Jan20142.5CE.NFO,07/01/2020,13:51:36,3.85,3.95,12000,4.1,18000,0,96000
RECLTD30Jan20142.5CE.NFO,07/01/2020,13:51:41,3.85,3.95,6000,4.05,6000,0,96000
RECLTD30Jan20142.5CE.NFO,07/01/2020,13:51:50,3.85,3.85,24000,3.95,6000,0,96000
RECLTD30Jan20142.5CE.NFO,07/01/2020,13:52:17,3.85,3.9,6000,4,12000,0,96000
RECLTD30Jan20142.5CE.NFO,07/01/2020,13:53:16,3.85,3.85,24000,3.95,6000,0,96000
RECLTD30Jan20142.5CE.NFO,07/01/2020,13:53:42,3.85,3.75,18000,3.85,6000,0,96000
RECLTD30Jan20142.5CE.NFO,07/01/2020,13:53:50,3.85,3.65,12000,3.75,6000,0,96000
RECLTD30Jan20142.5CE.NFO,07/01/2020,13:53:59,3.85,3.65,12000,3.8,12000,0,96000
RECLTD30Jan20142.5CE.NFO,07/01/2020,13:54:06,3.85,3.65,18000,3.8,12000,0,96000
RECLTD30Jan20142.5CE.NFO,07/01/2020,13:54:12,3.85,3.7,24000,3.8,6000,0,96000
RECLTD30Jan20142.5CE.NFO,07/01/2020,13:54:26,3.85,3.75,12000,3.85,6000,0,96000
RECLTD30Jan20142.5CE.NFO,07/01/2020,13:55:07,3.85,3.8,6000,3.9,12000,0,96000
RECLTD30Jan20142.5CE.NFO,07/01/2020,13:55:14,3.85,3.8,18000,3.95,12000,0,96000
RECLTD30Jan20142.5CE.NFO,07/01/2020,13:55:20,3.85,3.85,6000,3.95,12000,0,96000
RECLTD30Jan20142.5CE.NFO,07/01/2020,13:56:02,3.85,3.75,18000,3.85,6000,0,96000
RECLTD30Jan20142.5CE.NFO,07/01/2020,13:56:13,3.85,3.75,12000,3.85,6000,0,96000
RECLTD30Jan20142.5CE.NFO,07/01/2020,13:56:31,3.85,3.7,18000,3.8,6000,0,96000
RECLTD30Jan20142.5CE.NFO,07/01/2020,13:56:43,3.85,3.7,12000,3.8,6000,0,96000
RECLTD30Jan20142.5CE.NFO,07/01/2020,13:56:57,3.85,3.75,18000,3.85,6000,0,96000
RECLTD30Jan20142.5CE.NFO,07/01/2020,13:57:41,3.85,3.7,18000,3.8,6000,0,96000
RECLTD30Jan20142.5CE.NFO,07/01/2020,13:58:33,3.85,3.7,12000,3.8,6000,0,96000
RECLTD30Jan20142.5CE.NFO,07/01/2020,13:58:57,3.85,3.7,18000,3.85,12000,0,96000
RECLTD30Jan20142.5CE.NFO,07/01/2020,13:59:09,3.85,3.75,12000,3.85,6000,0,96000
RECLTD30Jan20142.5CE.NFO,07/01/2020,13:59:14,3.85,3.75,6000,3.85,6000,0,96000
RECLTD30Jan20142.5CE.NFO,07/01/2020,13:59:18,3.85,3.75,6000,3.85,12000,0,96000
RECLTD30Jan20142.5CE.NFO,07/01/2020,13:59:22,3.85,3.7,18000,3.85,12000,0,96000
RECLTD30Jan20142.5CE.NFO,07/01/2020,13:59:34,3.85,3.7,12000,3.8,12000,0,96000
RECLTD30Jan20142.5CE.NFO,07/01/2020,13:59:37,3.85,3.7,12000,3.8,6000,0,96000
RECLTD30Jan20142.5CE.NFO,07/01/2020,13:59:39,3.85,3.7,12000,3.8,12000,0,96000
RECLTD30Jan20142.5CE.NFO,07/01/2020,13:59:42,3.85,3.75,6000,3.85,12000,0,96000
RECLTD30Jan20142.5CE.NFO,07/01/2020,14:00:54,3.85,3.8,30000,3.95,12000,0,96000
RECLTD30Jan20142.5CE.NFO,07/01/2020,14:01:00,3.85,3.85,6000,3.95,12000,0,96000
RECLTD30Jan20142.5CE.NFO,07/01/2020,14:01:06,3.85,3.75,6000,3.85,12000,0,96000
