Ticker,Date,Time,LTP,BuyPrice,BuyQty,SellPrice,SellQty,LTQ,OpenInterest
RELIANCE30Jan201700PE.NFO,07/01/2020,13:48:02,175.25,173.15,500,179.15,3500,500,26500
RELIANCE30Jan201700PE.NFO,07/01/2020,13:48:02,175.25,173.15,500,179.15,3500,0,26500
RELIANCE30Jan201700PE.NFO,07/01/2020,13:48:02,175.25,173.15,500,179.15,3500,0,26500
RELIANCE30Jan201700PE.NFO,07/01/2020,13:48:02,175.25,173.15,500,179.15,3500,0,26500
RELIANCE30Jan201700PE.NFO,07/01/2020,13:48:07,175.25,173.6,500,178.55,2500,0,26500
RELIANCE30Jan201700PE.NFO,07/01/2020,13:48:12,175.25,173.6,500,177.95,1000,0,26500
RELIANCE30Jan201700PE.NFO,07/01/2020,13:48:17,175.25,173.6,500,177.45,1000,0,26500
RELIANCE30Jan201700PE.NFO,07/01/2020,13:48:22,175.25,173.05,500,176.85,500,0,26500
RELIANCE30Jan201700PE.NFO,07/01/2020,13:48:28,175.25,173.55,500,179.9,9000,0,26500
RELIANCE30Jan201700PE.NFO,07/01/2020,13:48:33,175.25,173.6,500,179.9,9000,0,26500
RELIANCE30Jan201700PE.NFO,07/01/2020,13:48:43,175.25,172.4,1000,179.9,9000,0,26500
RELIANCE30Jan201700PE.NFO,07/01/2020,13:48:49,175.25,172.85,500,179.9,9000,0,26500
RELIANCE30Jan201700PE.NFO,07/01/2020,13:48:55,175.25,172.95,500,179.9,9000,0,26500
RELIANCE30Jan201700PE.NFO,07/01/2020,13:49:26,175.25,173.05,500,179.9,9000,0,26500
RELIANCE30Jan201700PE.NFO,07/01/2020,13:49:58,175.25,171.6,1500,179.9,9000,0,26500
RELIANCE30Jan201700PE.NFO,07/01/2020,13:50:25,175.25,172.55,500,179.9,9000,0,26500
RELIANCE30Jan201700PE.NFO,07/01/2020,13:50:31,175.25,172.8,500,179.9,9000,0,26500
RELIANCE30Jan201700PE.NFO,07/01/2020,13:50:47,175.25,172.1,500,179.9,9000,0,26500
RELIANCE30Jan201700PE.NFO,07/01/2020,13:50:55,175.25,172.4,500,179.9,9000,0,26500
RELIANCE30Jan201700PE.NFO,07/01/2020,13:51:03,175.25,172.55,500,179.9,9000,0,26500
RELIANCE30Jan201700PE.NFO,07/01/2020,13:51:09,175.25,172.65,500,179.9,9000,0,26500
RELIANCE30Jan201700PE.NFO,07/01/2020,13:51:15,175.25,171.9,500,179.9,9000,0,26500
RELIANCE30Jan201700PE.NFO,07/01/2020,13:51:21,175.25,172.25,500,179.9,9000,0,26500
RELIANCE30Jan201700PE.NFO,07/01/2020,13:51:37,175.25,172.35,500,179.9,9000,0,26500
RELIANCE30Jan201700PE.NFO,07/01/2020,13:51:46,175.25,172.45,500,179.9,9000,0,26500
RELIANCE30Jan201700PE.NFO,07/01/2020,13:51:51,175.25,172.55,500,179.9,9000,0,26500
RELIANCE30Jan201700PE.NFO,07/01/2020,13:51:57,175.25,172.65,500,179.9,9000,0,26500
RELIANCE30Jan201700PE.NFO,07/01/2020,13:52:07,175.25,172.95,500,179.9,9000,0,26500
RELIANCE30Jan201700PE.NFO,07/01/2020,13:52:27,175.25,173.05,500,179.9,9000,0,26500
RELIANCE30Jan201700PE.NFO,07/01/2020,13:53:43,175.25,173.4,500,179.9,7000,0,26500
RELIANCE30Jan201700PE.NFO,07/01/2020,13:53:52,175.25,174.25,500,179.9,3000,0,26500
RELIANCE30Jan201700PE.NFO,07/01/2020,13:54:00,175.25,174.4,500,179.9,3000,0,26500
RELIANCE30Jan201700PE.NFO,07/01/2020,13:54:07,175.25,174.55,500,179.9,3000,0,26500
RELIANCE30Jan201700PE.NFO,07/01/2020,13:54:37,175.25,173.65,500,179.9,9000,0,26500
RELIANCE30Jan201700PE.NFO,07/01/2020,13:54:41,175.25,174.05,500,179.9,6000,0,26500
RELIANCE30Jan201700PE.NFO,07/01/2020,13:54:46,175.25,174.4,500,179.9,3000,0,26500
RELIANCE30Jan201700PE.NFO,07/01/2020,13:54:52,175.25,174.4,500,179.9,7000,0,26500
RELIANCE30Jan201700PE.NFO,07/01/2020,13:55:01,175.25,174.5,500,179.9,3000,0,26500
RELIANCE30Jan201700PE.NFO,07/01/2020,13:55:08,175.25,174.5,500,179.9,7000,0,26500
RELIANCE30Jan201700PE.NFO,07/01/2020,13:55:15,175.25,174.5,500,179.9,6000,0,26500
RELIANCE30Jan201700PE.NFO,07/01/2020,13:55:32,175.25,172.45,4000,179.9,6000,0,26500
RELIANCE30Jan201700PE.NFO,07/01/2020,13:55:37,175.25,173.5,500,179.9,8000,0,26500
RELIANCE30Jan201700PE.NFO,07/01/2020,13:55:42,175.25,173.75,500,179.9,9000,0,26500
RELIANCE30Jan201700PE.NFO,07/01/2020,13:56:32,175.25,173.95,500,179.9,9000,0,26500
RELIANCE30Jan201700PE.NFO,07/01/2020,13:56:39,175.25,174.05,500,179.9,9000,0,26500
RELIANCE30Jan201700PE.NFO,07/01/2020,13:56:53,175.25,174.05,500,179.9,8000,0,26500
RELIANCE30Jan201700PE.NFO,07/01/2020,13:56:58,175.25,174.15,500,179.9,8000,0,26500
RELIANCE30Jan201700PE.NFO,07/01/2020,13:57:07,175.25,174.35,500,179.9,6000,0,26500
RELIANCE30Jan201700PE.NFO,07/01/2020,13:57:14,175.25,174.35,500,179.9,7000,0,26500
RELIANCE30Jan201700PE.NFO,07/01/2020,13:57:18,175.25,174.35,500,179.9,5000,0,26500
RELIANCE30Jan201700PE.NFO,07/01/2020,13:57:22,175.25,174.55,500,179.9,4000,0,26500
RELIANCE30Jan201700PE.NFO,07/01/2020,13:57:26,175.25,174.55,500,179.9,3000,0,26500
RELIANCE30Jan201700PE.NFO,07/01/2020,13:57:47,175.25,174.55,500,179.9,4000,0,26500
RELIANCE30Jan201700PE.NFO,07/01/2020,13:57:53,175.25,173.45,500,179.9,7000,0,26500
RELIANCE30Jan201700PE.NFO,07/01/2020,13:57:58,175.25,173.95,500,179.9,7000,0,26500
RELIANCE30Jan201700PE.NFO,07/01/2020,13:58:03,175.25,174.2,500,179.9,7000,0,26500
RELIANCE30Jan201700PE.NFO,07/01/2020,13:58:20,175.25,174.3,500,179.9,6000,0,26500
RELIANCE30Jan201700PE.NFO,07/01/2020,13:58:23,175.25,174.4,500,179.9,3000,0,26500
RELIANCE30Jan201700PE.NFO,07/01/2020,13:58:27,175.25,174.5,500,179.9,3000,0,26500
RELIANCE30Jan201700PE.NFO,07/01/2020,13:58:34,175.25,174.7,500,179.9,3000,0,26500
RELIANCE30Jan201700PE.NFO,07/01/2020,13:58:39,175.25,174.8,500,179.9,3000,0,26500
RELIANCE30Jan201700PE.NFO,07/01/2020,13:58:53,175.25,174.8,500,179.9,4000,0,26500
RELIANCE30Jan201700PE.NFO,07/01/2020,13:59:15,175.25,174.8,500,179.9,3000,0,26500
RELIANCE30Jan201700PE.NFO,07/01/2020,13:59:22,175.25,172.05,8000,179.9,7000,0,26500
RELIANCE30Jan201700PE.NFO,07/01/2020,13:59:29,175.25,172.05,9000,179.9,7000,0,26500
RELIANCE30Jan201700PE.NFO,07/01/2020,13:59:32,175.25,172.05,9000,179.9,6000,0,26500
RELIANCE30Jan201700PE.NFO,07/01/2020,13:59:39,175.25,172.05,9000,179.9,8000,0,26500
RELIANCE30Jan201700PE.NFO,07/01/2020,13:59:43,175.25,172.05,4000,179.9,9000,0,26500
RELIANCE30Jan201700PE.NFO,07/01/2020,13:59:49,175.25,172.05,5000,179.9,9000,0,26500
RELIANCE30Jan201700PE.NFO,07/01/2020,13:59:58,175.25,172.05,6000,179.9,9000,0,26500
RELIANCE30Jan201700PE.NFO,07/01/2020,14:00:07,175.25,172.05,6000,179.9,7000,0,26500
RELIANCE30Jan201700PE.NFO,07/01/2020,14:00:11,175.25,172.05,8000,179.9,7000,0,26500
RELIANCE30Jan201700PE.NFO,07/01/2020,14:00:15,175.25,172.05,9000,179.9,8000,0,26500
RELIANCE30Jan201700PE.NFO,07/01/2020,14:00:18,175.25,172.05,9000,179.9,7000,0,26500
RELIANCE30Jan201700PE.NFO,07/01/2020,14:00:25,175.25,172.05,9000,179.9,4000,0,26500
RELIANCE30Jan201700PE.NFO,07/01/2020,14:00:27,175.25,172.05,9000,179.9,3000,0,26500
RELIANCE30Jan201700PE.NFO,07/01/2020,14:00:30,175.25,172.05,9000,179.9,1500,0,26500
RELIANCE30Jan201700PE.NFO,07/01/2020,14:00:32,175.25,172.05,9000,179.35,1000,0,26500
RELIANCE30Jan201700PE.NFO,07/01/2020,14:00:36,175.25,172.05,9000,179.05,1000,0,26500
RELIANCE30Jan201700PE.NFO,07/01/2020,14:00:41,175.25,172.05,9000,178.35,500,0,26500
RELIANCE30Jan201700PE.NFO,07/01/2020,14:00:48,175.25,172.05,9000,177.65,500,0,26500
RELIANCE30Jan201700PE.NFO,07/01/2020,14:00:55,175.25,172.05,9000,179.4,1000,0,26500
RELIANCE30Jan201700PE.NFO,07/01/2020,14:01:01,175.25,172.05,9000,177.85,500,0,26500
RELIANCE30Jan201700PE.NFO,07/01/2020,14:01:07,175.25,172.05,9000,177.5,500,0,26500
RELIANCE30Jan201700PE.NFO,07/01/2020,14:01:12,175.25,172.05,9000,177.35,500,0,26500
RELIANCE30Jan201700PE.NFO,07/01/2020,14:01:22,175.25,172.05,9000,180.05,3000,0,26500
RELIANCE30Jan201700PE.NFO,07/01/2020,14:01:26,175.25,172.05,9000,180.05,6000,0,26500
RELIANCE30Jan201700PE.NFO,07/01/2020,14:01:30,175.25,172.05,9000,180.05,3000,0,26500
RELIANCE30Jan201700PE.NFO,07/01/2020,14:01:42,175.25,172.05,9000,180.05,5000,0,26500
RELIANCE30Jan201700PE.NFO,07/01/2020,14:01:45,175.25,172.05,9000,180.05,6000,0,26500
RELIANCE30Jan201700PE.NFO,07/01/2020,14:01:49,175.25,172.05,9000,180.05,3000,0,26500
RELIANCE30Jan201700PE.NFO,07/01/2020,14:01:56,175.25,172.05,9000,180.05,8000,0,26500
RELIANCE30Jan201700PE.NFO,07/01/2020,14:01:59,175.25,172.05,6000,180.05,9000,0,26500
RELIANCE30Jan201700PE.NFO,07/01/2020,14:02:02,175.25,172.05,9000,180.05,9000,0,26500
RELIANCE30Jan201700PE.NFO,07/01/2020,14:02:05,175.25,172.05,9000,180.05,8000,0,26500
RELIANCE30Jan201700PE.NFO,07/01/2020,14:02:08,175.25,172.05,9000,180.05,9000,0,26500
RELIANCE30Jan201700PE.NFO,07/01/2020,14:02:20,175.25,172.05,6000,180.05,9000,0,26500
RELIANCE30Jan201700PE.NFO,07/01/2020,14:02:26,175.25,172.05,8000,180.05,9000,0,26500
RELIANCE30Jan201700PE.NFO,07/01/2020,14:02:30,175.25,172.05,9000,180.05,9000,0,26500
RELIANCE30Jan201700PE.NFO,07/01/2020,14:02:39,175.25,172.05,9000,180.05,8000,0,26500
RELIANCE30Jan201700PE.NFO,07/01/2020,14:02:43,175.25,172.05,5000,180.05,9000,0,26500
RELIANCE30Jan201700PE.NFO,07/01/2020,14:02:46,175.25,172.55,1000,180.05,9000,0,26500
RELIANCE30Jan201700PE.NFO,07/01/2020,14:02:50,175.25,173.05,500,180.05,9000,0,26500
RELIANCE30Jan201700PE.NFO,07/01/2020,14:02:54,175.25,173,500,180.05,9000,0,26500
RELIANCE30Jan201700PE.NFO,07/01/2020,14:03:01,175.25,173.2,500,180.05,9000,0,26500
RELIANCE30Jan201700PE.NFO,07/01/2020,14:03:04,175.25,172.55,500,180.05,9000,0,26500
RELIANCE30Jan201700PE.NFO,07/01/2020,14:03:09,175.25,173.1,500,180.05,9000,0,26500
RELIANCE30Jan201700PE.NFO,07/01/2020,14:03:20,175.25,173.45,500,180.05,9000,0,26500
RELIANCE30Jan201700PE.NFO,07/01/2020,14:03:25,175.25,173.6,500,180.05,9000,0,26500
RELIANCE30Jan201700PE.NFO,07/01/2020,14:03:29,175.25,173.7,500,180.05,9000,0,26500
RELIANCE30Jan201700PE.NFO,07/01/2020,14:04:02,175.25,173.9,500,180.05,9000,0,26500
RELIANCE30Jan201700PE.NFO,07/01/2020,14:04:41,175.25,173.9,500,180.05,8000,0,26500
RELIANCE30Jan201700PE.NFO,07/01/2020,14:04:45,175.25,174.1,500,180.05,8000,0,26500
RELIANCE30Jan201700PE.NFO,07/01/2020,14:04:52,175.25,174.3,500,180.05,3000,0,26500
RELIANCE30Jan201700PE.NFO,07/01/2020,14:04:56,175.25,174.3,500,180.05,6000,0,26500
RELIANCE30Jan201700PE.NFO,07/01/2020,14:05:01,175.25,174.3,500,180.05,8000,0,26500
RELIANCE30Jan201700PE.NFO,07/01/2020,14:05:08,175.25,174.3,500,180.05,7000,0,26500
RELIANCE30Jan201700PE.NFO,07/01/2020,14:05:12,175.25,174.3,500,180.05,8000,0,26500
RELIANCE30Jan201700PE.NFO,07/01/2020,14:05:16,175.25,174.4,500,180.05,8000,0,26500
RELIANCE30Jan201700PE.NFO,07/01/2020,14:05:19,175.25,174.4,500,180.05,7000,0,26500
RELIANCE30Jan201700PE.NFO,07/01/2020,14:05:22,175.25,174.4,500,180.05,8000,0,26500
RELIANCE30Jan201700PE.NFO,07/01/2020,14:05:28,175.25,173.45,500,180.05,7000,0,26500
RELIANCE30Jan201700PE.NFO,07/01/2020,14:05:31,175.25,173.85,500,180.05,7000,0,26500
RELIANCE30Jan201700PE.NFO,07/01/2020,14:05:36,175.25,174.45,500,180.05,3000,0,26500
RELIANCE30Jan201700PE.NFO,07/01/2020,14:05:41,175.25,174.6,500,180.05,6000,0,26500
RELIANCE30Jan201700PE.NFO,07/01/2020,14:05:46,175.25,174.6,500,180.05,3000,0,26500
RELIANCE30Jan201700PE.NFO,07/01/2020,14:05:51,175.25,172.25,6000,180.05,8000,0,26500
RELIANCE30Jan201700PE.NFO,07/01/2020,14:05:57,175.25,172.25,6000,180.05,7000,0,26500
RELIANCE30Jan201700PE.NFO,07/01/2020,14:06:01,175.25,172.25,9000,180.05,7000,0,26500
RELIANCE30Jan201700PE.NFO,07/01/2020,14:06:04,175.25,172.25,5000,180.05,8000,0,26500
RELIANCE30Jan201700PE.NFO,07/01/2020,14:06:12,175.25,172.25,6000,180.05,9000,0,26500
RELIANCE30Jan201700PE.NFO,07/01/2020,14:06:16,175.25,172.25,9000,180.05,8000,0,26500
RELIANCE30Jan201700PE.NFO,07/01/2020,14:06:19,175.25,172.25,4000,180.05,9000,0,26500
RELIANCE30Jan201700PE.NFO,07/01/2020,14:06:35,175.25,172.25,6000,180.05,9000,0,26500
RELIANCE30Jan201700PE.NFO,07/01/2020,14:06:40,175.25,172.25,9000,180.05,8000,0,26500
RELIANCE30Jan201700PE.NFO,07/01/2020,14:06:54,175.25,172.25,5000,180.05,9000,0,26500
RELIANCE30Jan201700PE.NFO,07/01/2020,14:07:02,175.25,173,500,180.05,9000,0,26500
RELIANCE30Jan201700PE.NFO,07/01/2020,14:07:05,175.25,173.3,500,180.05,9000,0,26500
RELIANCE30Jan201700PE.NFO,07/01/2020,14:07:08,175.25,173.7,500,180.05,9000,0,26500
RELIANCE30Jan201700PE.NFO,07/01/2020,14:07:11,175.25,173.65,500,180.05,9000,0,26500
RELIANCE30Jan201700PE.NFO,07/01/2020,14:07:25,175.25,173.85,500,180.05,9000,0,26500
RELIANCE30Jan201700PE.NFO,07/01/2020,14:07:42,175.25,172.3,1000,180.05,9000,0,26500
RELIANCE30Jan201700PE.NFO,07/01/2020,14:07:47,175.25,173,500,180.05,9000,0,26500
RELIANCE30Jan201700PE.NFO,07/01/2020,14:07:52,175.25,173.35,500,180.05,9000,0,26500
RELIANCE30Jan201700PE.NFO,07/01/2020,14:08:12,175.25,171.6,1000,180.05,9000,0,26500
RELIANCE30Jan201700PE.NFO,07/01/2020,14:08:16,175.25,171.95,500,177.85,2500,0,26500
RELIANCE30Jan201700PE.NFO,07/01/2020,14:08:21,175.25,172.45,500,176,500,0,26500
RELIANCE30Jan201700PE.NFO,07/01/2020,14:08:25,175.25,172.45,500,175.6,500,0,26500
RELIANCE30Jan201700PE.NFO,07/01/2020,14:08:29,175.25,172.45,500,175.55,500,0,26500
RELIANCE30Jan201700PE.NFO,07/01/2020,14:08:34,175.25,172.45,500,178.25,7000,0,26500
RELIANCE30Jan201700PE.NFO,07/01/2020,14:08:44,175.25,172.45,500,178.25,8000,0,26500
RELIANCE30Jan201700PE.NFO,07/01/2020,14:08:48,175.25,172.45,500,178.25,9000,0,26500
RELIANCE30Jan201700PE.NFO,07/01/2020,14:08:58,175.25,172.45,500,178.25,8000,0,26500
RELIANCE30Jan201700PE.NFO,07/01/2020,14:09:07,175.25,172.65,500,178.25,8000,0,26500
RELIANCE30Jan201700PE.NFO,07/01/2020,14:09:17,175.25,170.1,9000,178.25,9000,0,26500
RELIANCE30Jan201700PE.NFO,07/01/2020,14:09:21,175.25,170.1,9000,178.25,8000,0,26500
RELIANCE30Jan201700PE.NFO,07/01/2020,14:09:27,175.25,170.1,9000,178.25,6000,0,26500
RELIANCE30Jan201700PE.NFO,07/01/2020,14:09:30,175.25,170.1,9000,178.25,8000,0,26500
RELIANCE30Jan201700PE.NFO,07/01/2020,14:09:37,175.25,170.1,9000,178.25,6000,0,26500
RELIANCE30Jan201700PE.NFO,07/01/2020,14:09:41,175.25,170.1,9000,178.25,8000,0,26500
RELIANCE30Jan201700PE.NFO,07/01/2020,14:09:46,175.25,170.1,9000,178.25,9000,0,26500
RELIANCE30Jan201700PE.NFO,07/01/2020,14:10:02,175.25,170.1,6000,178.25,9000,0,26500
RELIANCE30Jan201700PE.NFO,07/01/2020,14:10:10,175.25,170.1,9000,178.25,8000,0,26500
RELIANCE30Jan201700PE.NFO,07/01/2020,14:10:17,175.25,170.1,9000,178.25,6000,0,26500
RELIANCE30Jan201700PE.NFO,07/01/2020,14:10:22,175.25,170.1,9000,178.25,3000,0,26500
RELIANCE30Jan201700PE.NFO,07/01/2020,14:10:36,175.25,170.1,9000,177.15,500,0,26500
RELIANCE30Jan201700PE.NFO,07/01/2020,14:10:42,175.25,170.1,9000,176.55,500,0,26500
RELIANCE30Jan201700PE.NFO,07/01/2020,14:10:46,175.25,170.1,9000,178.1,1000,0,26500
RELIANCE30Jan201700PE.NFO,07/01/2020,14:10:50,175.25,170.1,9000,176.6,500,0,26500
RELIANCE30Jan201700PE.NFO,07/01/2020,14:10:54,175.25,170.1,9000,176.15,500,0,26500
RELIANCE30Jan201700PE.NFO,07/01/2020,14:10:58,175.25,170.1,9000,176.1,500,0,26500
RELIANCE30Jan201700PE.NFO,07/01/2020,14:11:04,175.25,170.1,9000,175.75,500,0,26500
RELIANCE30Jan201700PE.NFO,07/01/2020,14:11:08,175.25,170.1,9000,175.7,500,0,26500
RELIANCE30Jan201700PE.NFO,07/01/2020,14:11:26,175.25,170.1,9000,177.05,1000,0,26500
RELIANCE30Jan201700PE.NFO,07/01/2020,14:11:30,175.25,170.1,9000,176.65,1000,0,26500
RELIANCE30Jan201700PE.NFO,07/01/2020,14:11:33,175.25,170.1,9000,176.35,500,0,26500
RELIANCE30Jan201700PE.NFO,07/01/2020,14:11:35,175.25,170.1,9000,176.15,500,0,26500
RELIANCE30Jan201700PE.NFO,07/01/2020,14:11:38,175.25,170.1,9000,176,500,0,26500
RELIANCE30Jan201700PE.NFO,07/01/2020,14:12:00,175.25,170.1,9000,175.9,500,0,26500
RELIANCE30Jan201700PE.NFO,07/01/2020,14:12:08,175.25,170.1,9000,175.7,500,0,26500
RELIANCE30Jan201700PE.NFO,07/01/2020,14:12:14,175.25,170.1,9000,178.25,3000,0,26500
RELIANCE30Jan201700PE.NFO,07/01/2020,14:13:04,175.25,170.1,9000,176.7,500,0,26500
RELIANCE30Jan201700PE.NFO,07/01/2020,14:13:08,175.25,170.1,9000,176.3,500,0,26500
RELIANCE30Jan201700PE.NFO,07/01/2020,14:13:11,175.25,170.1,9000,176.15,500,0,26500
RELIANCE30Jan201700PE.NFO,07/01/2020,14:13:26,175.25,170.1,9000,176.1,500,0,26500
RELIANCE30Jan201700PE.NFO,07/01/2020,14:13:34,175.25,170.1,9000,176.05,500,0,26500
RELIANCE30Jan201700PE.NFO,07/01/2020,14:13:41,175.25,170.1,9000,175.85,500,0,26500
RELIANCE30Jan201700PE.NFO,07/01/2020,14:13:47,175.25,170.1,9000,178.35,3000,0,26500
RELIANCE30Jan201700PE.NFO,07/01/2020,14:13:53,175.25,170.1,9000,178.35,4000,0,26500
RELIANCE30Jan201700PE.NFO,07/01/2020,14:14:03,175.25,170.1,9000,178.35,3000,0,26500
RELIANCE30Jan201700PE.NFO,07/01/2020,14:14:30,175.25,170.1,9000,178.35,1500,0,26500
RELIANCE30Jan201700PE.NFO,07/01/2020,14:14:40,175.25,170.1,9000,177.05,500,0,26500
RELIANCE30Jan201700PE.NFO,07/01/2020,14:14:44,175.25,170.1,9000,176.9,500,0,26500
RELIANCE30Jan201700PE.NFO,07/01/2020,14:14:49,175.25,170.1,9000,178.35,1500,0,26500
RELIANCE30Jan201700PE.NFO,07/01/2020,14:15:24,175.25,170.1,9000,177.9,1000,0,26500
RELIANCE30Jan201700PE.NFO,07/01/2020,14:15:31,175.25,170.1,9000,176.9,500,0,26500
RELIANCE30Jan201700PE.NFO,07/01/2020,14:15:38,175.25,170.1,9000,178.35,1500,0,26500
RELIANCE30Jan201700PE.NFO,07/01/2020,14:15:58,175.25,170.1,9000,177.7,1000,0,26500
RELIANCE30Jan201700PE.NFO,07/01/2020,14:16:04,175.25,170.1,9000,177,500,0,26500
RELIANCE30Jan201700PE.NFO,07/01/2020,14:16:10,175.25,170.1,9000,177.05,500,0,26500
RELIANCE30Jan201700PE.NFO,07/01/2020,14:16:16,175.25,170.1,9000,176.35,500,0,26500
RELIANCE30Jan201700PE.NFO,07/01/2020,14:16:21,175.25,170.1,9000,176.5,500,0,26500
RELIANCE30Jan201700PE.NFO,07/01/2020,14:16:26,175.25,170.1,9000,176.25,500,0,26500
RELIANCE30Jan201700PE.NFO,07/01/2020,14:16:39,175.25,170.1,9000,175.9,500,0,26500
RELIANCE30Jan201700PE.NFO,07/01/2020,14:16:45,175.25,170.1,9000,176.05,500,0,26500
RELIANCE30Jan201700PE.NFO,07/01/2020,14:16:55,175.25,170.1,9000,175.65,500,0,26500
RELIANCE30Jan201700PE.NFO,07/01/2020,14:16:58,175.25,170.1,9000,178.35,8000,0,26500
RELIANCE30Jan201700PE.NFO,07/01/2020,14:17:08,175.25,170.1,9000,178.35,6000,0,26500
RELIANCE30Jan201700PE.NFO,07/01/2020,14:17:13,175.25,170.1,9000,178.35,8000,0,26500
RELIANCE30Jan201700PE.NFO,07/01/2020,14:17:22,175.25,170.1,9000,178.35,3000,0,26500
RELIANCE30Jan201700PE.NFO,07/01/2020,14:17:28,175.25,170.1,9000,178.35,8000,0,26500
RELIANCE30Jan201700PE.NFO,07/01/2020,14:17:48,175.25,170.1,9000,178.35,7000,0,26500
RELIANCE30Jan201700PE.NFO,07/01/2020,14:17:53,175.25,170.1,9000,178.35,8000,0,26500
RELIANCE30Jan201700PE.NFO,07/01/2020,14:18:01,175.25,170.1,9000,178.35,9000,0,26500
RELIANCE30Jan201700PE.NFO,07/01/2020,14:18:07,175.25,170.1,9000,177.95,2500,0,26500
RELIANCE30Jan201700PE.NFO,07/01/2020,14:18:10,175.25,170.1,9000,177.65,2500,0,26500
RELIANCE30Jan201700PE.NFO,07/01/2020,14:18:13,175.25,170.1,9000,177.35,2500,0,26500
RELIANCE30Jan201700PE.NFO,07/01/2020,14:18:17,175.25,170.1,9000,176.95,1000,0,26500
RELIANCE30Jan201700PE.NFO,07/01/2020,14:18:21,175.25,170.1,9000,176.45,1000,0,26500
RELIANCE30Jan201700PE.NFO,07/01/2020,14:18:27,175.25,170.1,9000,175.85,500,0,26500
RELIANCE30Jan201700PE.NFO,07/01/2020,14:18:32,175.25,170.1,9000,178.15,3000,0,26500
RELIANCE30Jan201700PE.NFO,07/01/2020,14:18:36,175.25,170.1,9000,178.15,6000,0,26500
RELIANCE30Jan201700PE.NFO,07/01/2020,14:18:41,175.25,170.1,9000,178.15,3000,0,26500
RELIANCE30Jan201700PE.NFO,07/01/2020,14:18:47,175.25,170.1,9000,178.15,8000,0,26500
RELIANCE30Jan201700PE.NFO,07/01/2020,14:19:13,175.25,170.1,9000,178.15,3000,0,26500
RELIANCE30Jan201700PE.NFO,07/01/2020,14:19:18,175.25,170.1,9000,178.15,7000,0,26500
RELIANCE30Jan201700PE.NFO,07/01/2020,14:20:08,175.25,170.1,9000,178.15,8000,0,26500
RELIANCE30Jan201700PE.NFO,07/01/2020,14:20:13,175.25,170.1,9000,178.15,9000,0,26500
RELIANCE30Jan201700PE.NFO,07/01/2020,14:20:18,175.25,170.1,6000,178.15,9000,0,26500
RELIANCE30Jan201700PE.NFO,07/01/2020,14:20:22,175.25,170.1,5000,178.15,9000,0,26500
RELIANCE30Jan201700PE.NFO,07/01/2020,14:21:04,175.25,170.85,500,178.15,9000,0,26500
RELIANCE30Jan201700PE.NFO,07/01/2020,14:21:08,175.25,171.1,500,178.15,9000,0,26500
RELIANCE30Jan201700PE.NFO,07/01/2020,14:21:12,175.25,171.35,500,178.15,9000,0,26500
RELIANCE30Jan201700PE.NFO,07/01/2020,14:21:18,175.25,171.4,500,178.15,9000,0,26500
RELIANCE30Jan201700PE.NFO,07/01/2020,14:21:29,175.25,171.55,500,178.15,9000,0,26500
RELIANCE30Jan201700PE.NFO,07/01/2020,14:21:33,175.25,171.75,500,178.15,9000,0,26500
RELIANCE30Jan201700PE.NFO,07/01/2020,14:21:38,175.25,170.65,500,178.15,9000,0,26500
RELIANCE30Jan201700PE.NFO,07/01/2020,14:21:42,175.25,171.05,500,178.15,9000,0,26500
RELIANCE30Jan201700PE.NFO,07/01/2020,14:21:45,175.25,171.1,500,178.15,9000,0,26500
RELIANCE30Jan201700PE.NFO,07/01/2020,14:21:53,175.25,171.25,500,178.15,9000,0,26500
RELIANCE30Jan201700PE.NFO,07/01/2020,14:21:56,175.25,171.45,500,178.15,9000,0,26500
RELIANCE30Jan201700PE.NFO,07/01/2020,14:22:15,175.25,169.75,5000,178.15,9000,0,26500
RELIANCE30Jan201700PE.NFO,07/01/2020,14:22:26,175.25,169.75,9000,178.15,9000,0,26500
RELIANCE30Jan201700PE.NFO,07/01/2020,14:22:31,175.25,169.75,8000,178.15,9000,0,26500
RELIANCE30Jan201700PE.NFO,07/01/2020,14:22:36,175.25,169.75,9000,178.15,9000,0,26500
RELIANCE30Jan201700PE.NFO,07/01/2020,14:22:39,175.25,169.75,8000,178.15,9000,0,26500
RELIANCE30Jan201700PE.NFO,07/01/2020,14:22:47,175.25,169.75,7000,178.15,9000,0,26500
RELIANCE30Jan201700PE.NFO,07/01/2020,14:22:51,175.25,169.75,9000,178.15,9000,0,26500
RELIANCE30Jan201700PE.NFO,07/01/2020,14:23:06,175.25,169.75,8000,178.15,9000,0,26500
RELIANCE30Jan201700PE.NFO,07/01/2020,14:23:15,175.25,169.75,9000,178.15,9000,0,26500
RELIANCE30Jan201700PE.NFO,07/01/2020,14:24:14,175.25,169.75,9000,178.15,6000,0,26500
RELIANCE30Jan201700PE.NFO,07/01/2020,14:24:21,175.25,169.75,9000,178.15,7000,0,26500
RELIANCE30Jan201700PE.NFO,07/01/2020,14:24:33,175.25,169.75,9000,178.15,8000,0,26500
RELIANCE30Jan201700PE.NFO,07/01/2020,14:24:43,175.25,169.75,9000,178.15,7000,0,26500
RELIANCE30Jan201700PE.NFO,07/01/2020,14:24:48,175.25,169.75,9000,178.15,4000,0,26500
RELIANCE30Jan201700PE.NFO,07/01/2020,14:24:52,175.25,169.75,9000,178.15,7000,0,26500
RELIANCE30Jan201700PE.NFO,07/01/2020,14:25:05,175.25,169.75,9000,178.15,9000,0,26500
RELIANCE30Jan201700PE.NFO,07/01/2020,14:25:22,175.25,169.75,9000,178.15,7000,0,26500
RELIANCE30Jan201700PE.NFO,07/01/2020,14:25:33,175.25,169.75,9000,178.15,4000,0,26500
RELIANCE30Jan201700PE.NFO,07/01/2020,14:25:37,175.25,169.75,9000,178.15,7000,0,26500
RELIANCE30Jan201700PE.NFO,07/01/2020,14:25:47,175.25,169.75,9000,178.15,4000,0,26500
RELIANCE30Jan201700PE.NFO,07/01/2020,14:25:52,175.25,169.75,9000,178.15,3000,0,26500
RELIANCE30Jan201700PE.NFO,07/01/2020,14:26:00,175.25,169.75,9000,178.15,7000,0,26500
RELIANCE30Jan201700PE.NFO,07/01/2020,14:26:12,175.25,169.75,9000,178.15,3000,0,26500
RELIANCE30Jan201700PE.NFO,07/01/2020,14:26:19,175.25,169.75,9000,178.15,4000,0,26500
RELIANCE30Jan201700PE.NFO,07/01/2020,14:26:24,175.25,169.75,9000,178.15,7000,0,26500
RELIANCE30Jan201700PE.NFO,07/01/2020,14:26:29,175.25,169.75,9000,178.15,4000,0,26500
RELIANCE30Jan201700PE.NFO,07/01/2020,14:26:36,175.25,169.75,9000,178.15,3000,0,26500
RELIANCE30Jan201700PE.NFO,07/01/2020,14:27:06,175.25,169.75,9000,178.15,6000,0,26500
RELIANCE30Jan201700PE.NFO,07/01/2020,14:27:13,175.25,169.75,9000,178.15,7000,0,26500
RELIANCE30Jan201700PE.NFO,07/01/2020,14:27:21,175.25,169.75,9000,178.15,4000,0,26500
RELIANCE30Jan201700PE.NFO,07/01/2020,14:27:32,175.25,169.75,9000,178.15,7000,0,26500
RELIANCE30Jan201700PE.NFO,07/01/2020,14:27:42,175.25,169.75,9000,178.15,3000,0,26500
RELIANCE30Jan201700PE.NFO,07/01/2020,14:27:58,175.25,169.75,9000,178.15,5000,0,26500
RELIANCE30Jan201700PE.NFO,07/01/2020,14:28:03,175.25,169.75,9000,178.15,3000,0,26500
RELIANCE30Jan201700PE.NFO,07/01/2020,14:28:16,175.25,169.75,9000,178.15,7000,0,26500
RELIANCE30Jan201700PE.NFO,07/01/2020,14:28:25,175.25,169.75,9000,178.15,4000,0,26500
RELIANCE30Jan201700PE.NFO,07/01/2020,14:28:30,175.25,169.75,9000,178.15,3000,0,26500
RELIANCE30Jan201700PE.NFO,07/01/2020,14:28:56,175.25,169.75,9000,178.15,4000,0,26500
RELIANCE30Jan201700PE.NFO,07/01/2020,14:29:03,175.25,169.75,9000,178.15,7000,0,26500
RELIANCE30Jan201700PE.NFO,07/01/2020,14:29:07,175.25,169.75,9000,178.15,3000,0,26500
RELIANCE30Jan201700PE.NFO,07/01/2020,14:29:11,175.25,169.75,9000,178.15,4000,0,26500
RELIANCE30Jan201700PE.NFO,07/01/2020,14:29:15,175.25,169.75,9000,178.15,7000,0,26500
RELIANCE30Jan201700PE.NFO,07/01/2020,14:29:25,175.25,169.75,9000,178.15,8000,0,26500
RELIANCE30Jan201700PE.NFO,07/01/2020,14:29:30,175.25,169.75,9000,178.15,5000,0,26500
RELIANCE30Jan201700PE.NFO,07/01/2020,14:29:38,175.25,169.75,9000,178.15,7000,0,26500
RELIANCE30Jan201700PE.NFO,07/01/2020,14:29:45,175.25,169.75,9000,178.15,8000,0,26500
RELIANCE30Jan201700PE.NFO,07/01/2020,14:29:49,175.25,169.75,9000,178.15,7000,0,26500
RELIANCE30Jan201700PE.NFO,07/01/2020,14:29:53,175.25,169.75,9000,178.15,6000,0,26500
RELIANCE30Jan201700PE.NFO,07/01/2020,14:29:57,175.25,169.75,9000,178.15,5000,0,26500
RELIANCE30Jan201700PE.NFO,07/01/2020,14:30:03,175.25,169.75,9000,178.15,7000,0,26500
RELIANCE30Jan201700PE.NFO,07/01/2020,14:30:16,175.25,169.75,9000,178.15,8000,0,26500
RELIANCE30Jan201700PE.NFO,07/01/2020,14:30:21,175.25,169.75,9000,178.15,9000,0,26500
RELIANCE30Jan201700PE.NFO,07/01/2020,14:30:27,175.25,170.4,1000,178.15,9000,0,26500
RELIANCE30Jan201700PE.NFO,07/01/2020,14:30:37,175.25,170.95,500,178.15,9000,0,26500
RELIANCE30Jan201700PE.NFO,07/01/2020,14:30:56,175.25,170.2,500,178.15,9000,0,26500
RELIANCE30Jan201700PE.NFO,07/01/2020,14:31:04,175.25,170.3,500,178.15,9000,0,26500
RELIANCE30Jan201700PE.NFO,07/01/2020,14:31:29,175.25,169.3,1000,175.25,6500,0,26500
RELIANCE30Jan201700PE.NFO,07/01/2020,14:31:37,175.25,169.9,500,174.35,1000,0,26500
RELIANCE30Jan201700PE.NFO,07/01/2020,14:31:46,175.25,170.55,500,173.6,500,0,26500
RELIANCE30Jan201700PE.NFO,07/01/2020,14:31:53,175.25,170.65,500,176.05,3000,0,26500
RELIANCE30Jan201700PE.NFO,07/01/2020,14:31:59,175.25,170.9,500,176.05,3000,0,26500
RELIANCE30Jan201700PE.NFO,07/01/2020,14:32:06,175.25,170.95,500,176.05,3000,0,26500
RELIANCE30Jan201700PE.NFO,07/01/2020,14:32:24,175.25,171.5,500,175.1,500,0,26500
RELIANCE30Jan201700PE.NFO,07/01/2020,14:32:30,175.25,171.55,500,174.65,500,0,26500
RELIANCE30Jan201700PE.NFO,07/01/2020,14:32:35,175.25,171.55,500,176.05,1500,0,26500
RELIANCE30Jan201700PE.NFO,07/01/2020,14:33:04,175.25,170.4,500,175.1,1000,0,26500
RELIANCE30Jan201700PE.NFO,07/01/2020,14:33:13,175.25,170.95,500,174.2,500,0,26500
RELIANCE30Jan201700PE.NFO,07/01/2020,14:33:21,175.25,170.95,500,174.15,500,0,26500
RELIANCE30Jan201700PE.NFO,07/01/2020,14:33:28,175.25,171.05,500,173.95,500,0,26500
RELIANCE30Jan201700PE.NFO,07/01/2020,14:33:35,175.25,171.05,500,173.65,500,0,26500
RELIANCE30Jan201700PE.NFO,07/01/2020,14:33:41,175.25,171.05,500,176.05,4000,0,26500
RELIANCE30Jan201700PE.NFO,07/01/2020,14:33:54,175.25,171.05,500,176.05,3000,0,26500
RELIANCE30Jan201700PE.NFO,07/01/2020,14:34:00,175.25,171.05,500,176.05,4000,0,26500
RELIANCE30Jan201700PE.NFO,07/01/2020,14:34:10,175.25,171.05,500,176.05,5000,0,26500
RELIANCE30Jan201700PE.NFO,07/01/2020,14:34:16,175.25,171.05,500,176.05,3000,0,26500
RELIANCE30Jan201700PE.NFO,07/01/2020,14:34:57,175.25,169,500,176.05,7000,0,26500
RELIANCE30Jan201700PE.NFO,07/01/2020,14:35:02,175.25,169.5,500,176.05,9000,0,26500
RELIANCE30Jan201700PE.NFO,07/01/2020,14:35:08,175.25,170,500,176.05,8000,0,26500
RELIANCE30Jan201700PE.NFO,07/01/2020,14:35:14,175.25,170.05,500,176.05,8000,0,26500
RELIANCE30Jan201700PE.NFO,07/01/2020,14:35:19,175.25,170.3,500,176.05,7000,0,26500
RELIANCE30Jan201700PE.NFO,07/01/2020,14:35:25,175.25,170.55,500,176.05,6000,0,26500
RELIANCE30Jan201700PE.NFO,07/01/2020,14:35:31,175.25,170.55,500,176.05,8000,0,26500
RELIANCE30Jan201700PE.NFO,07/01/2020,14:35:37,175.25,170.65,500,176.05,4000,0,26500
RELIANCE30Jan201700PE.NFO,07/01/2020,14:35:44,175.25,170.65,500,176.05,7000,0,26500
RELIANCE30Jan201700PE.NFO,07/01/2020,14:35:49,175.25,170.65,500,176.05,6000,0,26500
RELIANCE30Jan201700PE.NFO,07/01/2020,14:35:54,175.25,170.65,500,176.05,4000,0,26500
RELIANCE30Jan201700PE.NFO,07/01/2020,14:35:58,175.25,170.75,500,176.05,4000,0,26500
RELIANCE30Jan201700PE.NFO,07/01/2020,14:36:20,175.25,170.85,500,176.05,3000,0,26500
RELIANCE30Jan201700PE.NFO,07/01/2020,14:36:26,175.25,170.95,500,176.05,3000,0,26500
RELIANCE30Jan201700PE.NFO,07/01/2020,14:36:31,175.25,171,500,176.05,3000,0,26500
RELIANCE30Jan201700PE.NFO,07/01/2020,14:36:37,175.25,171.05,500,176.05,3000,0,26500
RELIANCE30Jan201700PE.NFO,07/01/2020,14:36:46,175.25,171.15,500,176.05,3000,0,26500
RELIANCE30Jan201700PE.NFO,07/01/2020,14:36:50,175.25,171.45,500,176.05,1500,0,26500
RELIANCE30Jan201700PE.NFO,07/01/2020,14:37:13,175.25,171.45,500,175.4,1000,0,26500
RELIANCE30Jan201700PE.NFO,07/01/2020,14:37:18,175.25,171.55,500,174.95,500,0,26500
RELIANCE30Jan201700PE.NFO,07/01/2020,14:37:24,175.25,171.55,500,174.75,500,0,26500
RELIANCE30Jan201700PE.NFO,07/01/2020,14:37:28,175.25,171.55,500,174.65,500,0,26500
RELIANCE30Jan201700PE.NFO,07/01/2020,14:37:33,175.25,171.55,500,174.55,500,0,26500
RELIANCE30Jan201700PE.NFO,07/01/2020,14:37:38,175.25,171.55,500,174.75,500,0,26500
RELIANCE30Jan201700PE.NFO,07/01/2020,14:37:42,175.25,171.55,500,174.65,500,0,26500
RELIANCE30Jan201700PE.NFO,07/01/2020,14:37:48,175.25,171.55,500,176.05,1500,0,26500
RELIANCE30Jan201700PE.NFO,07/01/2020,14:38:02,175.25,171.55,500,175.55,1000,0,26500
RELIANCE30Jan201700PE.NFO,07/01/2020,14:38:07,175.25,171.65,500,175.05,500,0,26500
RELIANCE30Jan201700PE.NFO,07/01/2020,14:38:11,175.25,171.65,500,174.7,500,0,26500
RELIANCE30Jan201700PE.NFO,07/01/2020,14:38:26,175.25,171.95,500,176.05,1500,0,26500
RELIANCE30Jan201700PE.NFO,07/01/2020,14:38:38,175.25,172.7,500,178.35,5000,0,26500
RELIANCE30Jan201700PE.NFO,07/01/2020,14:38:43,175.25,170.1,9000,178.35,9000,0,26500
RELIANCE30Jan201700PE.NFO,07/01/2020,14:38:50,175.25,170.1,9000,178.35,7000,0,26500
RELIANCE30Jan201700PE.NFO,07/01/2020,14:38:56,175.25,170.1,9000,178.35,5000,0,26500
RELIANCE30Jan201700PE.NFO,07/01/2020,14:39:01,175.25,170.1,9000,178.35,3000,0,26500
RELIANCE30Jan201700PE.NFO,07/01/2020,14:39:09,175.25,170.1,9000,178.35,4000,0,26500
RELIANCE30Jan201700PE.NFO,07/01/2020,14:39:14,175.25,170.1,9000,178.35,5000,0,26500
RELIANCE30Jan201700PE.NFO,07/01/2020,14:39:19,175.25,170.1,9000,178.35,7000,0,26500
RELIANCE30Jan201700PE.NFO,07/01/2020,14:39:26,175.25,170.1,9000,178.35,6000,0,26500
RELIANCE30Jan201700PE.NFO,07/01/2020,14:39:33,175.25,170.1,9000,178.35,7000,0,26500
RELIANCE30Jan201700PE.NFO,07/01/2020,14:39:39,175.25,170.1,9000,178.35,8000,0,26500
RELIANCE30Jan201700PE.NFO,07/01/2020,14:39:49,175.25,170.1,9000,178.35,9000,0,26500
RELIANCE30Jan201700PE.NFO,07/01/2020,14:39:54,175.25,170.1,9000,178.35,8000,0,26500
RELIANCE30Jan201700PE.NFO,07/01/2020,14:40:09,175.25,170.1,9000,178.35,4000,0,26500
RELIANCE30Jan201700PE.NFO,07/01/2020,14:40:14,175.25,170.1,9000,178.35,8000,0,26500
RELIANCE30Jan201700PE.NFO,07/01/2020,14:40:19,175.25,170.1,9000,178.35,4000,0,26500
RELIANCE30Jan201700PE.NFO,07/01/2020,14:40:26,175.25,170.1,9000,178.35,6000,0,26500
RELIANCE30Jan201700PE.NFO,07/01/2020,14:40:32,175.25,170.1,9000,178.35,4000,0,26500
RELIANCE30Jan201700PE.NFO,07/01/2020,14:40:59,175.25,170.1,9000,178.35,7000,0,26500
RELIANCE30Jan201700PE.NFO,07/01/2020,14:41:02,175.25,170.1,9000,178.35,8000,0,26500
RELIANCE30Jan201700PE.NFO,07/01/2020,14:41:07,175.25,170.1,9000,178.35,4000,0,26500
RELIANCE30Jan201700PE.NFO,07/01/2020,14:42:05,175.25,170.1,9000,178.35,7000,0,26500
RELIANCE30Jan201700PE.NFO,07/01/2020,14:42:09,175.25,170.1,9000,178.35,8000,0,26500
RELIANCE30Jan201700PE.NFO,07/01/2020,14:42:42,175.25,170.1,9000,178.35,9000,0,26500
RELIANCE30Jan201700PE.NFO,07/01/2020,14:42:45,175.25,170.1,9000,178.35,8000,0,26500
RELIANCE30Jan201700PE.NFO,07/01/2020,14:42:53,175.25,170.1,9000,178.35,4000,0,26500
RELIANCE30Jan201700PE.NFO,07/01/2020,14:42:58,175.25,170.1,9000,178.35,6000,0,26500
RELIANCE30Jan201700PE.NFO,07/01/2020,14:43:14,175.25,170.1,9000,178.35,8000,0,26500
RELIANCE30Jan201700PE.NFO,07/01/2020,14:43:23,175.25,170.1,9000,178.35,6000,0,26500
RELIANCE30Jan201700PE.NFO,07/01/2020,14:43:28,175.25,170.1,9000,178.35,8000,0,26500
RELIANCE30Jan201700PE.NFO,07/01/2020,14:43:39,175.25,170.1,9000,178.35,6000,0,26500
RELIANCE30Jan201700PE.NFO,07/01/2020,14:43:45,175.25,170.1,9000,178.35,4000,0,26500
RELIANCE30Jan201700PE.NFO,07/01/2020,14:43:50,175.25,170.1,9000,178.35,6000,0,26500
RELIANCE30Jan201700PE.NFO,07/01/2020,14:43:59,175.25,170.1,9000,178.35,7000,0,26500
RELIANCE30Jan201700PE.NFO,07/01/2020,14:44:05,175.25,170.1,9000,178.35,8000,0,26500
RELIANCE30Jan201700PE.NFO,07/01/2020,14:44:09,175.25,170.1,9000,178.35,6000,0,26500
RELIANCE30Jan201700PE.NFO,07/01/2020,14:44:18,175.25,170.1,9000,178.35,8000,0,26500
RELIANCE30Jan201700PE.NFO,07/01/2020,14:44:22,175.25,170.1,9000,178.35,5000,0,26500
RELIANCE30Jan201700PE.NFO,07/01/2020,14:44:27,175.25,170.1,9000,178.35,4000,0,26500
RELIANCE30Jan201700PE.NFO,07/01/2020,14:44:41,175.25,170.1,9000,177.95,1000,0,26500
RELIANCE30Jan201700PE.NFO,07/01/2020,14:44:45,175.25,170.1,9000,177.45,1000,0,26500
RELIANCE30Jan201700PE.NFO,07/01/2020,14:44:50,175.25,170.1,9000,176.95,500,0,26500
RELIANCE30Jan201700PE.NFO,07/01/2020,14:44:56,175.25,170.1,9000,176.35,500,0,26500
RELIANCE30Jan201700PE.NFO,07/01/2020,14:45:01,175.25,170.1,9000,176.3,500,0,26500
RELIANCE30Jan201700PE.NFO,07/01/2020,14:45:06,175.25,170.1,9000,178.35,3000,0,26500
RELIANCE30Jan201700PE.NFO,07/01/2020,14:45:14,175.25,170.1,9000,178.35,1500,0,26500
RELIANCE30Jan201700PE.NFO,07/01/2020,14:45:22,175.25,170.1,9000,177.45,1000,0,26500
RELIANCE30Jan201700PE.NFO,07/01/2020,14:45:28,175.25,170.1,9000,176.75,500,0,26500
RELIANCE30Jan201700PE.NFO,07/01/2020,14:45:34,175.25,170.1,9000,176.55,500,0,26500
RELIANCE30Jan201700PE.NFO,07/01/2020,14:45:39,175.25,170.1,9000,176.5,500,0,26500
RELIANCE30Jan201700PE.NFO,07/01/2020,14:45:44,175.25,170.1,9000,178.35,3000,0,26500
RELIANCE30Jan201700PE.NFO,07/01/2020,14:46:01,175.25,170.1,9000,178.35,1500,0,26500
RELIANCE30Jan201700PE.NFO,07/01/2020,14:46:08,175.25,170.1,9000,177.25,1000,0,26500
RELIANCE30Jan201700PE.NFO,07/01/2020,14:46:15,175.25,170.1,9000,176.55,500,0,26500
RELIANCE30Jan201700PE.NFO,07/01/2020,14:46:21,175.25,170.1,9000,176.1,500,0,26500
RELIANCE30Jan201700PE.NFO,07/01/2020,14:46:27,175.25,170.1,9000,178.35,3000,0,26500
RELIANCE30Jan201700PE.NFO,07/01/2020,14:46:50,175.25,170.1,9000,178.35,4000,0,26500
RELIANCE30Jan201700PE.NFO,07/01/2020,14:46:54,175.25,170.1,9000,178.35,3000,0,26500
RELIANCE30Jan201700PE.NFO,07/01/2020,14:47:29,175.25,170.1,9000,178.35,4000,0,26500
RELIANCE30Jan201700PE.NFO,07/01/2020,14:47:38,175.25,170.1,9000,178.35,3000,0,26500
RELIANCE30Jan201700PE.NFO,07/01/2020,14:47:59,175.25,170.1,9000,178.35,1500,0,26500
RELIANCE30Jan201700PE.NFO,07/01/2020,14:48:07,175.25,170.1,9000,177.75,1000,0,26500
RELIANCE30Jan201700PE.NFO,07/01/2020,14:48:12,175.25,170.1,9000,176.55,500,0,26500
RELIANCE30Jan201700PE.NFO,07/01/2020,14:48:17,175.25,170.1,9000,176.2,500,0,26500
RELIANCE30Jan201700PE.NFO,07/01/2020,14:48:25,175.25,170.1,9000,176.15,500,0,26500
RELIANCE30Jan201700PE.NFO,07/01/2020,14:48:29,175.25,170.1,9000,178.35,4000,0,26500
RELIANCE30Jan201700PE.NFO,07/01/2020,14:48:37,175.25,170.1,9000,178.35,5000,0,26500
RELIANCE30Jan201700PE.NFO,07/01/2020,14:48:41,175.25,170.1,9000,178.35,3000,0,26500
RELIANCE30Jan201700PE.NFO,07/01/2020,14:48:45,175.25,170.1,9000,177.95,1000,0,26500
RELIANCE30Jan201700PE.NFO,07/01/2020,14:48:48,175.25,170.1,9000,177.55,1000,0,26500
RELIANCE30Jan201700PE.NFO,07/01/2020,14:48:52,175.25,170.1,9000,177.25,1000,0,26500
RELIANCE30Jan201700PE.NFO,07/01/2020,14:48:56,175.25,170.1,9000,176.85,500,0,26500
RELIANCE30Jan201700PE.NFO,07/01/2020,14:48:59,175.25,170.1,9000,176.6,500,0,26500
RELIANCE30Jan201700PE.NFO,07/01/2020,14:49:10,175.25,170.1,9000,177.15,500,0,26500
RELIANCE30Jan201700PE.NFO,07/01/2020,14:49:14,175.25,170.1,9000,176.7,500,0,26500
RELIANCE30Jan201700PE.NFO,07/01/2020,14:49:18,175.25,170.1,9000,178.35,1500,0,26500
RELIANCE30Jan201700PE.NFO,07/01/2020,14:49:29,175.25,170.1,9000,177.25,500,0,26500
RELIANCE30Jan201700PE.NFO,07/01/2020,14:49:32,175.25,170.1,9000,176.95,500,0,26500
RELIANCE30Jan201700PE.NFO,07/01/2020,14:49:35,175.25,170.1,9000,176.6,500,0,26500
RELIANCE30Jan201700PE.NFO,07/01/2020,14:49:39,175.25,170.1,9000,178.05,1000,0,26500
RELIANCE30Jan201700PE.NFO,07/01/2020,14:49:43,175.25,170.1,9000,177.65,1000,0,26500
RELIANCE30Jan201700PE.NFO,07/01/2020,14:49:47,175.25,170.1,9000,177.15,1000,0,26500
RELIANCE30Jan201700PE.NFO,07/01/2020,14:49:53,175.25,170.1,9000,176.65,500,0,26500
RELIANCE30Jan201700PE.NFO,07/01/2020,14:49:58,175.25,170.1,9000,175.95,500,0,26500
RELIANCE30Jan201700PE.NFO,07/01/2020,14:50:04,175.25,170.1,9000,176.2,500,0,26500
RELIANCE30Jan201700PE.NFO,07/01/2020,14:50:09,175.25,170.1,9000,175.75,500,0,26500
RELIANCE30Jan201700PE.NFO,07/01/2020,14:50:14,175.25,170.1,9000,176.2,500,0,26500
RELIANCE30Jan201700PE.NFO,07/01/2020,14:50:20,175.25,170.1,9000,175.8,500,0,26500
RELIANCE30Jan201700PE.NFO,07/01/2020,14:50:25,175.25,170.1,9000,176.8,500,0,26500
RELIANCE30Jan201700PE.NFO,07/01/2020,14:50:29,175.25,170.1,9000,176.35,500,0,26500
RELIANCE30Jan201700PE.NFO,07/01/2020,14:50:33,175.25,170.1,9000,178.35,3000,0,26500
RELIANCE30Jan201700PE.NFO,07/01/2020,14:51:21,175.25,170.1,9000,178.35,1500,0,26500
RELIANCE30Jan201700PE.NFO,07/01/2020,14:51:28,175.25,170.1,9000,176.85,500,0,26500
RELIANCE30Jan201700PE.NFO,07/01/2020,14:51:32,175.25,170.1,9000,176.5,500,0,26500
RELIANCE30Jan201700PE.NFO,07/01/2020,14:51:38,175.25,170.1,9000,176.4,500,0,26500
RELIANCE30Jan201700PE.NFO,07/01/2020,14:51:41,175.25,170.1,9000,178.35,3000,0,26500
RELIANCE30Jan201700PE.NFO,07/01/2020,14:51:51,175.25,170.1,9000,177.8,1000,0,26500
RELIANCE30Jan201700PE.NFO,07/01/2020,14:51:54,175.25,170.1,9000,177.4,1000,0,26500
RELIANCE30Jan201700PE.NFO,07/01/2020,14:51:57,175.25,170.1,9000,177.1,500,0,26500
RELIANCE30Jan201700PE.NFO,07/01/2020,14:52:00,175.25,170.1,9000,176.9,500,0,26500
RELIANCE30Jan201700PE.NFO,07/01/2020,14:52:02,175.25,170.1,9000,176.6,500,0,26500
RELIANCE30Jan201700PE.NFO,07/01/2020,14:52:04,175.25,170.1,9000,176.5,500,0,26500
RELIANCE30Jan201700PE.NFO,07/01/2020,14:52:30,175.25,170.1,9000,176.8,500,0,26500
RELIANCE30Jan201700PE.NFO,07/01/2020,14:52:34,175.25,170.1,9000,176.45,500,0,26500
RELIANCE30Jan201700PE.NFO,07/01/2020,14:52:54,175.25,170.1,9000,178.35,3000,0,26500
RELIANCE30Jan201700PE.NFO,07/01/2020,14:52:58,175.25,170.1,9000,178.35,5000,0,26500
RELIANCE30Jan201700PE.NFO,07/01/2020,14:53:03,175.25,170.1,9000,178.35,9000,0,26500
RELIANCE30Jan201700PE.NFO,07/01/2020,14:53:24,175.25,170.1,3000,178.35,9000,0,26500
RELIANCE30Jan201700PE.NFO,07/01/2020,14:53:32,175.25,170.1,1500,178.35,9000,0,26500
RELIANCE30Jan201700PE.NFO,07/01/2020,14:53:38,175.25,170.8,500,178.35,9000,0,26500
RELIANCE30Jan201700PE.NFO,07/01/2020,14:53:45,175.25,171.05,500,178.35,9000,0,26500
RELIANCE30Jan201700PE.NFO,07/01/2020,14:54:18,175.25,171.15,500,178.35,9000,0,26500
RELIANCE30Jan201700PE.NFO,07/01/2020,14:54:24,175.25,171.45,500,178.35,9000,0,26500
RELIANCE30Jan201700PE.NFO,07/01/2020,14:54:34,175.25,171.75,500,178.35,9000,0,26500
RELIANCE30Jan201700PE.NFO,07/01/2020,14:54:41,175.25,171.85,500,178.35,9000,0,26500
RELIANCE30Jan201700PE.NFO,07/01/2020,14:55:27,175.25,171.95,500,178.35,9000,0,26500
RELIANCE30Jan201700PE.NFO,07/01/2020,14:55:30,175.25,172.15,500,178.35,9000,0,26500
RELIANCE30Jan201700PE.NFO,07/01/2020,14:55:34,175.25,172.25,500,178.35,9000,0,26500
RELIANCE30Jan201700PE.NFO,07/01/2020,14:55:59,175.25,172.35,500,178.35,9000,0,26500
RELIANCE30Jan201700PE.NFO,07/01/2020,14:56:03,175.25,172.35,500,178.35,8000,0,26500
RELIANCE30Jan201700PE.NFO,07/01/2020,14:56:08,175.25,172.65,500,178.35,8000,0,26500
RELIANCE30Jan201700PE.NFO,07/01/2020,14:56:42,175.25,172.65,500,178.35,9000,0,26500
RELIANCE30Jan201700PE.NFO,07/01/2020,14:56:48,175.25,172.65,500,178.35,8000,0,26500
RELIANCE30Jan201700PE.NFO,07/01/2020,14:56:54,175.25,172.75,500,178.35,8000,0,26500
RELIANCE30Jan201700PE.NFO,07/01/2020,14:56:57,175.25,172.85,500,178.35,7000,0,26500
RELIANCE30Jan201700PE.NFO,07/01/2020,14:57:00,175.25,172.85,500,178.35,6000,0,26500
RELIANCE30Jan201700PE.NFO,07/01/2020,14:57:04,175.25,172.85,500,178.35,8000,0,26500
RELIANCE30Jan201700PE.NFO,07/01/2020,14:57:08,175.25,170.2,9000,178.35,9000,0,26500
RELIANCE30Jan201700PE.NFO,07/01/2020,14:57:15,175.25,170.2,9000,178.35,8000,0,26500
RELIANCE30Jan201700PE.NFO,07/01/2020,14:57:21,175.25,170.2,9000,178.35,9000,0,26500
RELIANCE30Jan201700PE.NFO,07/01/2020,14:57:28,175.25,170.2,9000,178.35,8000,0,26500
RELIANCE30Jan201700PE.NFO,07/01/2020,14:57:35,175.25,170.2,9000,178.35,6000,0,26500
RELIANCE30Jan201700PE.NFO,07/01/2020,14:57:54,175.25,170.2,9000,178.35,8000,0,26500
RELIANCE30Jan201700PE.NFO,07/01/2020,14:57:58,175.25,170.2,9000,178.35,7000,0,26500
RELIANCE30Jan201700PE.NFO,07/01/2020,14:58:03,175.25,170.2,9000,178.35,6000,0,26500
RELIANCE30Jan201700PE.NFO,07/01/2020,14:58:07,175.25,170.2,9000,178.35,8000,0,26500
RELIANCE30Jan201700PE.NFO,07/01/2020,14:58:11,175.25,170.2,9000,178.35,7000,0,26500
RELIANCE30Jan201700PE.NFO,07/01/2020,14:58:21,175.25,170.2,9000,178.35,6000,0,26500
RELIANCE30Jan201700PE.NFO,07/01/2020,14:58:28,175.25,170.2,9000,178.35,7000,0,26500
RELIANCE30Jan201700PE.NFO,07/01/2020,14:58:31,175.25,170.2,9000,178.35,6000,0,26500
RELIANCE30Jan201700PE.NFO,07/01/2020,14:58:35,175.25,170.2,9000,178.35,7000,0,26500
RELIANCE30Jan201700PE.NFO,07/01/2020,14:58:38,175.25,170.2,9000,178.35,9000,0,26500
RELIANCE30Jan201700PE.NFO,07/01/2020,14:58:44,175.25,170.2,8000,178.35,9000,0,26500
RELIANCE30Jan201700PE.NFO,07/01/2020,14:58:51,175.25,170.2,9000,178.35,9000,0,26500
RELIANCE30Jan201700PE.NFO,07/01/2020,14:58:59,175.25,170.2,8000,178.35,9000,0,26500
RELIANCE30Jan201700PE.NFO,07/01/2020,14:59:03,175.25,170.2,9000,178.35,9000,0,26500
RELIANCE30Jan201700PE.NFO,07/01/2020,14:59:08,175.25,170.2,5000,178.35,8000,0,26500
RELIANCE30Jan201700PE.NFO,07/01/2020,14:59:14,175.25,170.2,4000,178.35,8000,0,26500
RELIANCE30Jan201700PE.NFO,07/01/2020,14:59:20,175.25,170.2,7000,178.35,8000,0,26500
RELIANCE30Jan201700PE.NFO,07/01/2020,14:59:24,175.25,170.2,6000,178.35,8000,0,26500
RELIANCE30Jan201700PE.NFO,07/01/2020,14:59:28,175.25,170.2,7000,178.35,8000,0,26500
RELIANCE30Jan201700PE.NFO,07/01/2020,14:59:31,175.25,170.2,8000,178.35,8000,0,26500
RELIANCE30Jan201700PE.NFO,07/01/2020,14:59:39,175.25,170.2,5000,178.35,8000,0,26500
RELIANCE30Jan201700PE.NFO,07/01/2020,14:59:42,175.25,170.2,6000,178.35,8000,0,26500
RELIANCE30Jan201700PE.NFO,07/01/2020,14:59:49,175.25,170.8,2500,175.9,500,0,26500
RELIANCE30Jan201700PE.NFO,07/01/2020,14:59:53,175.25,171.2,1000,175.55,500,0,26500
RELIANCE30Jan201700PE.NFO,07/01/2020,14:59:58,175.25,171.7,500,175.3,500,0,26500
RELIANCE30Jan201700PE.NFO,07/01/2020,15:00:06,175.25,170.65,500,174.2,500,0,26500
RELIANCE30Jan201700PE.NFO,07/01/2020,15:00:16,175.25,171.1,500,174.35,500,0,26500
RELIANCE30Jan201700PE.NFO,07/01/2020,15:00:24,175.25,171.15,500,174.8,500,0,26500
RELIANCE30Jan201700PE.NFO,07/01/2020,15:00:31,175.25,171.1,500,174.25,500,0,26500
RELIANCE30Jan201700PE.NFO,07/01/2020,15:00:48,175.25,171.2,500,176.65,3000,0,26500
RELIANCE30Jan201700PE.NFO,07/01/2020,15:00:53,175.25,171.55,500,176.65,3000,0,26500
RELIANCE30Jan201700PE.NFO,07/01/2020,15:00:58,175.25,171.75,500,176.65,1500,0,26500
RELIANCE30Jan201700PE.NFO,07/01/2020,15:01:04,175.25,171.75,500,174.85,500,0,26500
RELIANCE30Jan201700PE.NFO,07/01/2020,15:01:09,175.25,171.75,500,174.7,500,0,26500
RELIANCE30Jan201700PE.NFO,07/01/2020,15:01:14,175.25,171.75,500,174.6,500,0,26500
RELIANCE30Jan201700PE.NFO,07/01/2020,15:01:28,175.25,171.75,500,177.4,8000,0,26500
RELIANCE30Jan201700PE.NFO,07/01/2020,15:01:33,175.25,171.75,500,177.4,9000,0,26500
RELIANCE30Jan201700PE.NFO,07/01/2020,15:01:38,175.25,171.9,500,177.4,4000,0,26500
RELIANCE30Jan201700PE.NFO,07/01/2020,15:01:44,175.25,172.35,500,177.4,3000,0,26500
RELIANCE30Jan201700PE.NFO,07/01/2020,15:01:49,175.25,170.3,2500,177.4,5000,0,26500
RELIANCE30Jan201700PE.NFO,07/01/2020,15:01:54,175.25,170.8,2500,177.4,3000,0,26500
RELIANCE30Jan201700PE.NFO,07/01/2020,15:01:58,175.25,171.3,500,177.4,4000,0,26500
RELIANCE30Jan201700PE.NFO,07/01/2020,15:02:02,175.25,171.75,500,177.4,4000,0,26500
RELIANCE30Jan201700PE.NFO,07/01/2020,15:02:06,175.25,171.95,500,177.4,8000,0,26500
RELIANCE30Jan201700PE.NFO,07/01/2020,15:02:11,175.25,171.95,500,177.4,7000,0,26500
RELIANCE30Jan201700PE.NFO,07/01/2020,15:02:15,175.25,171.95,500,177.4,6000,0,26500
RELIANCE30Jan201700PE.NFO,07/01/2020,15:02:20,175.25,171.95,500,177.4,5000,0,26500
RELIANCE30Jan201700PE.NFO,07/01/2020,15:02:25,175.25,171.95,500,177.4,3000,0,26500
RELIANCE30Jan201700PE.NFO,07/01/2020,15:02:30,175.25,171.95,500,177.4,4000,0,26500
RELIANCE30Jan201700PE.NFO,07/01/2020,15:02:39,175.25,172.05,500,177.4,3000,0,26500
RELIANCE30Jan201700PE.NFO,07/01/2020,15:02:44,175.25,172.15,500,177.4,3000,0,26500
RELIANCE30Jan201700PE.NFO,07/01/2020,15:02:53,175.25,172.15,500,177.4,5000,0,26500
RELIANCE30Jan201700PE.NFO,07/01/2020,15:02:58,175.25,172.15,500,177.4,4000,0,26500
RELIANCE30Jan201700PE.NFO,07/01/2020,15:03:03,175.25,172.15,500,177.4,5000,0,26500
RELIANCE30Jan201700PE.NFO,07/01/2020,15:03:08,175.25,172.15,500,177.4,6000,0,26500
RELIANCE30Jan201700PE.NFO,07/01/2020,15:03:12,175.25,172.15,500,177.4,4000,0,26500
RELIANCE30Jan201700PE.NFO,07/01/2020,15:03:22,175.25,172.15,500,177.4,6000,0,26500
RELIANCE30Jan201700PE.NFO,07/01/2020,15:03:30,175.25,172.15,500,177.4,4000,0,26500
RELIANCE30Jan201700PE.NFO,07/01/2020,15:03:35,175.25,172.15,500,177.4,7000,0,26500
RELIANCE30Jan201700PE.NFO,07/01/2020,15:03:39,175.25,172.15,500,177.4,6000,0,26500
RELIANCE30Jan201700PE.NFO,07/01/2020,15:03:47,175.25,172.15,500,177.4,4000,0,26500
RELIANCE30Jan201700PE.NFO,07/01/2020,15:03:59,175.25,172.8,500,176,500,0,26500
RELIANCE30Jan201700PE.NFO,07/01/2020,15:04:06,175.25,173.05,500,176.15,500,0,26500
RELIANCE30Jan201700PE.NFO,07/01/2020,15:04:12,175.25,173.05,500,175.9,500,0,26500
RELIANCE30Jan201700PE.NFO,07/01/2020,15:04:18,175.25,173.05,500,175.7,500,0,26500
RELIANCE30Jan201700PE.NFO,07/01/2020,15:04:24,175.25,172.1,500,175.55,500,0,26500
RELIANCE30Jan201700PE.NFO,07/01/2020,15:04:30,175.25,172.2,500,175.5,500,0,26500
RELIANCE30Jan201700PE.NFO,07/01/2020,15:04:35,175.25,172.2,500,177.95,9000,0,26500
RELIANCE30Jan201700PE.NFO,07/01/2020,15:04:41,175.25,172.2,500,177.95,8000,0,26500
RELIANCE30Jan201700PE.NFO,07/01/2020,15:04:46,175.25,172.2,500,177.95,9000,0,26500
RELIANCE30Jan201700PE.NFO,07/01/2020,15:05:14,175.25,170.85,500,177.95,9000,0,26500
RELIANCE30Jan201700PE.NFO,07/01/2020,15:05:17,175.25,171.2,500,177.95,9000,0,26500
RELIANCE30Jan201700PE.NFO,07/01/2020,15:05:48,175.25,171.3,500,177.95,9000,0,26500
RELIANCE30Jan201700PE.NFO,07/01/2020,15:05:51,175.25,171.4,500,177.95,9000,0,26500
RELIANCE30Jan201700PE.NFO,07/01/2020,15:06:18,175.25,170.4,500,177.95,9000,0,26500
RELIANCE30Jan201700PE.NFO,07/01/2020,15:06:21,175.25,170.65,500,177.95,9000,0,26500
RELIANCE30Jan201700PE.NFO,07/01/2020,15:07:48,175.25,170.75,500,177.95,9000,0,26500
RELIANCE30Jan201700PE.NFO,07/01/2020,15:08:52,175.25,169.7,500,177.95,9000,0,26500
RELIANCE30Jan201700PE.NFO,07/01/2020,15:08:55,175.25,169.75,500,177.95,9000,0,26500
RELIANCE30Jan201700PE.NFO,07/01/2020,15:08:58,175.25,169.85,500,177.95,9000,0,26500
RELIANCE30Jan201700PE.NFO,07/01/2020,15:09:02,175.25,168.8,500,172.55,500,0,26500
RELIANCE30Jan201700PE.NFO,07/01/2020,15:09:06,175.25,169.1,500,172.9,500,0,26500
RELIANCE30Jan201700PE.NFO,07/01/2020,15:09:11,175.25,169.25,500,172.45,500,0,26500
RELIANCE30Jan201700PE.NFO,07/01/2020,15:09:16,175.25,169.25,500,172.15,500,0,26500
RELIANCE30Jan201700PE.NFO,07/01/2020,15:09:20,175.25,169.25,500,174.9,8000,0,26500
RELIANCE30Jan201700PE.NFO,07/01/2020,15:09:25,175.25,169.25,500,174.9,9000,0,26500
RELIANCE30Jan201700PE.NFO,07/01/2020,15:09:35,175.25,168.5,500,174.9,9000,0,26500
RELIANCE30Jan201700PE.NFO,07/01/2020,15:09:39,175.25,168.65,500,174.9,9000,0,26500
RELIANCE30Jan201700PE.NFO,07/01/2020,15:09:44,175.25,168.85,500,174.9,9000,0,26500
RELIANCE30Jan201700PE.NFO,07/01/2020,15:09:49,175.25,168.95,500,174.9,8000,0,26500
RELIANCE30Jan201700PE.NFO,07/01/2020,15:09:54,175.25,169.05,500,174.9,8000,0,26500
RELIANCE30Jan201700PE.NFO,07/01/2020,15:09:59,175.25,169.05,500,174.9,9000,0,26500
RELIANCE30Jan201700PE.NFO,07/01/2020,15:10:05,175.25,169.25,500,174.9,9000,0,26500
RELIANCE30Jan201700PE.NFO,07/01/2020,15:10:11,175.25,169.25,500,174.9,7000,0,26500
RELIANCE30Jan201700PE.NFO,07/01/2020,15:10:16,175.25,169.4,500,174.9,5000,0,26500
RELIANCE30Jan201700PE.NFO,07/01/2020,15:10:21,175.25,169.7,500,174.9,3000,0,26500
RELIANCE30Jan201700PE.NFO,07/01/2020,15:10:26,175.25,170.3,500,174.9,1500,0,26500
RELIANCE30Jan201700PE.NFO,07/01/2020,15:10:31,175.25,170.45,500,174.9,1500,0,26500
RELIANCE30Jan201700PE.NFO,07/01/2020,15:10:36,175.25,167.7,9000,173.5,500,0,26500
RELIANCE30Jan201700PE.NFO,07/01/2020,15:10:41,175.25,167.7,9000,175.75,7000,0,26500
RELIANCE30Jan201700PE.NFO,07/01/2020,15:10:46,175.25,167.7,6000,175.75,9000,0,26500
RELIANCE30Jan201700PE.NFO,07/01/2020,15:10:52,175.25,167.7,3000,175.75,9000,0,26500
RELIANCE30Jan201700PE.NFO,07/01/2020,15:10:57,175.25,169.15,500,175.75,9000,0,26500
RELIANCE30Jan201700PE.NFO,07/01/2020,15:11:03,175.25,169.4,500,175.75,9000,0,26500
RELIANCE30Jan201700PE.NFO,07/01/2020,15:11:09,175.25,168.3,500,175.75,9000,0,26500
RELIANCE30Jan201700PE.NFO,07/01/2020,15:11:15,175.25,169.1,500,175.75,9000,0,26500
RELIANCE30Jan201700PE.NFO,07/01/2020,15:11:21,175.25,169.4,500,175.75,9000,0,26500
RELIANCE30Jan201700PE.NFO,07/01/2020,15:11:43,175.25,169.7,500,175.75,9000,0,26500
RELIANCE30Jan201700PE.NFO,07/01/2020,15:12:43,175.25,169.8,500,175.75,9000,0,26500
RELIANCE30Jan201700PE.NFO,07/01/2020,15:13:06,175.25,168.4,500,175.75,9000,0,26500
RELIANCE30Jan201700PE.NFO,07/01/2020,15:13:10,175.25,168.8,500,175.75,9000,0,26500
RELIANCE30Jan201700PE.NFO,07/01/2020,15:13:15,175.25,169.05,500,175.75,9000,0,26500
RELIANCE30Jan201700PE.NFO,07/01/2020,15:13:22,175.25,169.15,500,175.75,9000,0,26500
RELIANCE30Jan201700PE.NFO,07/01/2020,15:13:54,175.25,169.25,500,175.75,9000,0,26500
RELIANCE30Jan201700PE.NFO,07/01/2020,15:14:56,175.25,167,1500,175.75,9000,0,26500
RELIANCE30Jan201700PE.NFO,07/01/2020,15:15:02,175.25,167.3,1000,175.75,9000,0,26500
RELIANCE30Jan201700PE.NFO,07/01/2020,15:15:08,175.25,167.95,500,175.75,9000,0,26500
RELIANCE30Jan201700PE.NFO,07/01/2020,15:15:27,175.25,168.15,500,175.75,9000,0,26500
RELIANCE30Jan201700PE.NFO,07/01/2020,15:15:34,175.25,167,500,175.75,9000,0,26500
RELIANCE30Jan201700PE.NFO,07/01/2020,15:15:49,175.25,167.25,500,175.75,9000,0,26500
RELIANCE30Jan201700PE.NFO,07/01/2020,15:15:56,175.25,167.4,500,175.75,9000,0,26500
RELIANCE30Jan201700PE.NFO,07/01/2020,15:16:02,175.25,166.3,1000,175.75,9000,0,26500
RELIANCE30Jan201700PE.NFO,07/01/2020,15:16:37,175.25,166.45,500,175.75,9000,0,26500
RELIANCE30Jan201700PE.NFO,07/01/2020,15:16:43,175.25,166.65,500,175.75,9000,0,26500
RELIANCE30Jan201700PE.NFO,07/01/2020,15:17:01,175.25,166.75,500,175.75,9000,0,26500
RELIANCE30Jan201700PE.NFO,07/01/2020,15:17:25,175.25,165.15,1500,175.75,9000,0,26500
RELIANCE30Jan201700PE.NFO,07/01/2020,15:17:31,175.25,166.6,500,175.75,9000,0,26500
RELIANCE30Jan201700PE.NFO,07/01/2020,15:17:54,175.25,166.85,500,175.75,9000,0,26500
RELIANCE30Jan201700PE.NFO,07/01/2020,15:18:14,175.25,166.95,500,175.75,9000,0,26500
RELIANCE30Jan201700PE.NFO,07/01/2020,15:18:26,175.25,166,500,175.75,9000,0,26500
RELIANCE30Jan201700PE.NFO,07/01/2020,15:18:32,175.25,166.15,500,169.1,500,0,26500
RELIANCE30Jan201700PE.NFO,07/01/2020,15:18:37,175.25,165,500,169.05,500,0,26500
RELIANCE30Jan201700PE.NFO,07/01/2020,15:18:42,175.25,165.25,500,168.55,500,0,26500
RELIANCE30Jan201700PE.NFO,07/01/2020,15:18:47,175.25,165.25,500,168.3,500,0,26500
RELIANCE30Jan201700PE.NFO,07/01/2020,15:18:52,175.25,165.25,500,168.35,500,0,26500
RELIANCE30Jan201700PE.NFO,07/01/2020,15:18:57,175.25,165.25,500,167.9,500,0,26500
RELIANCE30Jan201700PE.NFO,07/01/2020,15:19:03,175.25,163.4,3000,167.8,500,0,26500
RELIANCE30Jan201700PE.NFO,07/01/2020,15:19:09,175.25,163.4,4000,168.35,500,0,26500
RELIANCE30Jan201700PE.NFO,07/01/2020,15:19:15,175.25,163.4,9000,170.55,3000,0,26500
RELIANCE30Jan201700PE.NFO,07/01/2020,15:19:26,175.25,163.4,8000,170.55,3000,0,26500
RELIANCE30Jan201700PE.NFO,07/01/2020,15:19:32,175.25,163.4,9000,170.55,3000,0,26500
RELIANCE30Jan201700PE.NFO,07/01/2020,15:19:42,175.25,163.4,6000,170.55,3000,0,26500
RELIANCE30Jan201700PE.NFO,07/01/2020,15:19:52,175.25,163.4,9000,170.55,3000,0,26500
RELIANCE30Jan201700PE.NFO,07/01/2020,15:19:57,175.25,163.4,5000,170.55,3000,0,26500
RELIANCE30Jan201700PE.NFO,07/01/2020,15:20:18,175.25,163.4,9000,170.55,3000,0,26500
RELIANCE30Jan201700PE.NFO,07/01/2020,15:20:33,175.25,163.4,9000,170.55,1500,0,26500
RELIANCE30Jan201700PE.NFO,07/01/2020,15:20:44,175.25,163.4,9000,169.55,1000,0,26500
RELIANCE30Jan201700PE.NFO,07/01/2020,15:20:51,175.25,163.4,9000,168.9,500,0,26500
RELIANCE30Jan201700PE.NFO,07/01/2020,15:20:57,175.25,163.4,9000,168.8,500,0,26500
RELIANCE30Jan201700PE.NFO,07/01/2020,15:21:02,175.25,163.4,9000,170.95,2500,0,26500
RELIANCE30Jan201700PE.NFO,07/01/2020,15:21:08,175.25,163.4,9000,170.35,1000,0,26500
RELIANCE30Jan201700PE.NFO,07/01/2020,15:21:14,175.25,163.4,9000,169.55,500,0,26500
RELIANCE30Jan201700PE.NFO,07/01/2020,15:21:21,175.25,163.4,9000,169.2,500,0,26500
RELIANCE30Jan201700PE.NFO,07/01/2020,15:21:28,175.25,163.4,9000,171.95,8000,0,26500
RELIANCE30Jan201700PE.NFO,07/01/2020,15:21:34,175.25,163.4,9000,171.95,7000,0,26500
RELIANCE30Jan201700PE.NFO,07/01/2020,15:21:40,175.25,163.4,9000,171.95,8000,0,26500
RELIANCE30Jan201700PE.NFO,07/01/2020,15:21:49,175.25,163.4,9000,171.95,7000,0,26500
RELIANCE30Jan201700PE.NFO,07/01/2020,15:22:11,175.25,163.4,9000,171.95,9000,0,26500
RELIANCE30Jan201700PE.NFO,07/01/2020,15:22:23,175.25,163.4,9000,171.95,7000,0,26500
RELIANCE30Jan201700PE.NFO,07/01/2020,15:22:29,175.25,163.4,9000,171.95,8000,0,26500
RELIANCE30Jan201700PE.NFO,07/01/2020,15:22:35,175.25,163.4,9000,171.95,9000,0,26500
RELIANCE30Jan201700PE.NFO,07/01/2020,15:22:42,175.25,163.4,9000,171.95,8000,0,26500
RELIANCE30Jan201700PE.NFO,07/01/2020,15:22:48,175.25,163.4,9000,171.25,2500,0,26500
RELIANCE30Jan201700PE.NFO,07/01/2020,15:22:53,175.25,163.4,9000,170.75,1000,0,26500
RELIANCE30Jan201700PE.NFO,07/01/2020,15:22:59,175.25,163.4,9000,169.95,1000,0,26500
RELIANCE30Jan201700PE.NFO,07/01/2020,15:23:07,175.25,163.4,9000,169.15,500,0,26500
RELIANCE30Jan201700PE.NFO,07/01/2020,15:23:14,175.25,163.4,9000,169.1,500,0,26500
RELIANCE30Jan201700PE.NFO,07/01/2020,15:23:22,175.25,163.4,9000,169.15,500,0,26500
RELIANCE30Jan201700PE.NFO,07/01/2020,15:23:29,175.25,163.4,9000,170.15,1000,0,26500
RELIANCE30Jan201700PE.NFO,07/01/2020,15:23:36,175.25,163.4,9000,169.35,1000,0,26500
RELIANCE30Jan201700PE.NFO,07/01/2020,15:23:43,175.25,163.4,9000,168.65,500,0,26500
RELIANCE30Jan201700PE.NFO,07/01/2020,15:23:50,175.25,163.4,9000,171,3000,0,26500
RELIANCE30Jan201700PE.NFO,07/01/2020,15:23:56,175.25,163.4,9000,171,7000,0,26500
RELIANCE30Jan201700PE.NFO,07/01/2020,15:24:08,175.25,163.4,9000,171,6000,0,26500
RELIANCE30Jan201700PE.NFO,07/01/2020,15:24:13,175.25,163.4,9000,171,7000,0,26500
RELIANCE30Jan201700PE.NFO,07/01/2020,15:24:19,175.25,163.4,6000,171,7000,0,26500
RELIANCE30Jan201700PE.NFO,07/01/2020,15:24:24,175.25,163.4,9000,171,7000,0,26500
RELIANCE30Jan201700PE.NFO,07/01/2020,15:24:29,175.25,163.4,7000,171,7000,0,26500
RELIANCE30Jan201700PE.NFO,07/01/2020,15:24:35,175.25,163.4,9000,171,7000,0,26500
RELIANCE30Jan201700PE.NFO,07/01/2020,15:24:39,175.25,163.4,7000,171,7000,0,26500
RELIANCE30Jan201700PE.NFO,07/01/2020,15:24:43,175.25,163.4,6000,171,7000,0,26500
RELIANCE30Jan201700PE.NFO,07/01/2020,15:24:48,175.25,163.4,9000,171,7000,0,26500
RELIANCE30Jan201700PE.NFO,07/01/2020,15:25:08,175.25,163.4,9000,171,3000,0,26500
RELIANCE30Jan201700PE.NFO,07/01/2020,15:27:46,175.25,163.4,9000,171,4000,0,26500
RELIANCE30Jan201700PE.NFO,07/01/2020,15:27:50,175.25,163.4,9000,171,3000,0,26500
RELIANCE30Jan201700PE.NFO,07/01/2020,15:28:03,175.25,163.4,9000,171,7000,0,26500
RELIANCE30Jan201700PE.NFO,07/01/2020,15:28:09,175.25,163.4,9000,171,8000,0,26500
RELIANCE30Jan201700PE.NFO,07/01/2020,15:28:14,175.25,163.4,9000,171,7000,0,26500
RELIANCE30Jan201700PE.NFO,07/01/2020,15:28:30,175.25,163.4,9000,171,6000,0,26500
RELIANCE30Jan201700PE.NFO,07/01/2020,15:28:36,175.25,163.4,9000,171,7000,0,26500
RELIANCE30Jan201700PE.NFO,07/01/2020,15:28:49,175.25,163.4,8500,171,2500,0,26500
RELIANCE30Jan201700PE.NFO,07/01/2020,15:29:00,175.25,163.4,8500,171,3500,0,26500
RELIANCE30Jan201700PE.NFO,07/01/2020,15:29:06,175.25,163.4,8000,171,3000,0,26500
RELIANCE30Jan201700PE.NFO,07/01/2020,15:29:14,175.25,163.4,8000,171,2000,0,26500
RELIANCE30Jan201700PE.NFO,07/01/2020,15:29:35,175.25,163.4,7500,171,2500,0,26000
RELIANCE30Jan201700PE.NFO,07/01/2020,15:29:42,175.25,163.4,7500,173.45,7500,0,26000
