Ticker,Date,Time,LTP,BuyPrice,BuyQty,SellPrice,SellQty,LTQ,OpenInterest
RELIANCE30Jan201680CE.NFO,07/01/2020,09:17:36,3,2.25,500,5.35,500,500,114500
RELIANCE30Jan201680CE.NFO,07/01/2020,09:17:36,3,2.25,500,5.35,500,0,114500
RELIANCE30Jan201680CE.NFO,07/01/2020,09:17:36,3,2.25,500,5.35,500,0,114500
RELIANCE30Jan201680CE.NFO,07/01/2020,09:17:36,3,2.25,500,5.35,500,0,114500
RELIANCE30Jan201680CE.NFO,07/01/2020,09:17:47,3,2.45,500,5.35,500,0,114500
RELIANCE30Jan201680CE.NFO,07/01/2020,09:17:57,3,2.75,500,5.35,3000,0,114500
RELIANCE30Jan201680CE.NFO,07/01/2020,09:18:24,3,2.75,500,5.15,500,0,114500
RELIANCE30Jan201680CE.NFO,07/01/2020,09:18:33,3,2.85,500,5.15,500,0,114500
RELIANCE30Jan201680CE.NFO,07/01/2020,09:18:52,3.25,2.45,500,4.95,500,500,114500
RELIANCE30Jan201680CE.NFO,07/01/2020,09:18:52,3.25,2.45,500,4.95,500,0,114500
RELIANCE30Jan201680CE.NFO,07/01/2020,09:19:00,3.25,2.45,500,4.95,500,0,114500
RELIANCE30Jan201680CE.NFO,07/01/2020,09:19:18,3.25,3.2,500,4.6,5500,0,114500
RELIANCE30Jan201680CE.NFO,07/01/2020,09:19:26,3.25,3.15,5500,4.45,5500,0,114500
RELIANCE30Jan201680CE.NFO,07/01/2020,09:19:35,3.25,3.2,500,4.5,6000,0,114500
RELIANCE30Jan201680CE.NFO,07/01/2020,09:19:43,3.25,3.55,500,4.2,5500,0,114500
RELIANCE30Jan201680CE.NFO,07/01/2020,09:19:51,3.25,3.55,500,4.45,5500,0,114500
RELIANCE30Jan201680CE.NFO,07/01/2020,09:19:59,3.25,3.55,2000,4.45,5500,0,114500
RELIANCE30Jan201680CE.NFO,07/01/2020,09:20:07,3.25,3.6,2000,4.2,5500,0,114500
RELIANCE30Jan201680CE.NFO,07/01/2020,09:20:12,3.25,3.7,500,4.4,5500,0,114500
RELIANCE30Jan201680CE.NFO,07/01/2020,09:20:13,3.25,3.7,500,4,5500,0,114500
RELIANCE30Jan201680CE.NFO,07/01/2020,09:20:14,3.25,3.7,500,4.55,5500,0,114500
RELIANCE30Jan201680CE.NFO,07/01/2020,09:20:15,3.25,3.7,500,4.25,5500,0,114500
RELIANCE30Jan201680CE.NFO,07/01/2020,09:20:16,3.25,3.7,500,4.55,5500,0,114500
RELIANCE30Jan201680CE.NFO,07/01/2020,09:20:18,3.25,3.7,500,4.6,500,0,114500
RELIANCE30Jan201680CE.NFO,07/01/2020,09:20:19,3.25,3.7,500,4.25,5500,0,114500
RELIANCE30Jan201680CE.NFO,07/01/2020,09:20:20,3.25,3.7,500,4.55,5500,0,114500
RELIANCE30Jan201680CE.NFO,07/01/2020,09:20:21,3.25,3.7,500,4.35,5500,0,114500
RELIANCE30Jan201680CE.NFO,07/01/2020,09:20:22,3.25,3.7,500,4.55,5500,0,114500
RELIANCE30Jan201680CE.NFO,07/01/2020,09:20:23,3.25,3.7,500,4.5,5500,0,114500
RELIANCE30Jan201680CE.NFO,07/01/2020,09:20:24,3.25,3.7,500,4,5500,0,114500
RELIANCE30Jan201680CE.NFO,07/01/2020,09:20:25,3.25,3.7,500,4.5,5500,0,114500
RELIANCE30Jan201680CE.NFO,07/01/2020,09:20:26,3.25,3.7,500,4.15,5500,0,114500
RELIANCE30Jan201680CE.NFO,07/01/2020,09:20:27,3.25,3.7,500,4.5,2000,0,114500
RELIANCE30Jan201680CE.NFO,07/01/2020,09:20:28,3.25,3.7,500,4.45,2000,0,114500
RELIANCE30Jan201680CE.NFO,07/01/2020,09:20:29,3.25,3.7,500,4.5,2000,0,114500
RELIANCE30Jan201680CE.NFO,07/01/2020,09:20:30,3.25,3.7,500,4.05,5500,0,114500
RELIANCE30Jan201680CE.NFO,07/01/2020,09:20:31,3.25,3.7,500,4.35,5500,0,114500
RELIANCE30Jan201680CE.NFO,07/01/2020,09:20:32,3.25,3.7,500,3.95,5500,0,114500
RELIANCE30Jan201680CE.NFO,07/01/2020,09:20:33,3.25,3.7,500,4,5500,0,114500
RELIANCE30Jan201680CE.NFO,07/01/2020,09:20:34,3.25,3.7,500,3.9,5500,0,114500
RELIANCE30Jan201680CE.NFO,07/01/2020,09:20:35,3.25,3.7,500,4,5500,0,114500
RELIANCE30Jan201680CE.NFO,07/01/2020,09:20:36,3.25,3.7,500,4.3,2000,0,114500
RELIANCE30Jan201680CE.NFO,07/01/2020,09:20:37,3.25,3.7,2000,4.2,5500,0,114500
RELIANCE30Jan201680CE.NFO,07/01/2020,09:20:38,3.25,3.7,2000,5.25,6000,0,114500
RELIANCE30Jan201680CE.NFO,07/01/2020,09:20:39,3.25,3.7,2000,5.15,6000,0,114500
RELIANCE30Jan201680CE.NFO,07/01/2020,09:20:40,3.25,3.7,2000,4.5,5500,0,114500
RELIANCE30Jan201680CE.NFO,07/01/2020,09:20:42,3.25,3.7,2000,4.55,6000,0,114500
RELIANCE30Jan201680CE.NFO,07/01/2020,09:20:43,3.25,3.7,2000,4.2,5500,0,114500
RELIANCE30Jan201680CE.NFO,07/01/2020,09:20:44,3.25,3.7,2000,3.95,5500,0,114500
RELIANCE30Jan201680CE.NFO,07/01/2020,09:20:45,3.25,3.7,2000,3.9,5000,0,114500
RELIANCE30Jan201680CE.NFO,07/01/2020,09:20:46,3.25,3.7,2000,4.5,5500,0,114500
RELIANCE30Jan201680CE.NFO,07/01/2020,09:20:48,3.25,3.7,2000,4.15,5500,0,114500
RELIANCE30Jan201680CE.NFO,07/01/2020,09:20:49,3.25,3.7,2000,4.5,2000,0,114500
RELIANCE30Jan201680CE.NFO,07/01/2020,09:20:50,3.25,3.7,2000,4.5,5500,0,114500
RELIANCE30Jan201680CE.NFO,07/01/2020,09:20:52,3.25,3.7,2000,4.4,5500,0,114500
RELIANCE30Jan201680CE.NFO,07/01/2020,09:20:53,3.25,3.7,2000,4.5,5500,0,114500
RELIANCE30Jan201680CE.NFO,07/01/2020,09:20:54,3.25,3.7,2000,4.25,5500,0,114500
RELIANCE30Jan201680CE.NFO,07/01/2020,09:20:55,3.25,3.7,2000,4.6,5500,0,114500
RELIANCE30Jan201680CE.NFO,07/01/2020,09:20:56,3.25,3.7,2000,4.25,5500,0,114500
RELIANCE30Jan201680CE.NFO,07/01/2020,09:20:57,3.25,3.7,2000,4.45,5500,0,114500
RELIANCE30Jan201680CE.NFO,07/01/2020,09:20:58,3.25,3.7,2000,4,5500,0,114500
RELIANCE30Jan201680CE.NFO,07/01/2020,09:20:59,3.25,3.7,2000,4.45,5500,0,114500
RELIANCE30Jan201680CE.NFO,07/01/2020,09:21:02,3.25,3.7,500,4.45,5500,0,114500
RELIANCE30Jan201680CE.NFO,07/01/2020,09:21:03,3.25,3.7,500,4.95,5500,0,114500
RELIANCE30Jan201680CE.NFO,07/01/2020,09:21:04,3.25,3.7,500,4.4,5500,0,114500
RELIANCE30Jan201680CE.NFO,07/01/2020,09:21:05,3.25,3.7,500,4.55,5500,0,114500
RELIANCE30Jan201680CE.NFO,07/01/2020,09:21:06,3.25,3.7,500,4.4,5500,0,114500
RELIANCE30Jan201680CE.NFO,07/01/2020,09:21:07,3.25,3.7,2000,4.55,5500,0,114500
RELIANCE30Jan201680CE.NFO,07/01/2020,09:21:08,3.25,3.7,2000,4.5,5500,0,114500
RELIANCE30Jan201680CE.NFO,07/01/2020,09:21:09,3.25,3.7,2000,4.4,5500,0,114500
RELIANCE30Jan201680CE.NFO,07/01/2020,09:21:10,3.25,3.7,2000,4.45,5500,0,114500
RELIANCE30Jan201680CE.NFO,07/01/2020,09:21:12,3.25,3.7,2500,4.1,2000,0,114500
RELIANCE30Jan201680CE.NFO,07/01/2020,09:21:13,3.25,3.7,2500,4.45,5500,0,114500
RELIANCE30Jan201680CE.NFO,07/01/2020,09:21:14,3.25,3.7,2500,4.5,5500,0,114500
RELIANCE30Jan201680CE.NFO,07/01/2020,09:21:15,3.25,3.7,2500,4.2,5500,0,114500
RELIANCE30Jan201680CE.NFO,07/01/2020,09:21:16,3.25,3.7,2500,4.5,2000,0,114500
RELIANCE30Jan201680CE.NFO,07/01/2020,09:21:17,3.25,3.7,2500,5,500,0,114500
RELIANCE30Jan201680CE.NFO,07/01/2020,09:21:18,3.25,3.7,2500,4.45,5500,0,114500
RELIANCE30Jan201680CE.NFO,07/01/2020,09:21:19,3.25,3.7,2500,4.15,5500,0,114500
RELIANCE30Jan201680CE.NFO,07/01/2020,09:21:20,3.25,3.7,2500,4,5500,0,114500
RELIANCE30Jan201680CE.NFO,07/01/2020,09:21:21,3.25,3.7,2500,3.95,5500,0,114500
RELIANCE30Jan201680CE.NFO,07/01/2020,09:21:22,3.25,3.7,2500,3.9,4500,0,114500
RELIANCE30Jan201680CE.NFO,07/01/2020,09:21:23,3.25,3.7,2500,4.2,5500,0,114500
RELIANCE30Jan201680CE.NFO,07/01/2020,09:21:25,3.25,3.7,2500,4.15,2000,0,114500
RELIANCE30Jan201680CE.NFO,07/01/2020,09:21:26,3.25,3.7,2500,4.05,5500,0,114500
RELIANCE30Jan201680CE.NFO,07/01/2020,09:21:27,3.25,3.7,2500,4.2,5500,0,114500
RELIANCE30Jan201680CE.NFO,07/01/2020,09:21:28,3.25,3.7,2500,3.95,5500,0,114500
RELIANCE30Jan201680CE.NFO,07/01/2020,09:21:29,3.25,3.7,2500,4.1,5500,0,114500
RELIANCE30Jan201680CE.NFO,07/01/2020,09:21:30,3.25,3.7,2500,4.2,5500,0,114500
RELIANCE30Jan201680CE.NFO,07/01/2020,09:21:31,3.25,3.7,2500,4.3,5500,0,114500
RELIANCE30Jan201680CE.NFO,07/01/2020,09:21:32,3.25,3.75,1500,5.25,500,0,114500
RELIANCE30Jan201680CE.NFO,07/01/2020,09:21:33,3.25,3.8,500,4.3,5500,0,114500
RELIANCE30Jan201680CE.NFO,07/01/2020,09:21:34,3.25,3.8,500,4.1,5500,0,114500
RELIANCE30Jan201680CE.NFO,07/01/2020,09:21:35,3.25,3.8,500,4.05,2000,0,114500
RELIANCE30Jan201680CE.NFO,07/01/2020,09:21:36,3.25,3.8,500,3.9,3000,0,114500
RELIANCE30Jan201680CE.NFO,07/01/2020,09:21:37,3.25,3.8,500,4.05,5500,0,114500
RELIANCE30Jan201680CE.NFO,07/01/2020,09:21:38,3.25,3.8,500,4.25,2000,0,114500
RELIANCE30Jan201680CE.NFO,07/01/2020,09:21:39,3.25,3.75,500,4.25,2000,0,114500
RELIANCE30Jan201680CE.NFO,07/01/2020,09:21:40,3.25,3.75,500,4.15,5500,0,114500
RELIANCE30Jan201680CE.NFO,07/01/2020,09:21:41,3.25,3.75,500,4.35,2000,0,114500
RELIANCE30Jan201680CE.NFO,07/01/2020,09:21:42,3.25,3.75,500,4.05,5500,0,114500
RELIANCE30Jan201680CE.NFO,07/01/2020,09:21:43,3.25,3.75,500,3.95,6000,0,114500
RELIANCE30Jan201680CE.NFO,07/01/2020,09:21:44,3.25,3.75,500,4.1,5500,0,114500
RELIANCE30Jan201680CE.NFO,07/01/2020,09:21:45,3.25,3.75,2000,4.1,5500,0,114500
RELIANCE30Jan201680CE.NFO,07/01/2020,09:21:46,3.25,3.75,2000,4.15,5500,0,114500
RELIANCE30Jan201680CE.NFO,07/01/2020,09:21:47,3.25,3.75,500,3.95,5500,0,114500
RELIANCE30Jan201680CE.NFO,07/01/2020,09:21:48,3.25,3.75,500,4.1,2000,0,114500
RELIANCE30Jan201680CE.NFO,07/01/2020,09:21:49,3.25,3.75,500,3.95,5500,0,114500
RELIANCE30Jan201680CE.NFO,07/01/2020,09:21:50,3.25,3.75,500,4.05,5500,0,114500
RELIANCE30Jan201680CE.NFO,07/01/2020,09:21:51,3.25,3.75,500,4.2,5500,0,114500
RELIANCE30Jan201680CE.NFO,07/01/2020,09:21:52,3.25,3.75,500,4,5500,0,114500
RELIANCE30Jan201680CE.NFO,07/01/2020,09:21:53,3.25,3.75,500,3.9,4000,0,114500
RELIANCE30Jan201680CE.NFO,07/01/2020,09:21:54,3.25,3.75,500,3.95,5500,0,114500
RELIANCE30Jan201680CE.NFO,07/01/2020,09:21:55,3.25,3.75,500,4.3,2000,0,114500
RELIANCE30Jan201680CE.NFO,07/01/2020,09:21:56,3.25,3.75,500,4.1,5500,0,114500
RELIANCE30Jan201680CE.NFO,07/01/2020,09:21:57,3.25,3.75,500,4.25,5500,0,114500
RELIANCE30Jan201680CE.NFO,07/01/2020,09:21:58,3.25,3.75,500,4.4,2000,0,114500
RELIANCE30Jan201680CE.NFO,07/01/2020,09:21:59,3.25,3.75,500,4.3,5500,0,114500
RELIANCE30Jan201680CE.NFO,07/01/2020,09:22:00,3.25,3.75,500,4.4,500,0,114500
RELIANCE30Jan201680CE.NFO,07/01/2020,09:22:01,3.25,3.75,500,4.2,5500,0,114500
RELIANCE30Jan201680CE.NFO,07/01/2020,09:22:02,4,3.75,500,4.2,5500,500,114500
RELIANCE30Jan201680CE.NFO,07/01/2020,09:22:02,4,3.75,500,4.2,5500,0,114500
RELIANCE30Jan201680CE.NFO,07/01/2020,09:22:03,4,3.75,500,4.1,5500,0,114500
RELIANCE30Jan201680CE.NFO,07/01/2020,09:22:04,4,3.75,2000,4.4,5500,0,114500
RELIANCE30Jan201680CE.NFO,07/01/2020,09:22:05,4,3.75,500,4.45,2000,0,114500
RELIANCE30Jan201680CE.NFO,07/01/2020,09:22:06,4,3.75,500,4.35,5500,0,114500
RELIANCE30Jan201680CE.NFO,07/01/2020,09:22:07,4,3.75,500,4.05,500,0,114500
RELIANCE30Jan201680CE.NFO,07/01/2020,09:22:08,4,3.75,500,4.3,2000,0,114500
RELIANCE30Jan201680CE.NFO,07/01/2020,09:22:09,4,3.75,500,4.1,5500,0,114500
RELIANCE30Jan201680CE.NFO,07/01/2020,09:22:10,4,3.75,500,4.05,5500,0,114500
RELIANCE30Jan201680CE.NFO,07/01/2020,09:22:11,4,3.75,500,4.35,5500,0,114500
RELIANCE30Jan201680CE.NFO,07/01/2020,09:22:12,4,3.75,500,4.75,5500,0,114500
RELIANCE30Jan201680CE.NFO,07/01/2020,09:22:20,3.8,3.75,500,4.65,500,1000,114500
RELIANCE30Jan201680CE.NFO,07/01/2020,09:22:27,3.8,3.75,500,3.95,5500,0,114500
RELIANCE30Jan201680CE.NFO,07/01/2020,09:22:35,3.8,3.45,5500,3.85,2000,0,114500
RELIANCE30Jan201680CE.NFO,07/01/2020,09:22:42,3.8,3.65,5500,4.4,6000,0,114500
RELIANCE30Jan201680CE.NFO,07/01/2020,09:22:49,3.8,3.75,500,4,2000,0,114500
RELIANCE30Jan201680CE.NFO,07/01/2020,09:22:56,3.8,3.7,3500,4.15,500,0,114500
RELIANCE30Jan201680CE.NFO,07/01/2020,09:23:04,3.8,3.55,5500,4.05,5500,0,114500
RELIANCE30Jan201680CE.NFO,07/01/2020,09:23:12,3.8,3.6,5500,3.9,2000,0,114500
RELIANCE30Jan201680CE.NFO,07/01/2020,09:23:13,3.8,3.65,2000,3.9,2000,0,114500
RELIANCE30Jan201680CE.NFO,07/01/2020,09:23:14,3.8,3.55,5500,3.9,2000,0,114500
RELIANCE30Jan201680CE.NFO,07/01/2020,09:23:17,3.8,3.65,5500,3.9,2000,0,114500
RELIANCE30Jan201680CE.NFO,07/01/2020,09:23:20,3.8,3.5,500,4.05,5500,0,114500
RELIANCE30Jan201680CE.NFO,07/01/2020,09:23:21,3.8,3.6,5500,3.95,5500,0,114500
RELIANCE30Jan201680CE.NFO,07/01/2020,09:23:22,3.8,3.65,5500,3.95,2500,0,114500
RELIANCE30Jan201680CE.NFO,07/01/2020,09:23:23,3.8,3.65,5500,3.95,2000,0,114500
RELIANCE30Jan201680CE.NFO,07/01/2020,09:23:24,3.8,3.5,500,3.9,500,0,114500
RELIANCE30Jan201680CE.NFO,07/01/2020,09:23:25,3.8,3.55,5500,3.9,500,0,114500
RELIANCE30Jan201680CE.NFO,07/01/2020,09:23:26,3.8,3.6,5500,3.9,2000,0,114500
RELIANCE30Jan201680CE.NFO,07/01/2020,09:23:28,3.8,3.45,500,3.9,2000,0,114500
RELIANCE30Jan201680CE.NFO,07/01/2020,09:23:29,3.8,3.55,5500,3.9,2000,0,114500
RELIANCE30Jan201680CE.NFO,07/01/2020,09:23:30,3.8,3.6,5500,4.05,5500,0,114500
RELIANCE30Jan201680CE.NFO,07/01/2020,09:23:31,3.8,3.6,5500,3.95,5000,0,114500
RELIANCE30Jan201680CE.NFO,07/01/2020,09:23:32,3.9,3.75,2000,4.05,5500,500,115000
RELIANCE30Jan201680CE.NFO,07/01/2020,09:23:33,3.9,3.75,2000,3.95,4500,0,115000
RELIANCE30Jan201680CE.NFO,07/01/2020,09:23:35,3.9,3.75,500,4.05,5500,0,115000
RELIANCE30Jan201680CE.NFO,07/01/2020,09:23:36,3.9,3.75,500,3.95,5500,0,115000
RELIANCE30Jan201680CE.NFO,07/01/2020,09:23:37,3.9,3.75,2000,4.05,5500,0,115000
RELIANCE30Jan201680CE.NFO,07/01/2020,09:23:42,3.9,3.75,2000,3.95,4000,0,115000
RELIANCE30Jan201680CE.NFO,07/01/2020,09:23:44,3.9,3.75,2000,4.05,5500,0,115000
RELIANCE30Jan201680CE.NFO,07/01/2020,09:23:45,3.9,3.75,2000,3.9,2500,0,115000
RELIANCE30Jan201680CE.NFO,07/01/2020,09:23:46,3.9,3.75,2000,3.9,2000,0,115000
RELIANCE30Jan201680CE.NFO,07/01/2020,09:23:47,3.9,3.75,2000,3.95,4000,0,115000
RELIANCE30Jan201680CE.NFO,07/01/2020,09:23:48,3.9,3.75,2000,4,2000,0,115000
RELIANCE30Jan201680CE.NFO,07/01/2020,09:23:49,3.9,3.75,2000,3.9,2000,0,115000
RELIANCE30Jan201680CE.NFO,07/01/2020,09:23:50,3.9,3.75,2000,4,2000,0,115000
RELIANCE30Jan201680CE.NFO,07/01/2020,09:23:52,3.9,3.75,2000,3.95,2000,0,115000
RELIANCE30Jan201680CE.NFO,07/01/2020,09:23:53,3.9,3.75,2000,3.95,4500,0,115000
RELIANCE30Jan201680CE.NFO,07/01/2020,09:23:56,3.9,3.75,2000,4.05,5500,0,115000
RELIANCE30Jan201680CE.NFO,07/01/2020,09:23:57,3.9,3.75,2000,3.95,5000,0,115000
RELIANCE30Jan201680CE.NFO,07/01/2020,09:23:58,3.9,3.75,2000,4.05,5500,0,115000
RELIANCE30Jan201680CE.NFO,07/01/2020,09:23:59,3.9,3.75,2000,3.95,5500,0,115000
RELIANCE30Jan201680CE.NFO,07/01/2020,09:24:01,3.9,3.75,2000,4.05,5500,0,115000
RELIANCE30Jan201680CE.NFO,07/01/2020,09:24:02,3.9,3.75,2000,4,500,0,115000
RELIANCE30Jan201680CE.NFO,07/01/2020,09:24:03,3.9,3.75,2000,3.9,3000,0,115000
RELIANCE30Jan201680CE.NFO,07/01/2020,09:24:04,3.9,3.75,1500,3.9,3000,0,115000
RELIANCE30Jan201680CE.NFO,07/01/2020,09:24:05,3.9,3.55,2000,4.05,5500,0,115000
RELIANCE30Jan201680CE.NFO,07/01/2020,09:24:06,3.9,3.6,5500,3.9,3500,0,115000
RELIANCE30Jan201680CE.NFO,07/01/2020,09:24:07,3.9,3.75,2000,3.9,3500,0,115000
RELIANCE30Jan201680CE.NFO,07/01/2020,09:24:08,3.9,3.65,5500,4.05,5500,0,115000
RELIANCE30Jan201680CE.NFO,07/01/2020,09:24:10,3.9,3.7,5500,4,500,0,115000
RELIANCE30Jan201680CE.NFO,07/01/2020,09:24:11,3.9,3.65,5500,4.05,5500,0,115000
RELIANCE30Jan201680CE.NFO,07/01/2020,09:24:18,3.9,3.6,5500,3.9,500,0,115000
RELIANCE30Jan201680CE.NFO,07/01/2020,09:24:25,3.9,3.65,5500,3.95,2500,0,115000
RELIANCE30Jan201680CE.NFO,07/01/2020,09:24:32,3.9,3.8,3500,3.95,2000,0,115000
RELIANCE30Jan201680CE.NFO,07/01/2020,09:24:38,3.9,3.6,2000,3.95,2000,0,115000
RELIANCE30Jan201680CE.NFO,07/01/2020,09:24:44,3.9,3.85,1500,3.95,500,0,115000
RELIANCE30Jan201680CE.NFO,07/01/2020,09:24:50,3.9,3.65,5500,3.95,500,0,115000
RELIANCE30Jan201680CE.NFO,07/01/2020,09:24:57,3.9,3.75,6000,3.95,2000,0,115000
RELIANCE30Jan201680CE.NFO,07/01/2020,09:25:03,3.9,3.65,5500,3.95,500,0,115000
RELIANCE30Jan201680CE.NFO,07/01/2020,09:25:11,3.9,3.7,5500,3.95,500,500,115000
RELIANCE30Jan201680CE.NFO,07/01/2020,09:25:18,3.9,3.7,5500,3.95,2000,0,115000
RELIANCE30Jan201680CE.NFO,07/01/2020,09:25:25,3.9,3.65,500,3.95,500,0,115000
RELIANCE30Jan201680CE.NFO,07/01/2020,09:25:32,3.9,3.65,2000,3.95,2500,0,115000
RELIANCE30Jan201680CE.NFO,07/01/2020,09:25:39,3.9,3.6,5500,3.95,500,0,115000
RELIANCE30Jan201680CE.NFO,07/01/2020,09:25:47,3.9,3.65,5500,3.95,500,0,115000
RELIANCE30Jan201680CE.NFO,07/01/2020,09:26:02,3.9,3.8,4000,3.95,2000,0,115000
RELIANCE30Jan201680CE.NFO,07/01/2020,09:26:10,3.9,3.75,5000,3.95,2000,0,115000
RELIANCE30Jan201680CE.NFO,07/01/2020,09:26:18,3.9,3.6,5500,3.95,2000,0,115000
RELIANCE30Jan201680CE.NFO,07/01/2020,09:26:44,3.9,3.75,5500,4,500,0,115000
RELIANCE30Jan201680CE.NFO,07/01/2020,09:26:50,3.9,3.65,500,3.95,500,500,115000
RELIANCE30Jan201680CE.NFO,07/01/2020,09:26:56,3.9,3.65,500,4,2000,0,115000
RELIANCE30Jan201680CE.NFO,07/01/2020,09:27:01,3.9,3.9,500,4,2500,0,115000
RELIANCE30Jan201680CE.NFO,07/01/2020,09:27:06,3.9,3.9,2000,4.05,6000,0,115000
RELIANCE30Jan201680CE.NFO,07/01/2020,09:27:11,3.9,3.85,4000,4,1500,0,115000
RELIANCE30Jan201680CE.NFO,07/01/2020,09:27:18,3.9,3.9,500,4,2500,0,115000
RELIANCE30Jan201680CE.NFO,07/01/2020,09:27:24,3.95,3.9,3000,4,2500,500,115000
RELIANCE30Jan201680CE.NFO,07/01/2020,09:27:31,3.95,3.95,2500,4,4000,500,115000
RELIANCE30Jan201680CE.NFO,07/01/2020,09:27:37,3.95,3.95,1500,4,4000,1000,115000
RELIANCE30Jan201680CE.NFO,07/01/2020,09:27:43,3.95,3.95,1000,4,4000,500,115000
RELIANCE30Jan201680CE.NFO,07/01/2020,09:27:49,3.95,3.95,1000,4,500,0,115000
RELIANCE30Jan201680CE.NFO,07/01/2020,09:28:12,3.95,3.9,1000,3.95,2500,1000,115000
RELIANCE30Jan201680CE.NFO,07/01/2020,09:28:19,3.95,3.85,4500,3.95,1500,1000,115000
RELIANCE30Jan201680CE.NFO,07/01/2020,09:28:25,3.95,3.9,1500,3.95,1500,0,115000
RELIANCE30Jan201680CE.NFO,07/01/2020,09:28:31,3.9,3.85,3500,3.95,3500,500,115000
RELIANCE30Jan201680CE.NFO,07/01/2020,09:28:37,3.9,3.85,3500,3.95,3000,0,115000
RELIANCE30Jan201680CE.NFO,07/01/2020,09:28:43,3.9,3.85,4500,3.95,1500,0,115000
RELIANCE30Jan201680CE.NFO,07/01/2020,09:28:49,3.9,3.9,1500,3.95,1500,500,115000
RELIANCE30Jan201680CE.NFO,07/01/2020,09:28:54,3.9,3.85,4500,3.95,1500,0,115000
RELIANCE30Jan201680CE.NFO,07/01/2020,09:29:00,3.9,3.8,4000,3.95,5000,0,115000
RELIANCE30Jan201680CE.NFO,07/01/2020,09:29:06,3.9,3.85,4500,3.95,3000,0,115000
RELIANCE30Jan201680CE.NFO,07/01/2020,09:29:13,3.9,3.85,1500,3.95,3000,0,115000
RELIANCE30Jan201680CE.NFO,07/01/2020,09:29:19,3.9,3.85,2000,3.95,1500,500,114500
RELIANCE30Jan201680CE.NFO,07/01/2020,09:29:24,3.9,3.85,1500,3.95,1500,0,114500
RELIANCE30Jan201680CE.NFO,07/01/2020,09:29:31,3.9,3.8,4000,3.95,4500,0,114500
RELIANCE30Jan201680CE.NFO,07/01/2020,09:29:37,3.9,3.85,1500,3.95,5000,0,114500
RELIANCE30Jan201680CE.NFO,07/01/2020,09:29:50,3.9,3.85,1500,3.95,3500,0,114500
RELIANCE30Jan201680CE.NFO,07/01/2020,09:30:05,3.9,3.85,2000,3.95,3500,0,114500
RELIANCE30Jan201680CE.NFO,07/01/2020,09:30:12,3.9,3.85,3000,3.95,3500,0,114500
RELIANCE30Jan201680CE.NFO,07/01/2020,09:30:17,3.85,3.85,2000,3.95,2000,500,114500
RELIANCE30Jan201680CE.NFO,07/01/2020,09:30:23,3.85,3.9,500,3.95,2000,0,114500
RELIANCE30Jan201680CE.NFO,07/01/2020,09:30:28,3.9,3.85,3000,3.95,2000,500,114500
RELIANCE30Jan201680CE.NFO,07/01/2020,09:30:34,3.9,3.85,3000,3.95,3500,0,114500
RELIANCE30Jan201680CE.NFO,07/01/2020,09:30:39,3.85,3.8,3000,3.95,5000,500,114500
RELIANCE30Jan201680CE.NFO,07/01/2020,09:30:44,3.85,3.85,500,3.95,5000,0,114500
RELIANCE30Jan201680CE.NFO,07/01/2020,09:30:50,3.85,3.85,1500,3.95,5000,0,114500
RELIANCE30Jan201680CE.NFO,07/01/2020,09:30:55,3.85,3.85,2000,3.95,3500,0,114500
RELIANCE30Jan201680CE.NFO,07/01/2020,09:30:59,3.85,3.85,1500,3.95,3500,0,114500
RELIANCE30Jan201680CE.NFO,07/01/2020,09:31:05,3.85,3.9,500,3.95,2000,0,114500
RELIANCE30Jan201680CE.NFO,07/01/2020,09:31:11,3.85,3.85,2000,3.95,3500,0,114500
RELIANCE30Jan201680CE.NFO,07/01/2020,09:31:17,3.9,3.85,2500,3.95,1500,500,114500
RELIANCE30Jan201680CE.NFO,07/01/2020,09:31:23,3.9,3.85,2000,3.95,3000,0,114500
RELIANCE30Jan201680CE.NFO,07/01/2020,09:31:29,3.85,3.8,1000,3.85,1500,3500,114500
RELIANCE30Jan201680CE.NFO,07/01/2020,09:31:34,3.85,3.8,2500,3.9,1000,500,114500
RELIANCE30Jan201680CE.NFO,07/01/2020,09:31:40,3.85,3.8,2500,3.9,1000,0,114500
RELIANCE30Jan201680CE.NFO,07/01/2020,09:31:51,3.85,3.8,2000,3.9,1000,0,114500
RELIANCE30Jan201680CE.NFO,07/01/2020,09:32:03,3.85,3.8,2000,3.9,3500,0,114500
RELIANCE30Jan201680CE.NFO,07/01/2020,09:32:16,3.85,3.8,500,3.9,3000,0,114500
RELIANCE30Jan201680CE.NFO,07/01/2020,09:32:23,3.85,3.85,3000,4,4000,3000,115500
RELIANCE30Jan201680CE.NFO,07/01/2020,09:32:30,3.85,3.9,500,4,2500,0,115500
RELIANCE30Jan201680CE.NFO,07/01/2020,09:32:36,3.95,3.9,500,4,3000,1000,115500
RELIANCE30Jan201680CE.NFO,07/01/2020,09:32:43,3.95,3.9,2000,4,500,0,115500
RELIANCE30Jan201680CE.NFO,07/01/2020,09:32:49,3.95,3.9,500,4,5000,0,115500
RELIANCE30Jan201680CE.NFO,07/01/2020,09:32:55,3.95,3.9,2000,3.95,500,0,115500
RELIANCE30Jan201680CE.NFO,07/01/2020,09:33:06,3.95,3.9,2000,4,1000,500,115500
RELIANCE30Jan201680CE.NFO,07/01/2020,09:33:13,3.95,3.9,500,4,4500,0,115500
RELIANCE30Jan201680CE.NFO,07/01/2020,09:33:32,3.95,3.95,500,4,1000,0,115500
RELIANCE30Jan201680CE.NFO,07/01/2020,09:33:37,3.95,3.9,3000,4.05,4500,1500,115500
RELIANCE30Jan201680CE.NFO,07/01/2020,09:33:42,3.95,3.9,2500,4.05,4500,0,115500
RELIANCE30Jan201680CE.NFO,07/01/2020,09:33:48,4,3.9,2500,4,2000,500,115500
RELIANCE30Jan201680CE.NFO,07/01/2020,09:33:53,4,3.95,3000,4.05,1500,0,115500
RELIANCE30Jan201680CE.NFO,07/01/2020,09:33:58,4,3.9,4000,4.05,3500,0,115500
RELIANCE30Jan201680CE.NFO,07/01/2020,09:34:04,4,3.9,3500,4.05,4500,0,115500
RELIANCE30Jan201680CE.NFO,07/01/2020,09:34:09,4,3.95,500,4,2000,0,115500
RELIANCE30Jan201680CE.NFO,07/01/2020,09:34:15,4,3.95,500,4.05,4500,0,115500
RELIANCE30Jan201680CE.NFO,07/01/2020,09:34:20,4,3.95,500,4,1500,0,115500
RELIANCE30Jan201680CE.NFO,07/01/2020,09:34:27,4,3.95,500,4,2000,0,115500
RELIANCE30Jan201680CE.NFO,07/01/2020,09:34:33,3.95,3.85,3000,3.95,500,500,115500
RELIANCE30Jan201680CE.NFO,07/01/2020,09:34:40,3.95,3.85,3000,4,3500,0,115500
RELIANCE30Jan201680CE.NFO,07/01/2020,09:34:46,3.95,3.85,2000,3.95,3500,0,115500
RELIANCE30Jan201680CE.NFO,07/01/2020,09:34:52,3.95,3.85,3000,3.95,1000,500,115500
RELIANCE30Jan201680CE.NFO,07/01/2020,09:34:57,3.9,3.85,2500,3.95,1000,1000,115500
RELIANCE30Jan201680CE.NFO,07/01/2020,09:35:02,3.9,3.9,1500,4,1000,0,115500
RELIANCE30Jan201680CE.NFO,07/01/2020,09:35:08,3.9,3.9,2000,4.05,4000,0,115500
RELIANCE30Jan201680CE.NFO,07/01/2020,09:35:13,3.9,3.85,4000,4,3000,0,115500
RELIANCE30Jan201680CE.NFO,07/01/2020,09:35:19,3.9,3.85,4000,4,2500,0,115500
RELIANCE30Jan201680CE.NFO,07/01/2020,09:35:29,3.9,3.85,3000,3.95,2000,0,115500
RELIANCE30Jan201680CE.NFO,07/01/2020,09:35:36,3.9,3.85,3500,4,2500,0,115500
RELIANCE30Jan201680CE.NFO,07/01/2020,09:35:43,3.9,3.85,1500,3.95,1500,0,115500
RELIANCE30Jan201680CE.NFO,07/01/2020,09:35:51,3.9,4,2000,4.2,5000,0,115500
RELIANCE30Jan201680CE.NFO,07/01/2020,09:35:59,3.9,4.1,500,4.2,5500,0,115500
RELIANCE30Jan201680CE.NFO,07/01/2020,09:36:05,3.9,4.05,2500,4.2,1500,0,115500
RELIANCE30Jan201680CE.NFO,07/01/2020,09:36:12,4.1,4.1,500,4.25,2500,500,118000
RELIANCE30Jan201680CE.NFO,07/01/2020,09:36:12,4.1,4.1,500,4.25,2500,0,118000
RELIANCE30Jan201680CE.NFO,07/01/2020,09:36:18,4.1,4.15,500,4.25,2000,0,118000
RELIANCE30Jan201680CE.NFO,07/01/2020,09:36:24,4.2,4.15,2500,4.3,6000,500,118000
RELIANCE30Jan201680CE.NFO,07/01/2020,09:36:24,4.2,4.15,2500,4.3,6000,0,118000
RELIANCE30Jan201680CE.NFO,07/01/2020,09:36:29,4.2,4.2,500,4.25,2000,1000,118000
RELIANCE30Jan201680CE.NFO,07/01/2020,09:36:29,4.25,4.2,500,4.25,2000,0,118000
RELIANCE30Jan201680CE.NFO,07/01/2020,09:36:35,4.2,4.15,1500,4.25,2000,500,118000
RELIANCE30Jan201680CE.NFO,07/01/2020,09:36:40,4.2,4.15,1500,4.3,2000,0,118000
RELIANCE30Jan201680CE.NFO,07/01/2020,09:36:46,4.2,4.15,3000,4.3,3000,0,118000
RELIANCE30Jan201680CE.NFO,07/01/2020,09:36:51,4.2,4.2,3000,4.3,500,0,118000
RELIANCE30Jan201680CE.NFO,07/01/2020,09:36:57,4.2,4.25,3500,4.4,6500,0,118000
RELIANCE30Jan201680CE.NFO,07/01/2020,09:37:02,4.2,4.2,3500,4.35,3500,0,118000
RELIANCE30Jan201680CE.NFO,07/01/2020,09:37:08,4.2,4.25,3000,4.35,500,0,118000
RELIANCE30Jan201680CE.NFO,07/01/2020,09:37:13,4.2,4.25,3000,4.4,5000,0,118000
RELIANCE30Jan201680CE.NFO,07/01/2020,09:37:18,4.2,4.4,1000,4.5,3500,0,118000
RELIANCE30Jan201680CE.NFO,07/01/2020,09:37:23,4.2,4.4,500,4.5,3500,0,118000
RELIANCE30Jan201680CE.NFO,07/01/2020,09:37:28,4.2,4.4,500,4.45,1000,0,118000
RELIANCE30Jan201680CE.NFO,07/01/2020,09:37:33,4.2,4.4,500,4.45,2000,0,118000
RELIANCE30Jan201680CE.NFO,07/01/2020,09:37:38,4.4,4.35,3500,4.45,500,500,118000
RELIANCE30Jan201680CE.NFO,07/01/2020,09:37:38,4.4,4.35,3500,4.45,500,0,118000
RELIANCE30Jan201680CE.NFO,07/01/2020,09:37:43,4.4,4.35,1000,4.45,2500,500,118000
RELIANCE30Jan201680CE.NFO,07/01/2020,09:37:53,4.4,4.35,3500,4.45,500,500,118000
RELIANCE30Jan201680CE.NFO,07/01/2020,09:37:58,4.45,4.45,500,4.5,500,500,118000
RELIANCE30Jan201680CE.NFO,07/01/2020,09:37:58,4.45,4.45,500,4.5,500,0,118000
RELIANCE30Jan201680CE.NFO,07/01/2020,09:38:03,4.45,4.45,500,4.5,500,0,118000
RELIANCE30Jan201680CE.NFO,07/01/2020,09:38:08,4.45,4.4,2000,4.5,500,0,118000
RELIANCE30Jan201680CE.NFO,07/01/2020,09:38:13,4.45,4.4,2500,4.5,500,0,118000
RELIANCE30Jan201680CE.NFO,07/01/2020,09:38:19,4.45,4.4,2000,4.45,1000,500,117000
RELIANCE30Jan201680CE.NFO,07/01/2020,09:38:24,4.45,4.4,4000,4.5,500,1000,117000
RELIANCE30Jan201680CE.NFO,07/01/2020,09:38:28,4.45,4.45,3000,4.55,3000,0,117000
RELIANCE30Jan201680CE.NFO,07/01/2020,09:38:32,4.5,4.45,2500,4.5,500,500,117000
RELIANCE30Jan201680CE.NFO,07/01/2020,09:38:32,4.5,4.45,2500,4.5,500,0,117000
RELIANCE30Jan201680CE.NFO,07/01/2020,09:38:37,4.5,4.45,2500,4.55,1500,500,117000
RELIANCE30Jan201680CE.NFO,07/01/2020,09:38:42,4.5,4.45,2500,4.55,1500,0,117000
RELIANCE30Jan201680CE.NFO,07/01/2020,09:38:47,4.5,4.45,2500,4.55,3500,0,117000
RELIANCE30Jan201680CE.NFO,07/01/2020,09:38:57,4.5,4.45,2500,4.55,4000,0,117000
RELIANCE30Jan201680CE.NFO,07/01/2020,09:39:02,4.5,4.45,2500,4.55,2000,500,117000
RELIANCE30Jan201680CE.NFO,07/01/2020,09:39:07,4.5,4.45,2500,4.55,3500,0,117000
RELIANCE30Jan201680CE.NFO,07/01/2020,09:39:18,4.5,4.45,3000,4.55,2000,0,117000
RELIANCE30Jan201680CE.NFO,07/01/2020,09:39:23,4.5,4.45,4500,4.55,1000,0,117000
RELIANCE30Jan201680CE.NFO,07/01/2020,09:39:28,4.5,4.5,1000,4.6,2000,0,117000
RELIANCE30Jan201680CE.NFO,07/01/2020,09:39:33,4.5,4.5,1000,4.6,1500,0,117000
RELIANCE30Jan201680CE.NFO,07/01/2020,09:39:38,4.6,4.55,1000,4.65,1500,500,117000
RELIANCE30Jan201680CE.NFO,07/01/2020,09:39:38,4.6,4.55,1000,4.65,1500,0,117000
RELIANCE30Jan201680CE.NFO,07/01/2020,09:39:44,4.6,4.5,4500,4.65,3000,0,117000
RELIANCE30Jan201680CE.NFO,07/01/2020,09:39:50,4.6,4.5,4500,4.65,2000,0,117000
RELIANCE30Jan201680CE.NFO,07/01/2020,09:39:55,4.6,4.5,5000,4.65,2000,0,117000
RELIANCE30Jan201680CE.NFO,07/01/2020,09:40:00,4.65,4.55,2500,4.7,3500,4500,117000
RELIANCE30Jan201680CE.NFO,07/01/2020,09:40:00,4.65,4.55,2500,4.7,3500,0,117000
RELIANCE30Jan201680CE.NFO,07/01/2020,09:40:05,4.7,4.6,1000,4.65,500,1000,117000
RELIANCE30Jan201680CE.NFO,07/01/2020,09:40:05,4.7,4.6,1000,4.65,500,0,117000
RELIANCE30Jan201680CE.NFO,07/01/2020,09:40:12,4.7,4.6,2500,4.75,5500,0,117000
RELIANCE30Jan201680CE.NFO,07/01/2020,09:40:18,4.7,4.6,3000,4.75,2500,0,117000
RELIANCE30Jan201680CE.NFO,07/01/2020,09:40:24,4.75,4.65,2500,4.75,1500,500,117000
RELIANCE30Jan201680CE.NFO,07/01/2020,09:40:24,4.75,4.65,2500,4.75,1500,0,117000
RELIANCE30Jan201680CE.NFO,07/01/2020,09:40:29,4.75,4.65,3500,4.75,500,0,117000
RELIANCE30Jan201680CE.NFO,07/01/2020,09:40:35,4.65,4.65,1000,4.7,2000,1500,117000
RELIANCE30Jan201680CE.NFO,07/01/2020,09:40:41,4.65,4.65,3000,4.75,3000,0,117000
RELIANCE30Jan201680CE.NFO,07/01/2020,09:40:46,4.65,4.65,1500,4.75,2500,0,117000
RELIANCE30Jan201680CE.NFO,07/01/2020,09:40:51,4.65,4.65,2500,4.75,2500,0,117000
RELIANCE30Jan201680CE.NFO,07/01/2020,09:40:57,4.65,4.65,1500,4.75,2500,0,117000
RELIANCE30Jan201680CE.NFO,07/01/2020,09:41:02,4.65,4.65,1500,4.7,500,0,117000
RELIANCE30Jan201680CE.NFO,07/01/2020,09:41:08,4.65,4.65,500,4.7,2000,1000,117000
RELIANCE30Jan201680CE.NFO,07/01/2020,09:41:13,4.65,4.6,500,4.65,500,500,117000
RELIANCE30Jan201680CE.NFO,07/01/2020,09:41:18,4.65,4.6,2000,4.75,4000,500,117000
RELIANCE30Jan201680CE.NFO,07/01/2020,09:41:23,4.65,4.6,2000,4.7,1000,0,117000
RELIANCE30Jan201680CE.NFO,07/01/2020,09:41:29,4.65,4.6,2000,4.7,1500,0,117000
RELIANCE30Jan201680CE.NFO,07/01/2020,09:41:34,4.65,4.6,500,4.7,2500,0,117000
RELIANCE30Jan201680CE.NFO,07/01/2020,09:41:39,4.65,4.6,1500,4.7,2500,500,117500
RELIANCE30Jan201680CE.NFO,07/01/2020,09:41:44,4.65,4.6,2500,4.75,3500,0,117500
RELIANCE30Jan201680CE.NFO,07/01/2020,09:41:49,4.65,4.6,2500,4.75,4000,0,117500
RELIANCE30Jan201680CE.NFO,07/01/2020,09:41:55,4.65,4.6,3000,4.65,1500,0,117500
RELIANCE30Jan201680CE.NFO,07/01/2020,09:42:03,4.65,4.6,500,4.65,500,1000,117500
RELIANCE30Jan201680CE.NFO,07/01/2020,09:42:11,4.65,4.6,500,4.65,500,0,117500
RELIANCE30Jan201680CE.NFO,07/01/2020,09:42:17,4.65,4.65,500,4.7,1000,2000,117500
RELIANCE30Jan201680CE.NFO,07/01/2020,09:42:24,4.65,4.6,500,4.65,500,0,117500
RELIANCE30Jan201680CE.NFO,07/01/2020,09:42:30,4.65,4.7,500,4.75,1000,0,117500
RELIANCE30Jan201680CE.NFO,07/01/2020,09:42:38,4.65,4.7,500,4.8,3500,0,117500
RELIANCE30Jan201680CE.NFO,07/01/2020,09:42:44,4.65,4.65,1500,4.8,2500,0,117500
RELIANCE30Jan201680CE.NFO,07/01/2020,09:42:51,4.65,4.7,1000,4.8,2500,0,117500
RELIANCE30Jan201680CE.NFO,07/01/2020,09:42:58,4.65,4.7,1000,4.8,3000,0,117500
RELIANCE30Jan201680CE.NFO,07/01/2020,09:43:04,4.65,4.65,2500,4.8,4500,0,117500
RELIANCE30Jan201680CE.NFO,07/01/2020,09:43:09,4.65,4.65,3000,4.8,4500,0,117500
RELIANCE30Jan201680CE.NFO,07/01/2020,09:43:14,4.65,4.7,1500,4.8,4000,0,117500
RELIANCE30Jan201680CE.NFO,07/01/2020,09:43:19,4.65,4.75,500,4.8,1000,0,117500
RELIANCE30Jan201680CE.NFO,07/01/2020,09:43:24,4.65,4.7,1500,4.8,1000,0,117500
RELIANCE30Jan201680CE.NFO,07/01/2020,09:43:30,4.7,4.7,1000,4.8,1000,500,117500
RELIANCE30Jan201680CE.NFO,07/01/2020,09:43:34,4.7,4.75,500,4.8,1000,0,117500
RELIANCE30Jan201680CE.NFO,07/01/2020,09:43:39,4.7,4.65,1000,4.75,500,500,117500
RELIANCE30Jan201680CE.NFO,07/01/2020,09:43:45,4.7,4.65,2000,4.75,1000,0,117500
RELIANCE30Jan201680CE.NFO,07/01/2020,09:43:50,4.7,4.65,3000,4.8,2000,0,117500
RELIANCE30Jan201680CE.NFO,07/01/2020,09:44:01,4.7,4.7,1000,4.8,2500,0,117500
RELIANCE30Jan201680CE.NFO,07/01/2020,09:44:07,4.7,4.7,1000,4.8,1500,0,117500
RELIANCE30Jan201680CE.NFO,07/01/2020,09:44:13,4.7,4.65,1000,4.75,500,0,117500
RELIANCE30Jan201680CE.NFO,07/01/2020,09:44:19,4.7,4.65,2500,4.8,3000,0,117500
RELIANCE30Jan201680CE.NFO,07/01/2020,09:44:24,4.7,4.65,2500,4.75,500,0,117500
RELIANCE30Jan201680CE.NFO,07/01/2020,09:44:29,4.7,4.65,2000,4.75,1500,0,117500
RELIANCE30Jan201680CE.NFO,07/01/2020,09:44:34,4.7,4.65,2000,4.75,2000,0,117500
RELIANCE30Jan201680CE.NFO,07/01/2020,09:44:54,4.7,4.65,500,4.75,2500,0,117500
RELIANCE30Jan201680CE.NFO,07/01/2020,09:45:04,4.7,4.65,1000,4.75,2500,0,117500
RELIANCE30Jan201680CE.NFO,07/01/2020,09:45:11,4.7,4.65,1000,4.75,2000,0,117500
RELIANCE30Jan201680CE.NFO,07/01/2020,09:45:19,4.7,4.65,3000,4.75,1000,500,121500
RELIANCE30Jan201680CE.NFO,07/01/2020,09:45:25,4.7,4.65,500,4.75,2500,0,121500
RELIANCE30Jan201680CE.NFO,07/01/2020,09:45:42,4.6,4.6,1000,4.65,500,1500,121500
RELIANCE30Jan201680CE.NFO,07/01/2020,09:45:48,4.6,4.6,500,4.7,1000,0,121500
RELIANCE30Jan201680CE.NFO,07/01/2020,09:45:53,4.6,4.6,2000,4.7,1000,0,121500
RELIANCE30Jan201680CE.NFO,07/01/2020,09:46:04,4.6,4.6,1000,4.65,1000,0,121500
RELIANCE30Jan201680CE.NFO,07/01/2020,09:46:10,4.6,4.55,500,4.65,2000,500,121500
RELIANCE30Jan201680CE.NFO,07/01/2020,09:46:15,4.6,4.55,500,4.65,2000,0,121500
RELIANCE30Jan201680CE.NFO,07/01/2020,09:46:20,4.6,4.55,500,4.6,1500,0,121500
RELIANCE30Jan201680CE.NFO,07/01/2020,09:46:31,4.5,4.4,3000,4.55,3000,500,121500
RELIANCE30Jan201680CE.NFO,07/01/2020,09:46:37,4.5,4.4,2000,4.5,1000,0,121500
RELIANCE30Jan201680CE.NFO,07/01/2020,09:46:54,4.5,4.4,2000,4.5,500,0,121500
RELIANCE30Jan201680CE.NFO,07/01/2020,09:46:59,4.5,4.45,500,4.5,1500,0,121500
RELIANCE30Jan201680CE.NFO,07/01/2020,09:47:04,4.5,4.4,2000,4.5,1000,500,121500
RELIANCE30Jan201680CE.NFO,07/01/2020,09:47:09,4.5,4.4,2000,4.5,1000,0,121500
RELIANCE30Jan201680CE.NFO,07/01/2020,09:47:14,4.5,4.4,1500,4.5,2500,0,121500
RELIANCE30Jan201680CE.NFO,07/01/2020,09:47:23,4.5,4.4,1500,4.5,1000,0,121500
RELIANCE30Jan201680CE.NFO,07/01/2020,09:47:33,4.5,4.35,2500,4.4,500,0,121500
RELIANCE30Jan201680CE.NFO,07/01/2020,09:47:37,4.5,4.35,2500,4.45,500,0,121500
RELIANCE30Jan201680CE.NFO,07/01/2020,09:47:50,4.5,4.35,2000,4.45,500,0,121500
RELIANCE30Jan201680CE.NFO,07/01/2020,09:48:00,4.35,4.3,4000,4.45,4000,500,122000
RELIANCE30Jan201680CE.NFO,07/01/2020,09:48:09,4.35,4.3,1000,4.4,2000,0,122000
RELIANCE30Jan201680CE.NFO,07/01/2020,09:48:14,4.35,4.25,1500,4.35,1500,0,122000
RELIANCE30Jan201680CE.NFO,07/01/2020,09:48:18,4.35,4.25,1000,4.35,1500,0,122000
RELIANCE30Jan201680CE.NFO,07/01/2020,09:48:24,4.35,4.25,1000,4.35,2000,0,122000
RELIANCE30Jan201680CE.NFO,07/01/2020,09:48:35,4.3,4.25,500,4.3,500,500,122000
RELIANCE30Jan201680CE.NFO,07/01/2020,09:48:41,4.3,4.2,2000,4.3,2500,0,122000
RELIANCE30Jan201680CE.NFO,07/01/2020,09:48:48,4.3,4.2,500,4.25,1500,0,122000
RELIANCE30Jan201680CE.NFO,07/01/2020,09:48:53,4.2,4.1,2500,4.25,1500,500,122000
RELIANCE30Jan201680CE.NFO,07/01/2020,09:49:00,4.2,4.15,1000,4.25,2000,0,122000
RELIANCE30Jan201680CE.NFO,07/01/2020,09:49:06,4.2,4.15,1500,4.25,4000,0,122000
RELIANCE30Jan201680CE.NFO,07/01/2020,09:49:17,4.2,4.15,500,4.25,3500,0,122000
RELIANCE30Jan201680CE.NFO,07/01/2020,09:49:22,4.2,4.1,3500,4.25,4000,0,122000
RELIANCE30Jan201680CE.NFO,07/01/2020,09:49:29,4.2,4.15,500,4.25,4000,0,122000
RELIANCE30Jan201680CE.NFO,07/01/2020,09:49:35,4.2,4.15,500,4.25,4000,500,122000
RELIANCE30Jan201680CE.NFO,07/01/2020,09:49:40,4.2,4.2,500,4.25,500,500,122000
RELIANCE30Jan201680CE.NFO,07/01/2020,09:49:45,4.2,4.2,500,4.25,500,0,122000
RELIANCE30Jan201680CE.NFO,07/01/2020,09:50:00,4.2,4.2,2500,4.25,500,0,122000
RELIANCE30Jan201680CE.NFO,07/01/2020,09:50:05,4.25,4.25,500,4.3,1500,500,122000
RELIANCE30Jan201680CE.NFO,07/01/2020,09:50:10,4.25,4.2,1500,4.3,2500,0,122000
RELIANCE30Jan201680CE.NFO,07/01/2020,09:50:15,4.25,4.2,500,4.25,500,500,122000
RELIANCE30Jan201680CE.NFO,07/01/2020,09:50:20,4.25,4.2,500,4.3,4000,0,122000
RELIANCE30Jan201680CE.NFO,07/01/2020,09:50:26,4.25,4.2,500,4.3,3500,0,122000
RELIANCE30Jan201680CE.NFO,07/01/2020,09:50:30,4.25,4.25,500,4.3,3500,0,122000
RELIANCE30Jan201680CE.NFO,07/01/2020,09:50:34,4.25,4.2,1000,4.3,4000,0,122000
RELIANCE30Jan201680CE.NFO,07/01/2020,09:50:38,4.25,4.15,500,4.2,2000,0,122000
RELIANCE30Jan201680CE.NFO,07/01/2020,09:50:43,4.25,4.15,500,4.25,2500,0,122000
RELIANCE30Jan201680CE.NFO,07/01/2020,09:50:48,4.25,4.15,1000,4.2,1500,0,122000
RELIANCE30Jan201680CE.NFO,07/01/2020,09:50:53,4.15,4.15,500,4.2,1500,500,117000
RELIANCE30Jan201680CE.NFO,07/01/2020,09:50:57,4.15,4.1,1500,4.2,2500,500,117000
RELIANCE30Jan201680CE.NFO,07/01/2020,09:51:02,4.15,4.1,1500,4.2,2500,0,117000
RELIANCE30Jan201680CE.NFO,07/01/2020,09:51:08,4.15,4.1,1000,4.2,1500,0,117000
RELIANCE30Jan201680CE.NFO,07/01/2020,09:51:13,4.15,4.1,1500,4.15,500,0,117000
RELIANCE30Jan201680CE.NFO,07/01/2020,09:51:17,4.15,4.1,1500,4.2,3000,0,117000
RELIANCE30Jan201680CE.NFO,07/01/2020,09:51:26,4.15,4.1,1500,4.2,2500,0,117000
RELIANCE30Jan201680CE.NFO,07/01/2020,09:51:30,4.15,4.15,1000,4.2,500,0,117000
RELIANCE30Jan201680CE.NFO,07/01/2020,09:51:34,4.15,4.15,1000,4.25,4000,0,117000
RELIANCE30Jan201680CE.NFO,07/01/2020,09:51:39,4.15,4.15,1000,4.2,500,0,117000
RELIANCE30Jan201680CE.NFO,07/01/2020,09:51:43,4.2,4.15,1000,4.25,3000,500,117000
RELIANCE30Jan201680CE.NFO,07/01/2020,09:51:53,4.2,4.15,1000,4.25,2000,0,117000
RELIANCE30Jan201680CE.NFO,07/01/2020,09:52:08,4.2,4.15,1000,4.25,3000,0,117000
RELIANCE30Jan201680CE.NFO,07/01/2020,09:52:13,4.2,4.1,500,4.2,2500,0,117000
RELIANCE30Jan201680CE.NFO,07/01/2020,09:52:23,4.2,4.1,1500,4.2,2500,0,117000
RELIANCE30Jan201680CE.NFO,07/01/2020,09:52:28,4.2,4.1,1500,4.2,2000,0,117000
RELIANCE30Jan201680CE.NFO,07/01/2020,09:52:34,4.2,4.1,500,4.15,500,0,117000
RELIANCE30Jan201680CE.NFO,07/01/2020,09:52:38,4.2,4.1,500,4.2,3000,0,117000
RELIANCE30Jan201680CE.NFO,07/01/2020,09:52:47,4.2,4.1,500,4.15,500,0,117000
RELIANCE30Jan201680CE.NFO,07/01/2020,09:52:52,4.2,4.1,1500,4.2,3000,0,117000
RELIANCE30Jan201680CE.NFO,07/01/2020,09:52:57,4.2,4.1,500,4.15,500,0,117000
RELIANCE30Jan201680CE.NFO,07/01/2020,09:53:08,4.2,4.1,500,4.2,3000,0,117000
RELIANCE30Jan201680CE.NFO,07/01/2020,09:53:14,4.2,4.1,500,4.15,500,0,117000
RELIANCE30Jan201680CE.NFO,07/01/2020,09:53:29,4.2,4.1,500,4.2,3000,0,117000
RELIANCE30Jan201680CE.NFO,07/01/2020,09:53:34,4.2,4.1,3000,4.2,2500,0,117000
RELIANCE30Jan201680CE.NFO,07/01/2020,09:53:39,4.2,4.1,3000,4.2,2000,0,117000
RELIANCE30Jan201680CE.NFO,07/01/2020,09:53:49,4.2,4.1,3000,4.2,2500,0,117000
RELIANCE30Jan201680CE.NFO,07/01/2020,09:53:54,4.2,4.05,3500,4.15,500,0,117000
RELIANCE30Jan201680CE.NFO,07/01/2020,09:54:00,4.2,4.05,4000,4.15,500,0,117000
RELIANCE30Jan201680CE.NFO,07/01/2020,09:54:10,4.2,4.05,4000,4.2,3000,0,117000
RELIANCE30Jan201680CE.NFO,07/01/2020,09:54:15,4.2,4.05,4000,4.2,3500,0,117000
RELIANCE30Jan201680CE.NFO,07/01/2020,09:54:31,4.2,4.05,1500,4.15,3000,0,117000
RELIANCE30Jan201680CE.NFO,07/01/2020,09:54:36,4.2,4.05,4500,4.2,3500,0,117000
RELIANCE30Jan201680CE.NFO,07/01/2020,09:54:45,4.2,4.05,4500,4.2,3000,0,117000
RELIANCE30Jan201680CE.NFO,07/01/2020,09:54:55,4.2,4.1,1500,4.2,3000,0,117000
RELIANCE30Jan201680CE.NFO,07/01/2020,09:55:01,4.2,4.1,1000,4.2,3000,0,117000
RELIANCE30Jan201680CE.NFO,07/01/2020,09:55:07,4.2,4.15,500,4.2,1000,0,117000
RELIANCE30Jan201680CE.NFO,07/01/2020,09:55:12,4.2,4.1,500,4.2,2000,0,117000
RELIANCE30Jan201680CE.NFO,07/01/2020,09:55:18,4.2,4.15,4500,4.25,500,0,117000
RELIANCE30Jan201680CE.NFO,07/01/2020,09:55:29,4.2,4.15,1500,4.2,1500,0,117000
RELIANCE30Jan201680CE.NFO,07/01/2020,09:55:35,4.2,4.15,500,4.25,4500,0,117000
RELIANCE30Jan201680CE.NFO,07/01/2020,09:55:40,4.2,4.15,500,4.2,500,0,117000
RELIANCE30Jan201680CE.NFO,07/01/2020,09:55:44,4.2,4.15,500,4.25,4500,0,117000
RELIANCE30Jan201680CE.NFO,07/01/2020,09:56:02,4.2,4.15,1500,4.25,4000,0,117000
RELIANCE30Jan201680CE.NFO,07/01/2020,09:56:06,4.2,4.2,500,4.25,500,0,117000
RELIANCE30Jan201680CE.NFO,07/01/2020,09:56:13,4.2,4.15,500,4.25,3500,500,118500
RELIANCE30Jan201680CE.NFO,07/01/2020,09:56:20,4.2,4.15,4000,4.3,2500,0,118500
RELIANCE30Jan201680CE.NFO,07/01/2020,09:56:27,4.2,4.15,1500,4.25,1500,0,118500
RELIANCE30Jan201680CE.NFO,07/01/2020,09:56:33,4.2,4.2,1000,4.3,2500,0,118500
RELIANCE30Jan201680CE.NFO,07/01/2020,09:56:38,4.2,4.2,1500,4.3,3000,0,118500
RELIANCE30Jan201680CE.NFO,07/01/2020,09:56:43,4.2,4.2,2500,4.3,3000,0,118500
RELIANCE30Jan201680CE.NFO,07/01/2020,09:56:48,4.2,4.2,2500,4.3,2000,0,118500
RELIANCE30Jan201680CE.NFO,07/01/2020,09:56:52,4.2,4.2,1000,4.3,2500,0,118500
RELIANCE30Jan201680CE.NFO,07/01/2020,09:57:21,4.2,4.2,2500,4.3,3000,0,118500
RELIANCE30Jan201680CE.NFO,07/01/2020,09:57:27,4.2,4.2,2500,4.3,2500,0,118500
RELIANCE30Jan201680CE.NFO,07/01/2020,09:57:32,4.2,4.2,2500,4.3,3000,0,118500
RELIANCE30Jan201680CE.NFO,07/01/2020,09:57:37,4.2,4.2,1500,4.3,3000,0,118500
RELIANCE30Jan201680CE.NFO,07/01/2020,09:57:45,4.2,4.2,1500,4.25,500,0,118500
RELIANCE30Jan201680CE.NFO,07/01/2020,09:57:50,4.2,4.2,2500,4.3,1500,0,118500
RELIANCE30Jan201680CE.NFO,07/01/2020,09:57:54,4.2,4.2,2500,4.35,3000,0,118500
RELIANCE30Jan201680CE.NFO,07/01/2020,09:57:58,4.2,4.2,2500,4.3,500,0,118500
RELIANCE30Jan201680CE.NFO,07/01/2020,09:58:03,4.2,4.2,4000,4.35,2500,0,118500
RELIANCE30Jan201680CE.NFO,07/01/2020,09:58:09,4.2,4.2,3000,4.3,1000,0,118500
RELIANCE30Jan201680CE.NFO,07/01/2020,09:58:14,4.2,4.2,3000,4.3,500,0,118500
RELIANCE30Jan201680CE.NFO,07/01/2020,09:58:19,4.2,4.2,3500,4.3,500,0,118500
RELIANCE30Jan201680CE.NFO,07/01/2020,09:58:29,4.2,4.2,3500,4.35,3500,0,118500
RELIANCE30Jan201680CE.NFO,07/01/2020,09:58:34,4.2,4.2,3500,4.3,500,0,118500
RELIANCE30Jan201680CE.NFO,07/01/2020,09:58:38,4.2,4.2,3500,4.35,3000,0,118500
RELIANCE30Jan201680CE.NFO,07/01/2020,09:58:43,4.2,4.2,3500,4.35,4000,0,118500
RELIANCE30Jan201680CE.NFO,07/01/2020,09:58:48,4.2,4.2,3000,4.35,3000,0,118500
RELIANCE30Jan201680CE.NFO,07/01/2020,09:58:53,4.2,4.2,3500,4.3,500,0,118500
RELIANCE30Jan201680CE.NFO,07/01/2020,09:58:59,4.2,4.3,500,4.35,500,0,118500
RELIANCE30Jan201680CE.NFO,07/01/2020,09:59:11,4.2,4.25,1000,4.35,2000,0,118500
RELIANCE30Jan201680CE.NFO,07/01/2020,09:59:17,4.2,4.2,3500,4.35,4000,0,118500
RELIANCE30Jan201680CE.NFO,07/01/2020,09:59:29,4.2,4.2,3500,4.35,3500,0,118500
RELIANCE30Jan201680CE.NFO,07/01/2020,09:59:56,4.2,4.2,3000,4.35,3500,0,118500
RELIANCE30Jan201680CE.NFO,07/01/2020,10:00:12,4.2,4.25,500,4.35,3500,0,118500
RELIANCE30Jan201680CE.NFO,07/01/2020,10:00:35,4.2,4.25,500,4.3,500,0,118500
RELIANCE30Jan201680CE.NFO,07/01/2020,10:00:40,4.2,4.25,500,4.35,3500,0,118500
RELIANCE30Jan201680CE.NFO,07/01/2020,10:00:47,4.2,4.25,500,4.35,2500,0,118500
RELIANCE30Jan201680CE.NFO,07/01/2020,10:00:53,4.2,4.25,500,4.35,2000,0,118500
RELIANCE30Jan201680CE.NFO,07/01/2020,10:01:00,4.2,4.25,500,4.35,2500,0,118500
RELIANCE30Jan201680CE.NFO,07/01/2020,10:01:12,4.2,4.25,2000,4.35,2000,0,118500
RELIANCE30Jan201680CE.NFO,07/01/2020,10:01:19,4.2,4.25,500,4.35,2500,0,118500
RELIANCE30Jan201680CE.NFO,07/01/2020,10:01:31,4.2,4.25,500,4.35,2000,0,118500
RELIANCE30Jan201680CE.NFO,07/01/2020,10:01:36,4.2,4.25,500,4.35,2500,0,118500
RELIANCE30Jan201680CE.NFO,07/01/2020,10:01:48,4.2,4.25,1500,4.35,3000,0,118500
RELIANCE30Jan201680CE.NFO,07/01/2020,10:01:54,4.2,4.25,1500,4.35,2500,0,118500
RELIANCE30Jan201680CE.NFO,07/01/2020,10:02:00,4.2,4.25,1500,4.3,500,0,118500
RELIANCE30Jan201680CE.NFO,07/01/2020,10:02:05,4.2,4.25,2000,4.35,2000,0,118500
RELIANCE30Jan201680CE.NFO,07/01/2020,10:02:11,4.2,4.25,500,4.35,2000,0,118500
RELIANCE30Jan201680CE.NFO,07/01/2020,10:02:21,4.2,4.25,500,4.35,3500,0,118500
RELIANCE30Jan201680CE.NFO,07/01/2020,10:02:26,4.25,4.15,5000,4.25,500,500,117500
RELIANCE30Jan201680CE.NFO,07/01/2020,10:02:31,4.25,4.2,4000,4.3,500,0,117500
RELIANCE30Jan201680CE.NFO,07/01/2020,10:02:36,4.25,4.2,2000,4.3,2000,0,117500
RELIANCE30Jan201680CE.NFO,07/01/2020,10:03:08,4.25,4.2,2500,4.3,1000,0,117500
RELIANCE30Jan201680CE.NFO,07/01/2020,10:03:25,4.25,4.1,4000,4.2,1000,0,117500
RELIANCE30Jan201680CE.NFO,07/01/2020,10:03:31,4.1,4.1,4000,4.2,1000,1000,117500
RELIANCE30Jan201680CE.NFO,07/01/2020,10:03:36,4.2,4.15,3500,4.25,500,500,117500
RELIANCE30Jan201680CE.NFO,07/01/2020,10:03:40,4.2,4.15,4000,4.25,2000,0,117500
RELIANCE30Jan201680CE.NFO,07/01/2020,10:03:46,4.2,4.15,2000,4.25,3000,0,117500
RELIANCE30Jan201680CE.NFO,07/01/2020,10:03:51,4.2,4.15,3500,4.25,2000,0,117500
RELIANCE30Jan201680CE.NFO,07/01/2020,10:04:03,4.2,4.15,3500,4.25,500,500,117500
RELIANCE30Jan201680CE.NFO,07/01/2020,10:04:08,4.2,4.15,3500,4.3,4000,0,117500
RELIANCE30Jan201680CE.NFO,07/01/2020,10:04:29,4.25,4.25,500,4.3,3000,1500,117500
RELIANCE30Jan201680CE.NFO,07/01/2020,10:04:34,4.25,4.25,500,4.3,2500,0,117500
RELIANCE30Jan201680CE.NFO,07/01/2020,10:04:39,4.3,4.25,500,4.3,2500,500,117500
RELIANCE30Jan201680CE.NFO,07/01/2020,10:04:45,4.25,4.15,3500,4.25,500,500,117500
RELIANCE30Jan201680CE.NFO,07/01/2020,10:04:50,4.25,4.2,2500,4.3,2000,0,117500
RELIANCE30Jan201680CE.NFO,07/01/2020,10:05:00,4.25,4.15,3500,4.25,500,0,117500
RELIANCE30Jan201680CE.NFO,07/01/2020,10:05:06,4.25,4.15,4000,4.3,3500,0,117500
RELIANCE30Jan201680CE.NFO,07/01/2020,10:05:11,4.25,4.2,2500,4.3,4000,0,117500
RELIANCE30Jan201680CE.NFO,07/01/2020,10:05:16,4.25,4.2,2500,4.3,3500,0,117500
RELIANCE30Jan201680CE.NFO,07/01/2020,10:05:20,4.25,4.2,2500,4.3,4000,0,117500
RELIANCE30Jan201680CE.NFO,07/01/2020,10:05:30,4.25,4.15,3500,4.25,1000,0,117500
RELIANCE30Jan201680CE.NFO,07/01/2020,10:05:37,4.25,4.15,500,4.2,500,0,117500
RELIANCE30Jan201680CE.NFO,07/01/2020,10:05:43,4.25,4.15,1000,4.25,3500,0,117500
RELIANCE30Jan201680CE.NFO,07/01/2020,10:05:50,4.25,4.15,1000,4.25,3000,0,117500
RELIANCE30Jan201680CE.NFO,07/01/2020,10:06:06,4.25,4.1,2000,4.2,2500,0,117500
RELIANCE30Jan201680CE.NFO,07/01/2020,10:06:13,4.25,4.1,2000,4.2,5000,0,117500
RELIANCE30Jan201680CE.NFO,07/01/2020,10:06:19,4.25,4.1,2000,4.2,4500,0,117500
RELIANCE30Jan201680CE.NFO,07/01/2020,10:06:25,4.25,4.1,2000,4.2,5000,0,117500
RELIANCE30Jan201680CE.NFO,07/01/2020,10:06:30,4.25,4.1,2000,4.2,4500,0,117500
RELIANCE30Jan201680CE.NFO,07/01/2020,10:06:36,4.2,4.1,3000,4.25,3500,500,120500
RELIANCE30Jan201680CE.NFO,07/01/2020,10:06:41,4.2,4.1,3000,4.2,1000,0,120500
RELIANCE30Jan201680CE.NFO,07/01/2020,10:06:45,4.2,4.1,2000,4.2,4000,0,120500
RELIANCE30Jan201680CE.NFO,07/01/2020,10:06:51,4.2,4.1,3500,4.25,5500,0,120500
RELIANCE30Jan201680CE.NFO,07/01/2020,10:06:56,4.2,4.15,1000,4.25,3500,0,120500
RELIANCE30Jan201680CE.NFO,07/01/2020,10:07:00,4.2,4.1,4000,4.25,4000,0,120500
RELIANCE30Jan201680CE.NFO,07/01/2020,10:07:06,4.2,4.1,4000,4.2,500,0,120500
RELIANCE30Jan201680CE.NFO,07/01/2020,10:07:11,4.2,4.1,3500,4.25,3500,0,120500
RELIANCE30Jan201680CE.NFO,07/01/2020,10:07:16,4.2,4.1,3500,4.25,4000,0,120500
RELIANCE30Jan201680CE.NFO,07/01/2020,10:07:22,4.2,4.1,4000,4.25,4000,0,120500
RELIANCE30Jan201680CE.NFO,07/01/2020,10:07:28,4.2,4.15,1500,4.2,500,0,120500
RELIANCE30Jan201680CE.NFO,07/01/2020,10:07:47,4.2,4.1,4000,4.2,500,0,120500
RELIANCE30Jan201680CE.NFO,07/01/2020,10:07:53,4.15,4.1,3500,4.2,1500,500,120500
RELIANCE30Jan201680CE.NFO,07/01/2020,10:07:59,4.15,4.1,4000,4.2,2500,0,120500
RELIANCE30Jan201680CE.NFO,07/01/2020,10:08:04,4.15,4.1,3500,4.2,2500,0,120500
RELIANCE30Jan201680CE.NFO,07/01/2020,10:08:08,4.15,4.1,3500,4.2,1000,0,120500
RELIANCE30Jan201680CE.NFO,07/01/2020,10:08:13,4.15,4.15,500,4.2,500,0,120500
RELIANCE30Jan201680CE.NFO,07/01/2020,10:08:18,4.15,4.15,1000,4.2,500,0,120500
RELIANCE30Jan201680CE.NFO,07/01/2020,10:08:24,4.15,4.15,500,4.2,500,0,120500
RELIANCE30Jan201680CE.NFO,07/01/2020,10:08:31,4.15,4.1,3500,4.2,500,0,120500
RELIANCE30Jan201680CE.NFO,07/01/2020,10:08:38,4.15,4.15,1500,4.2,500,0,120500
RELIANCE30Jan201680CE.NFO,07/01/2020,10:08:50,4.2,4.15,4000,4.3,4500,500,120000
RELIANCE30Jan201680CE.NFO,07/01/2020,10:08:56,4.2,4.15,1000,4.25,2000,0,120000
RELIANCE30Jan201680CE.NFO,07/01/2020,10:09:01,4.2,4.1,3500,4.25,3500,0,120000
RELIANCE30Jan201680CE.NFO,07/01/2020,10:09:06,4.2,4.15,500,4.25,3500,0,120000
RELIANCE30Jan201680CE.NFO,07/01/2020,10:09:11,4.2,4.1,3500,4.25,3500,0,120000
RELIANCE30Jan201680CE.NFO,07/01/2020,10:09:17,4.15,4.1,4000,4.25,3500,500,120000
RELIANCE30Jan201680CE.NFO,07/01/2020,10:09:23,4.15,4.1,3500,4.2,500,0,120000
RELIANCE30Jan201680CE.NFO,07/01/2020,10:09:27,4.2,4.1,3500,4.25,4000,500,120000
RELIANCE30Jan201680CE.NFO,07/01/2020,10:09:33,4.2,4.1,3500,4.25,4000,0,120000
RELIANCE30Jan201680CE.NFO,07/01/2020,10:09:43,4.2,4.1,3500,4.25,3500,0,120000
RELIANCE30Jan201680CE.NFO,07/01/2020,10:09:48,4.2,4.1,1000,4.2,3000,0,120000
RELIANCE30Jan201680CE.NFO,07/01/2020,10:09:52,4.2,4.1,3500,4.2,1500,0,120000
RELIANCE30Jan201680CE.NFO,07/01/2020,10:09:58,4.2,4.1,4000,4.25,3500,0,120000
RELIANCE30Jan201680CE.NFO,07/01/2020,10:10:05,4.2,4.15,500,4.25,3500,0,120000
RELIANCE30Jan201680CE.NFO,07/01/2020,10:10:12,4.2,4.1,4000,4.25,3500,0,120000
RELIANCE30Jan201680CE.NFO,07/01/2020,10:10:18,4.2,4.1,3500,4.25,3500,0,120000
RELIANCE30Jan201680CE.NFO,07/01/2020,10:10:24,4.2,4.15,4000,4.25,2000,0,120000
RELIANCE30Jan201680CE.NFO,07/01/2020,10:10:28,4.2,4.15,4000,4.3,4000,0,120000
RELIANCE30Jan201680CE.NFO,07/01/2020,10:10:38,4.2,4.15,3500,4.3,4000,0,120000
RELIANCE30Jan201680CE.NFO,07/01/2020,10:10:48,4.2,4.2,3500,4.3,1000,0,120000
RELIANCE30Jan201680CE.NFO,07/01/2020,10:10:53,4.2,4.25,500,4.3,1000,0,120000
RELIANCE30Jan201680CE.NFO,07/01/2020,10:10:57,4.2,4.2,3000,4.3,1000,0,120000
RELIANCE30Jan201680CE.NFO,07/01/2020,10:11:02,4.2,4.25,500,4.3,1000,0,120000
RELIANCE30Jan201680CE.NFO,07/01/2020,10:11:06,4.2,4.25,500,4.3,500,0,120000
RELIANCE30Jan201680CE.NFO,07/01/2020,10:11:11,4.3,4.3,500,4.4,6000,500,120000
RELIANCE30Jan201680CE.NFO,07/01/2020,10:11:17,4.3,4.25,1000,4.35,2500,0,120000
RELIANCE30Jan201680CE.NFO,07/01/2020,10:11:23,4.3,4.25,1500,4.35,2500,0,120000
RELIANCE30Jan201680CE.NFO,07/01/2020,10:11:28,4.3,4.25,500,4.35,4500,0,120000
RELIANCE30Jan201680CE.NFO,07/01/2020,10:11:33,4.3,4.25,1500,4.35,4500,0,120000
RELIANCE30Jan201680CE.NFO,07/01/2020,10:11:39,4.3,4.25,3500,4.4,5500,0,120000
RELIANCE30Jan201680CE.NFO,07/01/2020,10:11:57,4.3,4.25,3000,4.4,3500,0,120000
RELIANCE30Jan201680CE.NFO,07/01/2020,10:12:15,4.3,4.25,3000,4.35,500,0,120000
RELIANCE30Jan201680CE.NFO,07/01/2020,10:12:20,4.3,4.25,3500,4.4,3500,0,120000
RELIANCE30Jan201680CE.NFO,07/01/2020,10:12:25,4.3,4.25,3000,4.4,3500,0,120000
RELIANCE30Jan201680CE.NFO,07/01/2020,10:12:30,4.3,4.3,1000,4.4,4000,0,120000
RELIANCE30Jan201680CE.NFO,07/01/2020,10:12:36,4.3,4.3,1000,4.4,3000,0,120000
RELIANCE30Jan201680CE.NFO,07/01/2020,10:12:41,4.3,4.25,1500,4.35,2000,0,120000
RELIANCE30Jan201680CE.NFO,07/01/2020,10:12:52,4.3,4.2,3500,4.3,500,0,120000
RELIANCE30Jan201680CE.NFO,07/01/2020,10:12:57,4.3,4.25,500,4.35,2000,0,120000
RELIANCE30Jan201680CE.NFO,07/01/2020,10:13:02,4.3,4.2,4000,4.35,3000,0,120000
RELIANCE30Jan201680CE.NFO,07/01/2020,10:13:08,4.3,4.2,4000,4.35,2500,0,120000
RELIANCE30Jan201680CE.NFO,07/01/2020,10:13:15,4.3,4.2,3500,4.35,2500,0,120000
RELIANCE30Jan201680CE.NFO,07/01/2020,10:13:21,4.3,4.2,3500,4.35,4500,0,120000
RELIANCE30Jan201680CE.NFO,07/01/2020,10:13:39,4.25,4.2,2000,4.35,4500,1000,119500
RELIANCE30Jan201680CE.NFO,07/01/2020,10:13:44,4.25,4.2,2500,4.35,4500,0,119500
RELIANCE30Jan201680CE.NFO,07/01/2020,10:13:50,4.25,4.2,3000,4.35,4500,0,119500
RELIANCE30Jan201680CE.NFO,07/01/2020,10:13:56,4.25,4.2,3000,4.35,4000,0,119500
RELIANCE30Jan201680CE.NFO,07/01/2020,10:14:02,4.25,4.2,3000,4.3,500,2500,119500
RELIANCE30Jan201680CE.NFO,07/01/2020,10:14:07,4.25,4.2,3000,4.35,4000,0,119500
RELIANCE30Jan201680CE.NFO,07/01/2020,10:14:12,4.25,4.2,2500,4.35,4000,0,119500
RELIANCE30Jan201680CE.NFO,07/01/2020,10:14:18,4.25,4.2,1000,4.3,500,0,119500
RELIANCE30Jan201680CE.NFO,07/01/2020,10:14:23,4.25,4.2,2000,4.3,2000,0,119500
RELIANCE30Jan201680CE.NFO,07/01/2020,10:14:35,4.25,4.2,1500,4.3,2000,0,119500
RELIANCE30Jan201680CE.NFO,07/01/2020,10:14:46,4.25,4.2,2000,4.3,2000,0,119500
RELIANCE30Jan201680CE.NFO,07/01/2020,10:14:52,4.35,4.25,2000,4.35,1500,4500,119000
RELIANCE30Jan201680CE.NFO,07/01/2020,10:14:57,4.35,4.25,3500,4.35,1000,0,119000
RELIANCE30Jan201680CE.NFO,07/01/2020,10:15:04,4.35,4.25,3000,4.35,1000,0,119000
RELIANCE30Jan201680CE.NFO,07/01/2020,10:15:25,4.35,4.25,2500,4.35,1000,0,119000
RELIANCE30Jan201680CE.NFO,07/01/2020,10:15:29,4.35,4.25,3000,4.35,1000,0,119000
RELIANCE30Jan201680CE.NFO,07/01/2020,10:15:35,4.35,4.25,1000,4.35,2500,0,119000
RELIANCE30Jan201680CE.NFO,07/01/2020,10:15:46,4.35,4.2,3500,4.35,3500,0,119000
RELIANCE30Jan201680CE.NFO,07/01/2020,10:15:52,4.35,4.25,500,4.35,3000,0,119000
RELIANCE30Jan201680CE.NFO,07/01/2020,10:15:58,4.35,4.2,3500,4.3,1000,0,119000
RELIANCE30Jan201680CE.NFO,07/01/2020,10:16:07,4.35,4.2,3000,4.3,1000,0,119000
RELIANCE30Jan201680CE.NFO,07/01/2020,10:16:12,4.35,4.2,3500,4.3,1000,0,119000
RELIANCE30Jan201680CE.NFO,07/01/2020,10:16:24,4.35,4.2,3000,4.3,1000,0,119000
RELIANCE30Jan201680CE.NFO,07/01/2020,10:16:40,4.35,4.2,3500,4.3,1000,0,119000
RELIANCE30Jan201680CE.NFO,07/01/2020,10:16:45,4.35,4.25,500,4.3,1000,0,119000
RELIANCE30Jan201680CE.NFO,07/01/2020,10:16:50,4.35,4.2,3500,4.3,1000,0,119000
RELIANCE30Jan201680CE.NFO,07/01/2020,10:16:55,4.35,4.2,3500,4.35,3500,0,119000
RELIANCE30Jan201680CE.NFO,07/01/2020,10:17:06,4.35,4.2,3000,4.35,3500,0,119000
RELIANCE30Jan201680CE.NFO,07/01/2020,10:17:12,4.35,4.25,500,4.35,3500,0,119000
RELIANCE30Jan201680CE.NFO,07/01/2020,10:17:18,4.35,4.25,1000,4.35,2500,0,119000
RELIANCE30Jan201680CE.NFO,07/01/2020,10:17:23,4.35,4.25,1000,4.3,500,0,119000
RELIANCE30Jan201680CE.NFO,07/01/2020,10:17:46,4.35,4.25,1500,4.3,500,0,119000
RELIANCE30Jan201680CE.NFO,07/01/2020,10:17:50,4.35,4.25,1000,4.3,500,0,119000
RELIANCE30Jan201680CE.NFO,07/01/2020,10:18:02,4.35,4.2,2500,4.3,500,0,119000
RELIANCE30Jan201680CE.NFO,07/01/2020,10:18:06,4.35,4.2,2500,4.25,500,0,119000
RELIANCE30Jan201680CE.NFO,07/01/2020,10:18:10,4.35,4.2,2500,4.3,2000,0,119000
RELIANCE30Jan201680CE.NFO,07/01/2020,10:18:14,4.35,4.2,3000,4.3,500,0,119000
RELIANCE30Jan201680CE.NFO,07/01/2020,10:18:22,4.35,4.2,2500,4.3,500,0,119000
RELIANCE30Jan201680CE.NFO,07/01/2020,10:18:25,4.35,4.2,3500,4.3,500,0,119000
RELIANCE30Jan201680CE.NFO,07/01/2020,10:18:28,4.35,4.2,3000,4.3,500,0,119000
RELIANCE30Jan201680CE.NFO,07/01/2020,10:18:33,4.35,4.2,4000,4.35,3000,0,119000
RELIANCE30Jan201680CE.NFO,07/01/2020,10:18:44,4.35,4.2,4000,4.3,500,0,119000
RELIANCE30Jan201680CE.NFO,07/01/2020,10:18:49,4.35,4.2,3500,4.3,500,0,119000
RELIANCE30Jan201680CE.NFO,07/01/2020,10:18:59,4.35,4.2,3000,4.3,500,0,119000
RELIANCE30Jan201680CE.NFO,07/01/2020,10:19:03,4.35,4.2,3000,4.35,3000,0,119000
RELIANCE30Jan201680CE.NFO,07/01/2020,10:19:07,4.35,4.2,3500,4.35,3500,0,119000
RELIANCE30Jan201680CE.NFO,07/01/2020,10:19:11,4.35,4.2,3500,4.3,500,0,119000
RELIANCE30Jan201680CE.NFO,07/01/2020,10:19:20,4.35,4.2,3000,4.3,500,0,119000
RELIANCE30Jan201680CE.NFO,07/01/2020,10:19:25,4.35,4.2,3500,4.3,500,0,119000
RELIANCE30Jan201680CE.NFO,07/01/2020,10:19:30,4.35,4.2,3000,4.3,500,0,119000
RELIANCE30Jan201680CE.NFO,07/01/2020,10:19:33,4.35,4.25,500,4.3,500,0,119000
RELIANCE30Jan201680CE.NFO,07/01/2020,10:19:38,4.35,4.2,3500,4.3,500,0,119000
RELIANCE30Jan201680CE.NFO,07/01/2020,10:19:42,4.35,4.2,2000,4.3,500,0,119000
RELIANCE30Jan201680CE.NFO,07/01/2020,10:19:52,4.35,4.2,2500,4.3,2000,0,119000
RELIANCE30Jan201680CE.NFO,07/01/2020,10:19:58,4.35,4.2,2000,4.3,2000,0,119000
RELIANCE30Jan201680CE.NFO,07/01/2020,10:20:08,4.35,4.2,3000,4.3,500,0,119000
RELIANCE30Jan201680CE.NFO,07/01/2020,10:20:18,4.35,4.2,500,4.3,2000,0,119000
RELIANCE30Jan201680CE.NFO,07/01/2020,10:20:27,4.35,4.2,1500,4.3,2500,0,119000
RELIANCE30Jan201680CE.NFO,07/01/2020,10:20:32,4.35,4.2,500,4.3,2000,0,119000
RELIANCE30Jan201680CE.NFO,07/01/2020,10:20:36,4.35,4.2,500,4.25,500,0,119000
RELIANCE30Jan201680CE.NFO,07/01/2020,10:20:56,4.35,4.2,1000,4.3,2000,0,119000
RELIANCE30Jan201680CE.NFO,07/01/2020,10:21:01,4.35,4.2,3000,4.25,500,0,119000
RELIANCE30Jan201680CE.NFO,07/01/2020,10:21:06,4.35,4.2,3000,4.35,3500,0,119000
RELIANCE30Jan201680CE.NFO,07/01/2020,10:21:11,4.35,4.2,3500,4.3,500,0,119000
RELIANCE30Jan201680CE.NFO,07/01/2020,10:21:15,4.35,4.2,3000,4.25,500,0,119000
RELIANCE30Jan201680CE.NFO,07/01/2020,10:21:20,4.35,4.2,3500,4.3,500,0,119000
RELIANCE30Jan201680CE.NFO,07/01/2020,10:21:25,4.35,4.2,3000,4.3,500,0,119000
RELIANCE30Jan201680CE.NFO,07/01/2020,10:21:30,4.35,4.2,3500,4.3,500,0,119000
RELIANCE30Jan201680CE.NFO,07/01/2020,10:21:35,4.35,4.2,3000,4.25,500,0,119000
RELIANCE30Jan201680CE.NFO,07/01/2020,10:21:40,4.35,4.2,3000,4.3,500,0,119000
RELIANCE30Jan201680CE.NFO,07/01/2020,10:21:44,4.35,4.2,2000,4.3,500,0,119000
RELIANCE30Jan201680CE.NFO,07/01/2020,10:21:49,4.35,4.2,2500,4.3,500,0,119000
RELIANCE30Jan201680CE.NFO,07/01/2020,10:21:53,4.35,4.2,2000,4.3,500,0,119000
RELIANCE30Jan201680CE.NFO,07/01/2020,10:22:06,4.35,4.2,2500,4.3,500,0,119000
RELIANCE30Jan201680CE.NFO,07/01/2020,10:22:12,4.35,4.2,500,4.3,2000,0,119000
RELIANCE30Jan201680CE.NFO,07/01/2020,10:22:25,4.35,4.25,1500,4.3,500,0,119000
RELIANCE30Jan201680CE.NFO,07/01/2020,10:22:29,4.35,4.25,2000,4.3,500,0,119000
RELIANCE30Jan201680CE.NFO,07/01/2020,10:22:34,4.35,4.25,500,4.3,500,0,119000
RELIANCE30Jan201680CE.NFO,07/01/2020,10:22:51,4.25,4.2,1500,4.3,500,500,120000
RELIANCE30Jan201680CE.NFO,07/01/2020,10:22:56,4.25,4.2,3500,4.3,500,0,120000
RELIANCE30Jan201680CE.NFO,07/01/2020,10:23:01,4.25,4.25,2000,4.35,3000,0,120000
RELIANCE30Jan201680CE.NFO,07/01/2020,10:23:07,4.25,4.25,1500,4.35,3000,0,120000
RELIANCE30Jan201680CE.NFO,07/01/2020,10:23:12,4.25,4.25,3500,4.35,1500,0,120000
RELIANCE30Jan201680CE.NFO,07/01/2020,10:23:21,4.25,4.25,1500,4.35,2500,500,120000
RELIANCE30Jan201680CE.NFO,07/01/2020,10:23:26,4.25,4.25,1500,4.35,2500,0,120000
RELIANCE30Jan201680CE.NFO,07/01/2020,10:23:31,4.25,4.25,500,4.3,500,0,120000
RELIANCE30Jan201680CE.NFO,07/01/2020,10:23:41,4.25,4.2,1500,4.3,500,500,120500
RELIANCE30Jan201680CE.NFO,07/01/2020,10:23:46,4.25,4.2,1500,4.25,500,0,120500
RELIANCE30Jan201680CE.NFO,07/01/2020,10:23:51,4.25,4.2,500,4.3,3000,0,120500
RELIANCE30Jan201680CE.NFO,07/01/2020,10:23:58,4.25,4.2,500,4.3,2500,0,120500
RELIANCE30Jan201680CE.NFO,07/01/2020,10:24:06,4.2,4.15,2500,4.25,1000,500,120500
RELIANCE30Jan201680CE.NFO,07/01/2020,10:24:11,4.2,4.15,2500,4.25,500,0,120500
RELIANCE30Jan201680CE.NFO,07/01/2020,10:24:16,4.2,4.15,3500,4.3,2500,0,120500
RELIANCE30Jan201680CE.NFO,07/01/2020,10:24:24,4.2,4.2,3000,4.3,2500,0,120500
RELIANCE30Jan201680CE.NFO,07/01/2020,10:24:28,4.2,4.2,500,4.3,2000,0,120500
RELIANCE30Jan201680CE.NFO,07/01/2020,10:24:32,4.2,4.2,500,4.3,2500,0,120500
RELIANCE30Jan201680CE.NFO,07/01/2020,10:24:35,4.2,4.15,4000,4.3,3000,0,120500
RELIANCE30Jan201680CE.NFO,07/01/2020,10:24:39,4.2,4.15,3500,4.3,3000,0,120500
RELIANCE30Jan201680CE.NFO,07/01/2020,10:24:43,4.2,4.2,500,4.3,2000,0,120500
RELIANCE30Jan201680CE.NFO,07/01/2020,10:24:47,4.2,4.2,500,4.3,2500,0,120500
RELIANCE30Jan201680CE.NFO,07/01/2020,10:24:51,4.2,4.2,3500,4.3,500,0,120500
RELIANCE30Jan201680CE.NFO,07/01/2020,10:24:55,4.2,4.2,3500,4.3,1000,0,120500
RELIANCE30Jan201680CE.NFO,07/01/2020,10:25:00,4.2,4.2,3500,4.3,500,0,120500
RELIANCE30Jan201680CE.NFO,07/01/2020,10:25:08,4.2,4.2,3500,4.3,1000,0,120500
RELIANCE30Jan201680CE.NFO,07/01/2020,10:25:12,4.2,4.2,3500,4.3,500,0,120500
RELIANCE30Jan201680CE.NFO,07/01/2020,10:25:20,4.25,4.2,4000,4.35,3000,500,120500
RELIANCE30Jan201680CE.NFO,07/01/2020,10:25:23,4.25,4.2,3500,4.35,3000,0,120500
RELIANCE30Jan201680CE.NFO,07/01/2020,10:25:27,4.25,4.2,500,4.25,1500,0,120500
RELIANCE30Jan201680CE.NFO,07/01/2020,10:25:32,4.25,4.15,2000,4.25,1500,0,120500
RELIANCE30Jan201680CE.NFO,07/01/2020,10:25:56,4.25,4.15,2500,4.25,1500,0,120500
RELIANCE30Jan201680CE.NFO,07/01/2020,10:26:01,4.25,4.2,500,4.25,1500,0,120500
RELIANCE30Jan201680CE.NFO,07/01/2020,10:26:05,4.25,4.15,4000,4.25,2000,0,120500
RELIANCE30Jan201680CE.NFO,07/01/2020,10:26:10,4.25,4.15,1500,4.25,1500,0,120500
RELIANCE30Jan201680CE.NFO,07/01/2020,10:26:15,4.25,4.15,1000,4.25,1500,0,120500
RELIANCE30Jan201680CE.NFO,07/01/2020,10:26:19,4.2,4.15,1000,4.25,2500,500,120500
RELIANCE30Jan201680CE.NFO,07/01/2020,10:26:23,4.2,4.15,1000,4.2,500,0,120500
RELIANCE30Jan201680CE.NFO,07/01/2020,10:26:27,4.2,4.15,1000,4.25,2500,0,120500
RELIANCE30Jan201680CE.NFO,07/01/2020,10:26:42,4.2,4.15,1000,4.25,2000,0,120500
RELIANCE30Jan201680CE.NFO,07/01/2020,10:26:46,4.2,4.2,500,4.25,2000,0,120500
RELIANCE30Jan201680CE.NFO,07/01/2020,10:26:50,4.2,4.15,1000,4.25,2000,0,120500
RELIANCE30Jan201680CE.NFO,07/01/2020,10:26:55,4.2,4.15,1500,4.25,2000,0,120500
RELIANCE30Jan201680CE.NFO,07/01/2020,10:27:28,4.2,4.15,1000,4.25,2000,0,120500
RELIANCE30Jan201680CE.NFO,07/01/2020,10:27:40,4.2,4.2,500,4.25,1500,0,120500
RELIANCE30Jan201680CE.NFO,07/01/2020,10:27:45,4.2,4.15,3500,4.3,6000,0,120500
RELIANCE30Jan201680CE.NFO,07/01/2020,10:27:49,4.2,4.15,3500,4.3,5500,0,120500
RELIANCE30Jan201680CE.NFO,07/01/2020,10:27:53,4.2,4.15,2500,4.25,1000,0,120500
RELIANCE30Jan201680CE.NFO,07/01/2020,10:27:58,4.2,4.15,1000,4.25,2000,0,120500
RELIANCE30Jan201680CE.NFO,07/01/2020,10:28:06,4.2,4.15,1000,4.25,1500,0,120500
RELIANCE30Jan201680CE.NFO,07/01/2020,10:28:10,4.2,4.2,500,4.3,4000,0,120500
RELIANCE30Jan201680CE.NFO,07/01/2020,10:28:20,4.2,4.2,500,4.3,4500,0,120500
RELIANCE30Jan201680CE.NFO,07/01/2020,10:28:29,4.2,4.2,500,4.3,4000,0,120500
RELIANCE30Jan201680CE.NFO,07/01/2020,10:28:34,4.2,4.25,2500,4.35,1500,0,120500
RELIANCE30Jan201680CE.NFO,07/01/2020,10:28:38,4.2,4.25,2000,4.3,500,0,120500
RELIANCE30Jan201680CE.NFO,07/01/2020,10:28:41,4.2,4.25,2000,4.35,2500,0,120500
RELIANCE30Jan201680CE.NFO,07/01/2020,10:28:45,4.2,4.25,2000,4.35,2000,0,120500
RELIANCE30Jan201680CE.NFO,07/01/2020,10:28:58,4.2,4.25,2500,4.35,2000,0,120500
RELIANCE30Jan201680CE.NFO,07/01/2020,10:29:01,4.2,4.25,2000,4.35,2000,0,120500
RELIANCE30Jan201680CE.NFO,07/01/2020,10:29:34,4.2,4.25,2500,4.35,2000,0,120500
RELIANCE30Jan201680CE.NFO,07/01/2020,10:29:38,4.2,4.25,2000,4.35,2000,0,120500
RELIANCE30Jan201680CE.NFO,07/01/2020,10:29:42,4.2,4.25,2000,4.35,2500,0,120500
RELIANCE30Jan201680CE.NFO,07/01/2020,10:29:45,4.2,4.25,2000,4.35,2000,0,120500
RELIANCE30Jan201680CE.NFO,07/01/2020,10:29:53,4.2,4.25,2000,4.35,2500,0,120500
RELIANCE30Jan201680CE.NFO,07/01/2020,10:29:56,4.2,4.25,2000,4.3,500,0,120500
RELIANCE30Jan201680CE.NFO,07/01/2020,10:29:59,4.2,4.25,2000,4.35,2000,0,120500
RELIANCE30Jan201680CE.NFO,07/01/2020,10:30:10,4.2,4.25,2500,4.35,2000,0,120500
RELIANCE30Jan201680CE.NFO,07/01/2020,10:30:13,4.2,4.25,2000,4.35,2000,0,120500
RELIANCE30Jan201680CE.NFO,07/01/2020,10:30:17,4.2,4.25,2000,4.35,2500,0,120500
RELIANCE30Jan201680CE.NFO,07/01/2020,10:30:20,4.2,4.25,2000,4.35,2000,0,120500
RELIANCE30Jan201680CE.NFO,07/01/2020,10:30:40,4.2,4.25,2500,4.35,2000,0,120500
RELIANCE30Jan201680CE.NFO,07/01/2020,10:30:43,4.2,4.25,2000,4.35,2000,0,120500
RELIANCE30Jan201680CE.NFO,07/01/2020,10:30:46,4.3,4.25,2000,4.35,2000,500,120500
RELIANCE30Jan201680CE.NFO,07/01/2020,10:30:49,4.3,4.25,2000,4.35,2000,0,120500
RELIANCE30Jan201680CE.NFO,07/01/2020,10:30:52,4.3,4.25,2000,4.35,2500,0,120500
RELIANCE30Jan201680CE.NFO,07/01/2020,10:30:55,4.3,4.25,1000,4.3,1000,0,120500
RELIANCE30Jan201680CE.NFO,07/01/2020,10:30:58,4.3,4.25,1000,4.3,500,0,120500
RELIANCE30Jan201680CE.NFO,07/01/2020,10:31:08,4.3,4.25,500,4.3,500,0,120500
RELIANCE30Jan201680CE.NFO,07/01/2020,10:31:57,4.3,4.25,500,4.3,1000,0,120500
RELIANCE30Jan201680CE.NFO,07/01/2020,10:32:03,4.3,4.2,2500,4.3,1000,0,120500
RELIANCE30Jan201680CE.NFO,07/01/2020,10:32:12,4.3,4.2,500,4.3,3500,0,120500
RELIANCE30Jan201680CE.NFO,07/01/2020,10:32:22,4.3,4.2,500,4.3,3000,0,120500
RELIANCE30Jan201680CE.NFO,07/01/2020,10:32:26,4.3,4.2,500,4.3,3500,0,120500
RELIANCE30Jan201680CE.NFO,07/01/2020,10:32:30,4.3,4.2,500,4.3,3000,0,120500
RELIANCE30Jan201680CE.NFO,07/01/2020,10:32:35,4.3,4.2,500,4.3,3500,0,120500
RELIANCE30Jan201680CE.NFO,07/01/2020,10:32:39,4.3,4.25,500,4.3,3000,0,120500
RELIANCE30Jan201680CE.NFO,07/01/2020,10:32:44,4.3,4.25,500,4.3,2500,0,120500
RELIANCE30Jan201680CE.NFO,07/01/2020,10:32:54,4.3,4.25,500,4.3,3000,0,120500
RELIANCE30Jan201680CE.NFO,07/01/2020,10:32:58,4.3,4.2,1500,4.25,500,0,120500
RELIANCE30Jan201680CE.NFO,07/01/2020,10:33:01,4.3,4.2,500,4.3,3000,0,120500
RELIANCE30Jan201680CE.NFO,07/01/2020,10:33:05,4.3,4.2,500,4.3,3500,0,120500
RELIANCE30Jan201680CE.NFO,07/01/2020,10:33:08,4.3,4.2,500,4.25,500,0,120500
RELIANCE30Jan201680CE.NFO,07/01/2020,10:33:11,4.3,4.2,500,4.3,3500,0,120500
RELIANCE30Jan201680CE.NFO,07/01/2020,10:33:17,4.3,4.2,500,4.3,3000,0,120500
RELIANCE30Jan201680CE.NFO,07/01/2020,10:33:20,4.3,4.2,1500,4.3,3000,0,120500
RELIANCE30Jan201680CE.NFO,07/01/2020,10:33:23,4.3,4.2,500,4.3,3500,0,120500
RELIANCE30Jan201680CE.NFO,07/01/2020,10:33:34,4.3,4.2,500,4.25,2000,0,120500
RELIANCE30Jan201680CE.NFO,07/01/2020,10:33:38,4.2,4.1,3000,4.2,500,500,120500
RELIANCE30Jan201680CE.NFO,07/01/2020,10:33:42,4.2,4.1,3000,4.25,2500,0,120500
RELIANCE30Jan201680CE.NFO,07/01/2020,10:33:45,4.2,4.15,500,4.25,2500,0,120500
RELIANCE30Jan201680CE.NFO,07/01/2020,10:33:48,4.2,4.15,500,4.25,3000,0,120500
RELIANCE30Jan201680CE.NFO,07/01/2020,10:33:50,4.2,4.15,3500,4.3,3500,0,120500
RELIANCE30Jan201680CE.NFO,07/01/2020,10:33:53,4.2,4.15,3500,4.25,500,0,120500
RELIANCE30Jan201680CE.NFO,07/01/2020,10:33:56,4.2,4.15,3500,4.25,1000,0,120500
RELIANCE30Jan201680CE.NFO,07/01/2020,10:33:59,4.2,4.15,3500,4.25,500,0,120500
RELIANCE30Jan201680CE.NFO,07/01/2020,10:34:19,4.2,4.15,4000,4.25,500,0,120500
RELIANCE30Jan201680CE.NFO,07/01/2020,10:34:23,4.2,4.15,3500,4.3,3000,0,120500
RELIANCE30Jan201680CE.NFO,07/01/2020,10:34:27,4.2,4.2,1000,4.3,3000,0,120500
RELIANCE30Jan201680CE.NFO,07/01/2020,10:34:35,4.2,4.2,1500,4.25,1500,0,120500
RELIANCE30Jan201680CE.NFO,07/01/2020,10:34:39,4.2,4.2,2000,4.25,500,0,120500
RELIANCE30Jan201680CE.NFO,07/01/2020,10:34:43,4.25,4.2,3500,4.3,500,500,120500
RELIANCE30Jan201680CE.NFO,07/01/2020,10:34:48,4.25,4.25,500,4.3,500,0,120500
RELIANCE30Jan201680CE.NFO,07/01/2020,10:34:53,4.25,4.2,3500,4.3,500,0,120500
RELIANCE30Jan201680CE.NFO,07/01/2020,10:34:58,4.25,4.25,2000,4.3,500,0,120500
RELIANCE30Jan201680CE.NFO,07/01/2020,10:35:02,4.25,4.25,1500,4.3,500,0,120500
RELIANCE30Jan201680CE.NFO,07/01/2020,10:35:44,4.25,4.25,2000,4.3,500,0,120500
RELIANCE30Jan201680CE.NFO,07/01/2020,10:35:47,4.25,4.25,1500,4.3,500,0,120500
RELIANCE30Jan201680CE.NFO,07/01/2020,10:36:10,4.25,4.25,2000,4.3,500,0,120500
RELIANCE30Jan201680CE.NFO,07/01/2020,10:36:13,4.25,4.25,1500,4.3,500,0,120500
RELIANCE30Jan201680CE.NFO,07/01/2020,10:36:17,4.25,4.25,2000,4.3,500,0,120500
RELIANCE30Jan201680CE.NFO,07/01/2020,10:36:21,4.25,4.25,1500,4.3,500,0,120500
RELIANCE30Jan201680CE.NFO,07/01/2020,10:36:24,4.25,4.25,2000,4.3,500,0,120500
RELIANCE30Jan201680CE.NFO,07/01/2020,10:36:29,4.25,4.25,1500,4.3,500,0,120500
RELIANCE30Jan201680CE.NFO,07/01/2020,10:36:36,4.25,4.25,2000,4.3,500,0,120500
RELIANCE30Jan201680CE.NFO,07/01/2020,10:36:44,4.25,4.25,1500,4.3,500,0,120500
RELIANCE30Jan201680CE.NFO,07/01/2020,10:36:48,4.25,4.25,2000,4.3,500,0,120500
RELIANCE30Jan201680CE.NFO,07/01/2020,10:36:51,4.3,4.25,2000,4.35,1000,500,120500
RELIANCE30Jan201680CE.NFO,07/01/2020,10:36:55,4.3,4.25,2000,4.35,1000,0,120500
RELIANCE30Jan201680CE.NFO,07/01/2020,10:37:02,4.3,4.25,2500,4.35,1000,0,120500
RELIANCE30Jan201680CE.NFO,07/01/2020,10:37:07,4.3,4.25,1500,4.35,1500,0,120500
RELIANCE30Jan201680CE.NFO,07/01/2020,10:37:14,4.3,4.25,2000,4.35,1500,0,120500
RELIANCE30Jan201680CE.NFO,07/01/2020,10:37:17,4.3,4.25,1500,4.35,1500,0,120500
RELIANCE30Jan201680CE.NFO,07/01/2020,10:37:20,4.3,4.25,1500,4.35,2000,0,120500
RELIANCE30Jan201680CE.NFO,07/01/2020,10:37:24,4.3,4.25,1500,4.35,3500,0,120500
RELIANCE30Jan201680CE.NFO,07/01/2020,10:37:28,4.3,4.25,1500,4.35,3000,0,120500
RELIANCE30Jan201680CE.NFO,07/01/2020,10:37:32,4.3,4.25,1500,4.3,500,0,120500
RELIANCE30Jan201680CE.NFO,07/01/2020,10:37:34,4.3,4.25,2000,4.35,3000,0,120500
RELIANCE30Jan201680CE.NFO,07/01/2020,10:37:39,4.3,4.25,500,4.35,3000,0,120500
RELIANCE30Jan201680CE.NFO,07/01/2020,10:37:47,4.3,4.25,500,4.3,500,0,120500
RELIANCE30Jan201680CE.NFO,07/01/2020,10:37:57,4.3,4.25,1000,4.3,500,0,120500
RELIANCE30Jan201680CE.NFO,07/01/2020,10:38:01,4.3,4.25,500,4.3,500,0,120500
RELIANCE30Jan201680CE.NFO,07/01/2020,10:38:04,4.3,4.25,2500,4.35,1000,500,120500
RELIANCE30Jan201680CE.NFO,07/01/2020,10:38:07,4.3,4.25,2500,4.35,1000,0,120500
RELIANCE30Jan201680CE.NFO,07/01/2020,10:38:10,4.3,4.25,4000,4.35,1000,0,120500
RELIANCE30Jan201680CE.NFO,07/01/2020,10:38:27,4.3,4.25,2500,4.35,2000,0,120500
RELIANCE30Jan201680CE.NFO,07/01/2020,10:38:33,4.3,4.25,2500,4.35,1500,0,120500
RELIANCE30Jan201680CE.NFO,07/01/2020,10:38:47,4.3,4.25,2500,4.35,2000,0,120500
RELIANCE30Jan201680CE.NFO,07/01/2020,10:38:50,4.3,4.15,3000,4.25,1000,0,120500
RELIANCE30Jan201680CE.NFO,07/01/2020,10:38:57,4.3,4.2,1500,4.25,1000,0,120500
RELIANCE30Jan201680CE.NFO,07/01/2020,10:39:43,4.3,4.15,1000,4.2,1000,0,120500
RELIANCE30Jan201680CE.NFO,07/01/2020,10:40:04,4.3,4.15,1000,4.2,500,0,120500
RELIANCE30Jan201680CE.NFO,07/01/2020,10:40:10,4.2,4.15,2500,4.25,1500,500,121500
RELIANCE30Jan201680CE.NFO,07/01/2020,10:40:23,4.2,4.15,2500,4.25,1500,0,121500
RELIANCE30Jan201680CE.NFO,07/01/2020,10:40:27,4.2,4.15,3000,4.25,1500,0,121500
RELIANCE30Jan201680CE.NFO,07/01/2020,10:40:31,4.2,4.15,2500,4.25,1500,0,121500
RELIANCE30Jan201680CE.NFO,07/01/2020,10:40:35,4.2,4.15,2500,4.25,2000,0,121500
RELIANCE30Jan201680CE.NFO,07/01/2020,10:40:38,4.2,4.15,2500,4.25,1500,0,121500
RELIANCE30Jan201680CE.NFO,07/01/2020,10:40:55,4.2,4.15,3500,4.25,1000,0,121500
RELIANCE30Jan201680CE.NFO,07/01/2020,10:40:58,4.2,4.15,3500,4.25,500,0,121500
RELIANCE30Jan201680CE.NFO,07/01/2020,10:41:02,4.2,4.2,1500,4.25,500,0,121500
RELIANCE30Jan201680CE.NFO,07/01/2020,10:41:08,4.2,4.15,2500,4.25,1500,0,121500
RELIANCE30Jan201680CE.NFO,07/01/2020,10:41:11,4.2,4.15,3000,4.25,1500,0,121500
RELIANCE30Jan201680CE.NFO,07/01/2020,10:41:14,4.2,4.15,2500,4.25,1500,0,121500
RELIANCE30Jan201680CE.NFO,07/01/2020,10:41:26,4.25,4.2,1500,4.3,1500,500,121500
RELIANCE30Jan201680CE.NFO,07/01/2020,10:41:37,4.25,4.2,1500,4.25,1000,0,121500
RELIANCE30Jan201680CE.NFO,07/01/2020,10:41:41,4.25,4.2,1500,4.25,500,0,121500
RELIANCE30Jan201680CE.NFO,07/01/2020,10:41:44,4.25,4.2,1500,4.3,3000,500,122000
RELIANCE30Jan201680CE.NFO,07/01/2020,10:41:55,4.25,4.2,1500,4.3,3000,0,122000
RELIANCE30Jan201680CE.NFO,07/01/2020,10:41:59,4.25,4.2,1500,4.3,3500,0,122000
RELIANCE30Jan201680CE.NFO,07/01/2020,10:42:03,4.25,4.2,1500,4.25,500,0,122000
RELIANCE30Jan201680CE.NFO,07/01/2020,10:42:08,4.25,4.2,1500,4.3,3000,0,122000
RELIANCE30Jan201680CE.NFO,07/01/2020,10:42:13,4.25,4.2,1500,4.25,500,0,122000
RELIANCE30Jan201680CE.NFO,07/01/2020,10:42:18,4.25,4.2,1500,4.3,3500,0,122000
RELIANCE30Jan201680CE.NFO,07/01/2020,10:42:24,4.25,4.2,1500,4.25,500,0,122000
RELIANCE30Jan201680CE.NFO,07/01/2020,10:42:31,4.25,4.15,2500,4.25,500,0,122000
RELIANCE30Jan201680CE.NFO,07/01/2020,10:42:41,4.25,4.15,3000,4.25,500,0,122000
RELIANCE30Jan201680CE.NFO,07/01/2020,10:42:44,4.25,4.15,2500,4.25,500,0,122000
RELIANCE30Jan201680CE.NFO,07/01/2020,10:42:47,4.25,4.15,2500,4.25,1000,0,122000
RELIANCE30Jan201680CE.NFO,07/01/2020,10:42:52,4.25,4.15,1500,4.25,500,0,122000
RELIANCE30Jan201680CE.NFO,07/01/2020,10:42:57,4.25,4.15,1500,4.25,1000,0,122000
RELIANCE30Jan201680CE.NFO,07/01/2020,10:43:04,4.25,4.15,1500,4.25,500,0,122000
RELIANCE30Jan201680CE.NFO,07/01/2020,10:43:20,4.25,4.15,1500,4.25,1000,0,122000
RELIANCE30Jan201680CE.NFO,07/01/2020,10:43:28,4.25,4.2,500,4.25,500,0,122000
RELIANCE30Jan201680CE.NFO,07/01/2020,10:43:32,4.25,4.2,2000,4.25,500,0,122000
RELIANCE30Jan201680CE.NFO,07/01/2020,10:43:35,4.25,4.2,1500,4.25,500,0,122000
RELIANCE30Jan201680CE.NFO,07/01/2020,10:43:39,4.25,4.15,2500,4.25,1000,0,122000
RELIANCE30Jan201680CE.NFO,07/01/2020,10:43:57,4.25,4.15,2500,4.25,500,0,122000
RELIANCE30Jan201680CE.NFO,07/01/2020,10:44:00,4.25,4.15,3000,4.25,500,0,122000
RELIANCE30Jan201680CE.NFO,07/01/2020,10:44:02,4.25,4.15,2500,4.25,500,0,122000
RELIANCE30Jan201680CE.NFO,07/01/2020,10:44:07,4.25,4.15,3000,4.25,500,0,122000
RELIANCE30Jan201680CE.NFO,07/01/2020,10:44:14,4.25,4.15,2500,4.25,2000,0,122000
RELIANCE30Jan201680CE.NFO,07/01/2020,10:44:29,4.25,4.15,2500,4.25,2500,0,122000
RELIANCE30Jan201680CE.NFO,07/01/2020,10:44:32,4.25,4.15,2000,4.25,2500,0,122000
RELIANCE30Jan201680CE.NFO,07/01/2020,10:44:34,4.25,4.15,2000,4.25,2000,0,122000
RELIANCE30Jan201680CE.NFO,07/01/2020,10:44:41,4.25,4.15,2000,4.25,2500,0,122000
RELIANCE30Jan201680CE.NFO,07/01/2020,10:44:44,4.25,4.15,2000,4.2,500,0,122000
RELIANCE30Jan201680CE.NFO,07/01/2020,10:44:46,4.25,4.15,2000,4.25,2000,0,122000
RELIANCE30Jan201680CE.NFO,07/01/2020,10:44:49,4.25,4.15,2000,4.25,2500,0,122000
RELIANCE30Jan201680CE.NFO,07/01/2020,10:44:56,4.25,4.15,2000,4.25,2000,0,122000
RELIANCE30Jan201680CE.NFO,07/01/2020,10:45:06,4.25,4.15,2000,4.25,2500,0,122000
RELIANCE30Jan201680CE.NFO,07/01/2020,10:45:10,4.25,4.15,3000,4.25,500,0,122000
RELIANCE30Jan201680CE.NFO,07/01/2020,10:45:15,4.25,4.15,3500,4.25,500,0,122000
RELIANCE30Jan201680CE.NFO,07/01/2020,10:45:20,4.2,4.2,1000,4.3,2500,1000,121000
RELIANCE30Jan201680CE.NFO,07/01/2020,10:45:25,4.2,4.2,1000,4.3,2000,0,121000
RELIANCE30Jan201680CE.NFO,07/01/2020,10:45:32,4.2,4.2,1000,4.3,3000,0,121000
RELIANCE30Jan201680CE.NFO,07/01/2020,10:45:35,4.2,4.2,500,4.25,500,0,121000
RELIANCE30Jan201680CE.NFO,07/01/2020,10:45:38,4.2,4.2,500,4.3,3000,0,121000
RELIANCE30Jan201680CE.NFO,07/01/2020,10:45:50,4.2,4.25,500,4.3,500,0,121000
RELIANCE30Jan201680CE.NFO,07/01/2020,10:45:53,4.2,4.2,3000,4.3,500,0,121000
RELIANCE30Jan201680CE.NFO,07/01/2020,10:45:58,4.2,4.2,3500,4.3,500,0,121000
RELIANCE30Jan201680CE.NFO,07/01/2020,10:46:01,4.2,4.2,3000,4.3,500,0,121000
RELIANCE30Jan201680CE.NFO,07/01/2020,10:46:18,4.2,4.2,3500,4.35,3000,0,121000
RELIANCE30Jan201680CE.NFO,07/01/2020,10:46:22,4.2,4.2,3500,4.3,500,0,121000
RELIANCE30Jan201680CE.NFO,07/01/2020,10:46:25,4.2,4.2,4000,4.3,500,0,121000
RELIANCE30Jan201680CE.NFO,07/01/2020,10:46:29,4.2,4.2,3500,4.3,500,0,121000
RELIANCE30Jan201680CE.NFO,07/01/2020,10:46:32,4.2,4.2,4000,4.3,500,0,121000
RELIANCE30Jan201680CE.NFO,07/01/2020,10:46:36,4.2,4.25,500,4.3,500,0,121000
RELIANCE30Jan201680CE.NFO,07/01/2020,10:46:39,4.2,4.2,3500,4.3,500,0,121000
RELIANCE30Jan201680CE.NFO,07/01/2020,10:46:42,4.2,4.25,1000,4.35,3000,0,121000
RELIANCE30Jan201680CE.NFO,07/01/2020,10:46:45,4.2,4.25,500,4.35,3000,0,121000
RELIANCE30Jan201680CE.NFO,07/01/2020,10:46:50,4.2,4.25,500,4.3,500,0,121000
RELIANCE30Jan201680CE.NFO,07/01/2020,10:46:53,4.2,4.25,500,4.35,3000,0,121000
RELIANCE30Jan201680CE.NFO,07/01/2020,10:46:56,4.2,4.25,500,4.35,3500,0,121000
RELIANCE30Jan201680CE.NFO,07/01/2020,10:47:00,4.2,4.25,500,4.35,3000,0,121000
RELIANCE30Jan201680CE.NFO,07/01/2020,10:47:21,4.2,4.25,2000,4.35,1000,0,121000
RELIANCE30Jan201680CE.NFO,07/01/2020,10:47:25,4.2,4.25,2000,4.3,500,0,121000
RELIANCE30Jan201680CE.NFO,07/01/2020,10:47:29,4.2,4.25,2000,4.35,1000,0,121000
RELIANCE30Jan201680CE.NFO,07/01/2020,10:47:37,4.2,4.25,3000,4.35,1000,0,121000
RELIANCE30Jan201680CE.NFO,07/01/2020,10:47:40,4.2,4.25,3000,4.35,1500,0,121000
RELIANCE30Jan201680CE.NFO,07/01/2020,10:47:44,4.2,4.25,3000,4.35,1000,0,121000
RELIANCE30Jan201680CE.NFO,07/01/2020,10:47:59,4.2,4.25,3000,4.35,1500,0,121000
RELIANCE30Jan201680CE.NFO,07/01/2020,10:48:07,4.2,4.25,3000,4.35,1000,0,121000
RELIANCE30Jan201680CE.NFO,07/01/2020,10:48:16,4.2,4.3,500,4.35,500,0,121000
RELIANCE30Jan201680CE.NFO,07/01/2020,10:48:19,4.2,4.25,3000,4.35,1000,0,121000
RELIANCE30Jan201680CE.NFO,07/01/2020,10:48:26,4.2,4.25,2500,4.35,1000,0,121000
RELIANCE30Jan201680CE.NFO,07/01/2020,10:48:32,4.2,4.25,2500,4.3,500,0,121000
RELIANCE30Jan201680CE.NFO,07/01/2020,10:48:43,4.2,4.25,2500,4.35,1000,0,121000
RELIANCE30Jan201680CE.NFO,07/01/2020,10:48:58,4.2,4.25,3000,4.35,1000,0,121000
RELIANCE30Jan201680CE.NFO,07/01/2020,10:49:05,4.2,4.25,2500,4.35,1000,0,121000
RELIANCE30Jan201680CE.NFO,07/01/2020,10:49:08,4.2,4.25,2500,4.35,1500,0,121000
RELIANCE30Jan201680CE.NFO,07/01/2020,10:49:16,4.2,4.25,2500,4.3,500,0,121000
RELIANCE30Jan201680CE.NFO,07/01/2020,10:49:51,4.2,4.2,3000,4.3,500,0,121000
RELIANCE30Jan201680CE.NFO,07/01/2020,10:50:11,4.2,4.2,3000,4.3,1000,0,121000
RELIANCE30Jan201680CE.NFO,07/01/2020,10:50:16,4.2,4.2,3000,4.3,500,0,121000
RELIANCE30Jan201680CE.NFO,07/01/2020,10:50:38,4.2,4.2,1000,4.3,2000,0,121000
RELIANCE30Jan201680CE.NFO,07/01/2020,10:50:43,4.2,4.2,2500,4.3,1000,0,121000
RELIANCE30Jan201680CE.NFO,07/01/2020,10:51:04,4.2,4.2,1000,4.3,3000,0,121000
RELIANCE30Jan201680CE.NFO,07/01/2020,10:51:12,4.2,4.2,1000,4.3,2500,0,121000
RELIANCE30Jan201680CE.NFO,07/01/2020,10:51:16,4.2,4.2,1000,4.3,3000,0,121000
RELIANCE30Jan201680CE.NFO,07/01/2020,10:51:20,4.2,4.2,1000,4.25,500,0,121000
RELIANCE30Jan201680CE.NFO,07/01/2020,10:51:24,4.2,4.2,3000,4.3,500,0,121000
RELIANCE30Jan201680CE.NFO,07/01/2020,10:51:44,4.2,4.2,3500,4.3,500,0,121000
RELIANCE30Jan201680CE.NFO,07/01/2020,10:51:48,4.2,4.25,1500,4.35,1000,0,121000
RELIANCE30Jan201680CE.NFO,07/01/2020,10:51:53,4.2,4.25,3000,4.35,1000,0,121000
RELIANCE30Jan201680CE.NFO,07/01/2020,10:51:57,4.2,4.25,1500,4.3,1000,0,121000
RELIANCE30Jan201680CE.NFO,07/01/2020,10:52:04,4.2,4.2,3500,4.3,1000,0,121000
RELIANCE30Jan201680CE.NFO,07/01/2020,10:52:09,4.25,4.2,3000,4.3,1500,500,120500
RELIANCE30Jan201680CE.NFO,07/01/2020,10:52:19,4.25,4.2,3500,4.3,500,0,120500
RELIANCE30Jan201680CE.NFO,07/01/2020,10:52:28,4.25,4.2,3000,4.3,500,0,120500
RELIANCE30Jan201680CE.NFO,07/01/2020,10:52:32,4.3,4.3,500,4.35,1000,500,120500
RELIANCE30Jan201680CE.NFO,07/01/2020,10:52:36,4.3,4.25,4000,4.35,1000,0,120500
RELIANCE30Jan201680CE.NFO,07/01/2020,10:52:40,4.3,4.3,500,4.35,500,0,120500
RELIANCE30Jan201680CE.NFO,07/01/2020,10:52:44,4.3,4.3,2000,4.35,500,0,120500
RELIANCE30Jan201680CE.NFO,07/01/2020,10:52:48,4.35,4.3,3000,4.4,1000,500,120500
RELIANCE30Jan201680CE.NFO,07/01/2020,10:52:52,4.35,4.3,3000,4.4,1000,0,120500
RELIANCE30Jan201680CE.NFO,07/01/2020,10:52:57,4.35,4.3,2500,4.4,1000,0,120500
RELIANCE30Jan201680CE.NFO,07/01/2020,10:53:04,4.35,4.35,500,4.4,1000,0,120500
RELIANCE30Jan201680CE.NFO,07/01/2020,10:53:10,4.35,4.3,3000,4.4,1000,0,120500
RELIANCE30Jan201680CE.NFO,07/01/2020,10:53:17,4.35,4.3,1500,4.4,1000,500,120500
RELIANCE30Jan201680CE.NFO,07/01/2020,10:53:23,4.35,4.25,4000,4.35,1000,0,120500
RELIANCE30Jan201680CE.NFO,07/01/2020,10:53:29,4.35,4.25,3000,4.3,1000,0,120500
RELIANCE30Jan201680CE.NFO,07/01/2020,10:53:34,4.35,4.25,3500,4.3,1000,0,120500
RELIANCE30Jan201680CE.NFO,07/01/2020,10:53:40,4.35,4.25,3000,4.3,1000,0,120500
RELIANCE30Jan201680CE.NFO,07/01/2020,10:53:51,4.35,4.2,3000,4.3,1000,0,120500
RELIANCE30Jan201680CE.NFO,07/01/2020,10:53:58,4.35,4.2,2000,4.25,1000,0,120500
RELIANCE30Jan201680CE.NFO,07/01/2020,10:54:04,4.35,4.2,2000,4.25,500,0,120500
RELIANCE30Jan201680CE.NFO,07/01/2020,10:54:16,4.25,4.2,2500,4.3,1500,500,121000
RELIANCE30Jan201680CE.NFO,07/01/2020,10:54:22,4.25,4.2,2500,4.3,500,0,121000
RELIANCE30Jan201680CE.NFO,07/01/2020,10:54:27,4.25,4.2,3000,4.3,500,0,121000
RELIANCE30Jan201680CE.NFO,07/01/2020,10:54:32,4.25,4.2,2500,4.3,500,0,121000
RELIANCE30Jan201680CE.NFO,07/01/2020,10:54:36,4.25,4.2,4000,4.3,500,0,121000
RELIANCE30Jan201680CE.NFO,07/01/2020,10:54:41,4.25,4.25,500,4.3,500,0,121000
RELIANCE30Jan201680CE.NFO,07/01/2020,10:54:50,4.25,4.3,500,4.4,3500,0,121000
RELIANCE30Jan201680CE.NFO,07/01/2020,10:54:55,4.25,4.25,3500,4.4,4000,0,121000
RELIANCE30Jan201680CE.NFO,07/01/2020,10:55:04,4.25,4.25,3000,4.35,1500,0,121000
RELIANCE30Jan201680CE.NFO,07/01/2020,10:55:26,4.25,4.25,3500,4.35,1500,0,121000
RELIANCE30Jan201680CE.NFO,07/01/2020,10:55:42,4.25,4.25,3000,4.35,1500,0,121000
RELIANCE30Jan201680CE.NFO,07/01/2020,10:55:46,4.25,4.25,3500,4.35,1500,0,121000
RELIANCE30Jan201680CE.NFO,07/01/2020,10:55:51,4.25,4.25,2000,4.3,500,0,121000
RELIANCE30Jan201680CE.NFO,07/01/2020,10:55:56,4.3,4.25,3000,4.35,1000,500,121000
RELIANCE30Jan201680CE.NFO,07/01/2020,10:56:00,4.3,4.25,2500,4.35,1000,0,121000
RELIANCE30Jan201680CE.NFO,07/01/2020,10:56:05,4.3,4.25,3000,4.35,1000,0,121000
RELIANCE30Jan201680CE.NFO,07/01/2020,10:56:17,4.3,4.25,3500,4.35,1000,0,121000
RELIANCE30Jan201680CE.NFO,07/01/2020,10:56:21,4.3,4.25,3000,4.35,500,0,121000
RELIANCE30Jan201680CE.NFO,07/01/2020,10:56:30,4.3,4.25,3000,4.3,500,0,121000
RELIANCE30Jan201680CE.NFO,07/01/2020,10:56:35,4.3,4.2,4000,4.3,500,0,121000
RELIANCE30Jan201680CE.NFO,07/01/2020,10:56:40,4.3,4.25,1500,4.35,2000,0,121000
RELIANCE30Jan201680CE.NFO,07/01/2020,10:56:45,4.3,4.25,2500,4.35,1500,0,121000
RELIANCE30Jan201680CE.NFO,07/01/2020,10:56:49,4.3,4.25,2500,4.35,2000,0,121000
RELIANCE30Jan201680CE.NFO,07/01/2020,10:56:54,4.3,4.25,2500,4.35,1000,0,121000
RELIANCE30Jan201680CE.NFO,07/01/2020,10:56:58,4.3,4.25,2500,4.35,1500,0,121000
RELIANCE30Jan201680CE.NFO,07/01/2020,10:57:02,4.3,4.25,1000,4.35,2500,0,121000
RELIANCE30Jan201680CE.NFO,07/01/2020,10:57:06,4.3,4.2,3500,4.35,3000,0,121000
RELIANCE30Jan201680CE.NFO,07/01/2020,10:57:12,4.3,4.2,3500,4.3,500,0,121000
RELIANCE30Jan201680CE.NFO,07/01/2020,10:57:19,4.3,4.25,1500,4.35,3500,0,121000
RELIANCE30Jan201680CE.NFO,07/01/2020,10:57:26,4.3,4.2,3500,4.35,3000,0,121000
RELIANCE30Jan201680CE.NFO,07/01/2020,10:57:32,4.3,4.2,3500,4.3,500,0,121000
RELIANCE30Jan201680CE.NFO,07/01/2020,10:57:38,4.3,4.2,4000,4.35,3000,0,121000
RELIANCE30Jan201680CE.NFO,07/01/2020,10:57:44,4.3,4.25,1500,4.35,3500,0,121000
RELIANCE30Jan201680CE.NFO,07/01/2020,10:57:50,4.3,4.25,2500,4.35,2000,0,121000
RELIANCE30Jan201680CE.NFO,07/01/2020,10:57:55,4.3,4.25,2500,4.35,2500,0,121000
RELIANCE30Jan201680CE.NFO,07/01/2020,10:58:04,4.3,4.2,3500,4.3,500,0,121000
RELIANCE30Jan201680CE.NFO,07/01/2020,10:58:14,4.3,4.25,1000,4.35,3500,0,121000
RELIANCE30Jan201680CE.NFO,07/01/2020,10:58:25,4.3,4.2,3500,4.35,3500,0,121000
RELIANCE30Jan201680CE.NFO,07/01/2020,10:58:30,4.3,4.2,3500,4.3,1000,0,121000
RELIANCE30Jan201680CE.NFO,07/01/2020,10:58:41,4.3,4.2,3000,4.3,1000,0,121000
RELIANCE30Jan201680CE.NFO,07/01/2020,10:58:47,4.25,4.2,4000,4.35,3000,500,121000
RELIANCE30Jan201680CE.NFO,07/01/2020,10:58:53,4.25,4.2,4000,4.35,3000,0,121000
RELIANCE30Jan201680CE.NFO,07/01/2020,10:58:58,4.25,4.2,500,4.3,3500,0,121000
RELIANCE30Jan201680CE.NFO,07/01/2020,10:59:04,4.25,4.15,3000,4.3,3500,0,121000
RELIANCE30Jan201680CE.NFO,07/01/2020,10:59:10,4.25,4.2,4000,4.3,500,0,121000
RELIANCE30Jan201680CE.NFO,07/01/2020,10:59:15,4.25,4.2,4500,4.35,3000,0,121000
RELIANCE30Jan201680CE.NFO,07/01/2020,10:59:19,4.25,4.2,4000,4.35,2500,0,121000
RELIANCE30Jan201680CE.NFO,07/01/2020,10:59:24,4.25,4.2,4500,4.35,3500,0,121000
RELIANCE30Jan201680CE.NFO,07/01/2020,10:59:30,4.25,4.2,2500,4.3,500,0,121000
RELIANCE30Jan201680CE.NFO,07/01/2020,10:59:35,4.25,4.15,3500,4.3,4000,0,121000
RELIANCE30Jan201680CE.NFO,07/01/2020,10:59:41,4.25,4.15,3000,4.25,3000,0,121000
RELIANCE30Jan201680CE.NFO,07/01/2020,10:59:47,4.25,4.15,3500,4.25,500,0,121000
RELIANCE30Jan201680CE.NFO,07/01/2020,10:59:52,4.25,4.15,2000,4.25,2500,0,121000
RELIANCE30Jan201680CE.NFO,07/01/2020,10:59:57,4.25,4.15,3500,4.25,500,0,121000
RELIANCE30Jan201680CE.NFO,07/01/2020,11:00:02,4.25,4.1,3500,4.2,500,0,121000
RELIANCE30Jan201680CE.NFO,07/01/2020,11:00:29,4.25,4.1,1500,4.2,500,0,121000
RELIANCE30Jan201680CE.NFO,07/01/2020,11:00:36,4.15,4.1,500,4.15,1500,500,121000
RELIANCE30Jan201680CE.NFO,07/01/2020,11:00:43,4.15,4.05,3500,4.15,1500,500,121000
RELIANCE30Jan201680CE.NFO,07/01/2020,11:00:56,4.15,4.05,4000,4.15,2000,0,121000
RELIANCE30Jan201680CE.NFO,07/01/2020,11:01:04,4.15,4,2500,4.1,1500,0,121000
RELIANCE30Jan201680CE.NFO,07/01/2020,11:01:12,4.05,4,1500,4.05,500,500,121000
RELIANCE30Jan201680CE.NFO,07/01/2020,11:01:19,4.05,4,1000,4.1,2500,500,121000
RELIANCE30Jan201680CE.NFO,07/01/2020,11:01:27,4.05,3.95,3000,4.1,3000,0,121000
RELIANCE30Jan201680CE.NFO,07/01/2020,11:01:34,4.05,3.95,2500,4.1,3000,0,121000
RELIANCE30Jan201680CE.NFO,07/01/2020,11:01:41,4.05,3.9,2500,4,500,0,121000
RELIANCE30Jan201680CE.NFO,07/01/2020,11:01:49,4,3.95,3500,4.05,500,500,121000
RELIANCE30Jan201680CE.NFO,07/01/2020,11:01:58,4,3.95,2500,4.05,500,0,121000
RELIANCE30Jan201680CE.NFO,07/01/2020,11:02:04,4,3.95,3000,4.05,500,0,121000
RELIANCE30Jan201680CE.NFO,07/01/2020,11:02:11,4,3.95,2500,4.05,2000,0,121000
RELIANCE30Jan201680CE.NFO,07/01/2020,11:02:18,4,3.95,2500,4.05,500,0,121000
RELIANCE30Jan201680CE.NFO,07/01/2020,11:02:25,4,3.95,3000,4.05,500,0,121000
RELIANCE30Jan201680CE.NFO,07/01/2020,11:02:32,4,3.95,2500,4.05,500,0,121000
RELIANCE30Jan201680CE.NFO,07/01/2020,11:02:39,4,3.95,2500,4.1,3000,0,121000
RELIANCE30Jan201680CE.NFO,07/01/2020,11:02:45,4,3.95,1000,4.05,3000,0,121000
RELIANCE30Jan201680CE.NFO,07/01/2020,11:02:51,4,3.95,1000,4,2500,0,121000
RELIANCE30Jan201680CE.NFO,07/01/2020,11:02:58,4,3.85,4500,4,3500,0,121000
RELIANCE30Jan201680CE.NFO,07/01/2020,11:03:04,4,3.9,1500,4,3500,0,121000
RELIANCE30Jan201680CE.NFO,07/01/2020,11:03:11,4,3.85,4500,4,4000,0,121000
RELIANCE30Jan201680CE.NFO,07/01/2020,11:03:18,3.9,3.85,3500,4,4500,2500,121500
RELIANCE30Jan201680CE.NFO,07/01/2020,11:03:24,3.9,3.85,3500,4,4000,0,121500
RELIANCE30Jan201680CE.NFO,07/01/2020,11:03:30,3.9,3.95,500,4.05,3000,0,121500
RELIANCE30Jan201680CE.NFO,07/01/2020,11:03:35,3.9,3.85,3500,3.95,500,500,121500
RELIANCE30Jan201680CE.NFO,07/01/2020,11:03:43,3.9,3.8,1000,3.9,2500,0,121500
RELIANCE30Jan201680CE.NFO,07/01/2020,11:03:50,3.9,3.8,3000,3.95,3500,0,121500
RELIANCE30Jan201680CE.NFO,07/01/2020,11:03:56,3.9,3.85,500,3.95,2000,0,121500
RELIANCE30Jan201680CE.NFO,07/01/2020,11:04:03,3.9,3.8,2500,3.9,1500,0,121500
RELIANCE30Jan201680CE.NFO,07/01/2020,11:04:10,3.9,3.85,1000,3.95,2500,0,121500
RELIANCE30Jan201680CE.NFO,07/01/2020,11:04:17,3.9,3.85,4500,4,4000,0,121500
RELIANCE30Jan201680CE.NFO,07/01/2020,11:04:23,3.9,3.9,3500,4,3000,0,121500
RELIANCE30Jan201680CE.NFO,07/01/2020,11:04:29,3.9,3.9,4500,4,500,0,121500
RELIANCE30Jan201680CE.NFO,07/01/2020,11:04:36,4,3.85,3000,3.95,500,500,121500
RELIANCE30Jan201680CE.NFO,07/01/2020,11:04:43,4,3.9,3500,4.05,4500,0,121500
RELIANCE30Jan201680CE.NFO,07/01/2020,11:04:50,4,3.95,1500,4.05,3500,0,121500
RELIANCE30Jan201680CE.NFO,07/01/2020,11:04:57,4,3.95,3000,4.05,3500,0,121500
RELIANCE30Jan201680CE.NFO,07/01/2020,11:05:04,4,3.95,500,4,500,0,121500
RELIANCE30Jan201680CE.NFO,07/01/2020,11:05:10,4,3.9,2500,4,2000,0,121500
RELIANCE30Jan201680CE.NFO,07/01/2020,11:05:17,4,3.95,500,4.05,4500,0,121500
RELIANCE30Jan201680CE.NFO,07/01/2020,11:05:24,4,3.9,3500,4,500,0,121500
RELIANCE30Jan201680CE.NFO,07/01/2020,11:05:30,4,3.9,1500,4,2000,0,121500
RELIANCE30Jan201680CE.NFO,07/01/2020,11:05:37,4,3.95,500,4,1500,0,121500
RELIANCE30Jan201680CE.NFO,07/01/2020,11:05:43,4,3.9,1500,4,1500,0,121500
RELIANCE30Jan201680CE.NFO,07/01/2020,11:05:49,4,3.9,3000,4,1500,0,121500
RELIANCE30Jan201680CE.NFO,07/01/2020,11:05:57,4,3.9,3500,4.05,11500,0,121500
RELIANCE30Jan201680CE.NFO,07/01/2020,11:06:03,4,3.9,2500,4,1500,0,121500
RELIANCE30Jan201680CE.NFO,07/01/2020,11:06:10,4,3.9,3500,4,1500,0,121500
RELIANCE30Jan201680CE.NFO,07/01/2020,11:06:17,4,3.9,4000,4,1500,0,121500
RELIANCE30Jan201680CE.NFO,07/01/2020,11:06:23,4,3.9,3500,4.05,4500,0,121500
RELIANCE30Jan201680CE.NFO,07/01/2020,11:06:30,4,3.95,500,4.05,3500,0,121500
RELIANCE30Jan201680CE.NFO,07/01/2020,11:06:35,4,3.95,500,4.05,3000,0,121500
RELIANCE30Jan201680CE.NFO,07/01/2020,11:06:40,4,3.9,3000,4.05,4500,500,122000
RELIANCE30Jan201680CE.NFO,07/01/2020,11:06:46,4,3.95,1000,4.05,4500,0,122000
RELIANCE30Jan201680CE.NFO,07/01/2020,11:06:51,4,3.95,1000,4.05,4000,0,122000
RELIANCE30Jan201680CE.NFO,07/01/2020,11:07:02,4,3.9,1500,4,2500,0,122000
RELIANCE30Jan201680CE.NFO,07/01/2020,11:07:08,4,3.85,3000,4,3500,0,122000
RELIANCE30Jan201680CE.NFO,07/01/2020,11:07:13,4,3.85,4500,4,3500,0,122000
RELIANCE30Jan201680CE.NFO,07/01/2020,11:07:18,4,3.9,2500,4,1000,0,122000
RELIANCE30Jan201680CE.NFO,07/01/2020,11:07:23,4,3.9,2500,4.05,4000,0,122000
RELIANCE30Jan201680CE.NFO,07/01/2020,11:07:28,4,3.9,3000,4.05,4000,0,122000
RELIANCE30Jan201680CE.NFO,07/01/2020,11:07:39,4,3.9,3000,4,3000,0,122000
RELIANCE30Jan201680CE.NFO,07/01/2020,11:07:44,4,3.9,1500,4,3000,0,122000
RELIANCE30Jan201680CE.NFO,07/01/2020,11:07:49,4,3.9,1500,4,2000,0,122000
RELIANCE30Jan201680CE.NFO,07/01/2020,11:07:54,4,3.9,1500,4,2500,0,122000
RELIANCE30Jan201680CE.NFO,07/01/2020,11:07:58,4,3.9,2000,4,1500,0,122000
RELIANCE30Jan201680CE.NFO,07/01/2020,11:08:08,4,3.9,500,4,3500,0,122000
RELIANCE30Jan201680CE.NFO,07/01/2020,11:08:13,4,3.9,2500,4,3000,0,122000
RELIANCE30Jan201680CE.NFO,07/01/2020,11:08:18,4,3.85,3500,4,4000,0,122000
RELIANCE30Jan201680CE.NFO,07/01/2020,11:08:23,4,3.9,1000,4,4000,0,122000
RELIANCE30Jan201680CE.NFO,07/01/2020,11:08:28,4,3.9,1500,4,2500,0,122000
RELIANCE30Jan201680CE.NFO,07/01/2020,11:08:33,4,3.95,500,4,1500,0,122000
RELIANCE30Jan201680CE.NFO,07/01/2020,11:08:39,4,3.9,1000,4,2000,0,122000
RELIANCE30Jan201680CE.NFO,07/01/2020,11:08:44,4,3.9,1500,4,3000,0,122000
RELIANCE30Jan201680CE.NFO,07/01/2020,11:08:48,3.95,3.9,1000,4,2500,500,120000
RELIANCE30Jan201680CE.NFO,07/01/2020,11:08:56,3.95,3.85,4000,4,3500,0,120000
RELIANCE30Jan201680CE.NFO,07/01/2020,11:09:01,3.95,3.9,500,4,2500,0,120000
RELIANCE30Jan201680CE.NFO,07/01/2020,11:09:06,3.95,3.9,1500,4,3000,0,120000
RELIANCE30Jan201680CE.NFO,07/01/2020,11:09:10,3.95,3.9,1000,4,3000,0,120000
RELIANCE30Jan201680CE.NFO,07/01/2020,11:09:16,3.95,3.9,2500,4,2000,0,120000
RELIANCE30Jan201680CE.NFO,07/01/2020,11:09:21,3.95,3.9,1000,4,2000,0,120000
RELIANCE30Jan201680CE.NFO,07/01/2020,11:09:37,3.95,3.9,1000,3.95,1000,0,120000
RELIANCE30Jan201680CE.NFO,07/01/2020,11:09:42,3.95,3.9,1000,4,2000,0,120000
RELIANCE30Jan201680CE.NFO,07/01/2020,11:09:47,3.95,3.9,1000,4,2500,0,120000
RELIANCE30Jan201680CE.NFO,07/01/2020,11:09:51,3.95,3.9,1000,4,3000,0,120000
RELIANCE30Jan201680CE.NFO,07/01/2020,11:09:55,3.95,3.9,500,3.95,500,0,120000
RELIANCE30Jan201680CE.NFO,07/01/2020,11:09:59,3.95,3.9,1000,4,2500,0,120000
RELIANCE30Jan201680CE.NFO,07/01/2020,11:10:03,3.95,3.9,1000,3.95,2000,0,120000
RELIANCE30Jan201680CE.NFO,07/01/2020,11:10:08,3.95,3.85,1000,3.95,2000,0,120000
RELIANCE30Jan201680CE.NFO,07/01/2020,11:10:27,3.95,3.85,1000,3.95,2500,0,120000
RELIANCE30Jan201680CE.NFO,07/01/2020,11:10:31,3.95,3.85,1000,3.95,2000,0,120000
RELIANCE30Jan201680CE.NFO,07/01/2020,11:10:34,3.95,3.8,4000,3.95,2500,0,120000
RELIANCE30Jan201680CE.NFO,07/01/2020,11:10:38,3.95,3.8,1500,3.9,3000,0,120000
RELIANCE30Jan201680CE.NFO,07/01/2020,11:10:42,3.95,3.8,1500,3.9,2500,0,120000
RELIANCE30Jan201680CE.NFO,07/01/2020,11:10:45,3.95,3.8,1500,3.9,3000,0,120000
RELIANCE30Jan201680CE.NFO,07/01/2020,11:10:48,3.95,3.8,1500,3.9,2500,0,120000
RELIANCE30Jan201680CE.NFO,07/01/2020,11:10:59,3.95,3.8,500,3.9,3000,0,120000
RELIANCE30Jan201680CE.NFO,07/01/2020,11:11:02,3.95,3.8,1500,3.9,2500,0,120000
RELIANCE30Jan201680CE.NFO,07/01/2020,11:11:08,3.95,3.8,500,3.9,3000,0,120000
RELIANCE30Jan201680CE.NFO,07/01/2020,11:11:12,3.95,3.75,3500,3.85,1000,0,120000
RELIANCE30Jan201680CE.NFO,07/01/2020,11:11:19,3.95,3.75,2000,3.85,3000,0,120000
RELIANCE30Jan201680CE.NFO,07/01/2020,11:11:27,3.95,3.75,1000,3.85,3000,0,120000
RELIANCE30Jan201680CE.NFO,07/01/2020,11:11:35,3.95,3.75,1500,3.85,3000,0,120000
RELIANCE30Jan201680CE.NFO,07/01/2020,11:11:43,3.95,3.75,2500,3.85,3000,0,120000
RELIANCE30Jan201680CE.NFO,07/01/2020,11:11:49,3.95,3.75,5500,3.9,2500,0,120000
RELIANCE30Jan201680CE.NFO,07/01/2020,11:11:55,3.95,3.7,5500,3.8,1500,0,120000
RELIANCE30Jan201680CE.NFO,07/01/2020,11:12:03,3.75,3.7,1000,3.8,2000,500,120500
RELIANCE30Jan201680CE.NFO,07/01/2020,11:12:11,3.75,3.7,3500,3.85,3000,0,120500
RELIANCE30Jan201680CE.NFO,07/01/2020,11:12:19,3.75,3.75,3000,3.8,500,0,120500
RELIANCE30Jan201680CE.NFO,07/01/2020,11:12:24,3.75,3.75,3000,3.85,1500,0,120500
RELIANCE30Jan201680CE.NFO,07/01/2020,11:12:30,3.75,3.8,1500,3.9,1500,0,120500
RELIANCE30Jan201680CE.NFO,07/01/2020,11:12:36,3.75,3.8,1500,3.85,500,0,120500
RELIANCE30Jan201680CE.NFO,07/01/2020,11:12:41,3.75,3.75,3000,3.85,500,0,120500
RELIANCE30Jan201680CE.NFO,07/01/2020,11:12:47,3.75,3.8,2500,3.9,4000,0,120500
RELIANCE30Jan201680CE.NFO,07/01/2020,11:12:53,3.75,3.75,3000,3.9,3500,0,120500
RELIANCE30Jan201680CE.NFO,07/01/2020,11:13:07,3.75,3.75,3000,3.85,500,0,120500
RELIANCE30Jan201680CE.NFO,07/01/2020,11:13:13,3.75,3.75,3000,3.85,1500,0,120500
RELIANCE30Jan201680CE.NFO,07/01/2020,11:13:18,3.75,3.75,3000,3.9,3000,0,120500
RELIANCE30Jan201680CE.NFO,07/01/2020,11:13:24,3.75,3.75,3000,3.9,3500,0,120500
RELIANCE30Jan201680CE.NFO,07/01/2020,11:13:29,3.75,3.8,1000,3.9,2500,0,120500
RELIANCE30Jan201680CE.NFO,07/01/2020,11:13:35,3.75,3.75,3000,3.85,1500,0,120500
RELIANCE30Jan201680CE.NFO,07/01/2020,11:13:42,3.75,3.75,3000,3.85,500,0,120500
RELIANCE30Jan201680CE.NFO,07/01/2020,11:13:47,3.75,3.75,3000,3.9,3000,0,120500
RELIANCE30Jan201680CE.NFO,07/01/2020,11:13:58,3.75,3.8,1500,3.9,2500,0,120500
RELIANCE30Jan201680CE.NFO,07/01/2020,11:14:03,3.75,3.8,3000,3.9,1500,0,120500
RELIANCE30Jan201680CE.NFO,07/01/2020,11:14:13,3.75,3.85,2500,3.95,1500,0,120500
RELIANCE30Jan201680CE.NFO,07/01/2020,11:14:19,3.75,3.85,1000,3.95,1500,0,120500
RELIANCE30Jan201680CE.NFO,07/01/2020,11:14:24,3.75,3.8,3000,3.9,500,0,120500
RELIANCE30Jan201680CE.NFO,07/01/2020,11:14:28,3.75,3.8,3000,3.95,2500,0,120500
RELIANCE30Jan201680CE.NFO,07/01/2020,11:14:33,3.75,3.8,2000,3.9,1500,0,120500
RELIANCE30Jan201680CE.NFO,07/01/2020,11:14:38,3.75,3.8,2500,3.9,2500,0,120500
RELIANCE30Jan201680CE.NFO,07/01/2020,11:14:52,3.75,3.8,500,3.9,2500,0,120500
RELIANCE30Jan201680CE.NFO,07/01/2020,11:14:57,3.75,3.8,500,3.9,3000,0,120500
RELIANCE30Jan201680CE.NFO,07/01/2020,11:15:10,3.75,3.75,3000,3.9,2500,0,120500
RELIANCE30Jan201680CE.NFO,07/01/2020,11:15:16,3.75,3.75,3000,3.9,3000,0,120500
RELIANCE30Jan201680CE.NFO,07/01/2020,11:15:22,3.75,3.75,3000,3.9,2500,0,120500
RELIANCE30Jan201680CE.NFO,07/01/2020,11:15:27,3.75,3.75,3000,3.85,500,0,120500
RELIANCE30Jan201680CE.NFO,07/01/2020,11:15:46,3.75,3.75,3000,3.9,3000,0,120500
RELIANCE30Jan201680CE.NFO,07/01/2020,11:15:50,3.75,3.75,3000,3.85,500,0,120500
RELIANCE30Jan201680CE.NFO,07/01/2020,11:16:17,3.75,3.75,2500,3.85,1500,0,120500
RELIANCE30Jan201680CE.NFO,07/01/2020,11:16:23,3.8,3.75,3500,3.85,1000,1000,121000
RELIANCE30Jan201680CE.NFO,07/01/2020,11:16:29,3.8,3.75,3500,3.9,3000,0,121000
RELIANCE30Jan201680CE.NFO,07/01/2020,11:16:34,3.8,3.8,500,3.9,3000,0,121000
RELIANCE30Jan201680CE.NFO,07/01/2020,11:16:39,3.8,3.75,2000,3.85,2500,0,121000
RELIANCE30Jan201680CE.NFO,07/01/2020,11:16:44,3.8,3.75,4000,3.85,2500,0,121000
RELIANCE30Jan201680CE.NFO,07/01/2020,11:16:49,3.8,3.75,3000,3.9,3500,0,121000
RELIANCE30Jan201680CE.NFO,07/01/2020,11:16:55,3.8,3.8,500,3.9,2500,0,121000
RELIANCE30Jan201680CE.NFO,07/01/2020,11:17:05,3.8,3.75,1500,3.85,1500,0,121000
RELIANCE30Jan201680CE.NFO,07/01/2020,11:17:16,3.8,3.75,3500,3.85,1500,0,121000
RELIANCE30Jan201680CE.NFO,07/01/2020,11:17:22,3.8,3.8,1500,3.9,1500,0,121000
RELIANCE30Jan201680CE.NFO,07/01/2020,11:17:27,3.8,3.8,2500,3.95,4000,0,121000
RELIANCE30Jan201680CE.NFO,07/01/2020,11:17:38,3.8,3.85,500,3.95,3000,0,121000
RELIANCE30Jan201680CE.NFO,07/01/2020,11:17:45,3.8,3.85,500,3.95,1500,0,121000
RELIANCE30Jan201680CE.NFO,07/01/2020,11:17:51,3.8,3.85,1000,3.95,1500,0,121000
RELIANCE30Jan201680CE.NFO,07/01/2020,11:17:55,3.8,3.8,4000,3.95,3000,0,121000
RELIANCE30Jan201680CE.NFO,07/01/2020,11:18:00,3.8,3.8,3500,3.95,2500,0,121000
RELIANCE30Jan201680CE.NFO,07/01/2020,11:18:09,3.8,3.85,2000,3.95,2500,0,121000
RELIANCE30Jan201680CE.NFO,07/01/2020,11:18:14,3.8,3.85,2000,3.9,500,0,121000
RELIANCE30Jan201680CE.NFO,07/01/2020,11:18:19,3.8,3.85,2500,3.95,2000,0,121000
RELIANCE30Jan201680CE.NFO,07/01/2020,11:18:23,3.8,3.85,2000,3.95,2000,0,121000
RELIANCE30Jan201680CE.NFO,07/01/2020,11:18:28,3.8,3.9,500,4,4000,0,121000
RELIANCE30Jan201680CE.NFO,07/01/2020,11:18:33,3.8,3.9,500,3.95,1000,0,121000
RELIANCE30Jan201680CE.NFO,07/01/2020,11:18:38,3.8,3.9,500,4,3500,0,121000
RELIANCE30Jan201680CE.NFO,07/01/2020,11:18:46,3.95,3.85,3000,4,3000,500,120000
RELIANCE30Jan201680CE.NFO,07/01/2020,11:18:53,3.95,3.9,1500,4,1000,0,120000
RELIANCE30Jan201680CE.NFO,07/01/2020,11:18:59,3.95,3.9,1500,4.05,4000,0,120000
RELIANCE30Jan201680CE.NFO,07/01/2020,11:19:05,3.95,3.9,3000,4.05,4000,0,120000
RELIANCE30Jan201680CE.NFO,07/01/2020,11:19:11,3.95,3.95,500,4.05,4000,0,120000
RELIANCE30Jan201680CE.NFO,07/01/2020,11:19:16,3.95,3.9,3000,4.05,4000,0,120000
RELIANCE30Jan201680CE.NFO,07/01/2020,11:19:25,3.95,3.9,1000,4,3500,500,120000
RELIANCE30Jan201680CE.NFO,07/01/2020,11:19:33,3.95,3.9,1000,4,1500,0,120000
RELIANCE30Jan201680CE.NFO,07/01/2020,11:19:50,3.95,3.9,500,4,2500,0,120000
RELIANCE30Jan201680CE.NFO,07/01/2020,11:19:55,3.95,3.85,3000,3.95,500,0,120000
RELIANCE30Jan201680CE.NFO,07/01/2020,11:19:58,3.95,3.9,500,4,3000,0,120000
RELIANCE30Jan201680CE.NFO,07/01/2020,11:20:02,3.95,3.85,3000,4,3500,0,120000
RELIANCE30Jan201680CE.NFO,07/01/2020,11:20:08,3.95,3.8,3000,3.9,500,0,120000
RELIANCE30Jan201680CE.NFO,07/01/2020,11:20:14,3.95,3.85,3000,3.95,1500,0,120000
RELIANCE30Jan201680CE.NFO,07/01/2020,11:20:19,3.9,3.85,2000,3.95,1000,500,120000
RELIANCE30Jan201680CE.NFO,07/01/2020,11:20:29,3.9,3.85,1500,3.95,2500,0,120000
RELIANCE30Jan201680CE.NFO,07/01/2020,11:20:35,3.9,3.85,500,3.95,2500,0,120000
RELIANCE30Jan201680CE.NFO,07/01/2020,11:20:46,3.9,3.9,500,3.95,1500,0,120000
RELIANCE30Jan201680CE.NFO,07/01/2020,11:20:52,3.9,3.85,3500,4,2500,0,120000
RELIANCE30Jan201680CE.NFO,07/01/2020,11:20:58,3.9,3.85,3000,4,2500,0,120000
RELIANCE30Jan201680CE.NFO,07/01/2020,11:21:03,3.9,3.9,500,4,2500,0,120000
RELIANCE30Jan201680CE.NFO,07/01/2020,11:21:08,3.9,3.85,3000,4,2500,0,120000
RELIANCE30Jan201680CE.NFO,07/01/2020,11:21:13,3.9,3.85,3500,4,2500,0,120000
RELIANCE30Jan201680CE.NFO,07/01/2020,11:21:18,3.9,3.85,3500,4,3500,0,120000
RELIANCE30Jan201680CE.NFO,07/01/2020,11:21:22,3.9,3.9,500,3.95,1500,0,120000
RELIANCE30Jan201680CE.NFO,07/01/2020,11:21:26,3.9,3.9,500,3.95,2000,0,120000
RELIANCE30Jan201680CE.NFO,07/01/2020,11:21:32,3.9,3.85,2000,3.95,2500,500,120000
RELIANCE30Jan201680CE.NFO,07/01/2020,11:21:38,3.9,3.85,1500,3.95,1500,0,120000
RELIANCE30Jan201680CE.NFO,07/01/2020,11:21:43,3.9,3.85,1500,3.95,2500,0,120000
RELIANCE30Jan201680CE.NFO,07/01/2020,11:21:56,3.9,3.85,500,3.95,3000,0,120000
RELIANCE30Jan201680CE.NFO,07/01/2020,11:22:01,3.9,3.75,2500,3.85,500,0,120000
RELIANCE30Jan201680CE.NFO,07/01/2020,11:22:05,3.9,3.8,500,3.9,2500,0,120000
RELIANCE30Jan201680CE.NFO,07/01/2020,11:22:17,3.9,3.8,500,3.9,3000,0,120000
RELIANCE30Jan201680CE.NFO,07/01/2020,11:22:21,3.9,3.8,500,3.9,2500,0,120000
RELIANCE30Jan201680CE.NFO,07/01/2020,11:22:30,3.9,3.8,500,3.9,3000,0,120000
RELIANCE30Jan201680CE.NFO,07/01/2020,11:22:34,3.85,3.8,500,3.9,1500,500,120000
RELIANCE30Jan201680CE.NFO,07/01/2020,11:22:38,3.85,3.8,500,3.9,3000,0,120000
RELIANCE30Jan201680CE.NFO,07/01/2020,11:22:45,3.85,3.8,500,3.9,1500,0,120000
RELIANCE30Jan201680CE.NFO,07/01/2020,11:22:48,3.85,3.8,500,3.9,2500,0,120000
RELIANCE30Jan201680CE.NFO,07/01/2020,11:22:51,3.85,3.8,500,3.85,500,0,120000
RELIANCE30Jan201680CE.NFO,07/01/2020,11:22:56,3.85,3.8,500,3.9,2500,0,120000
RELIANCE30Jan201680CE.NFO,07/01/2020,11:23:05,3.85,3.85,500,3.95,1500,0,120000
RELIANCE30Jan201680CE.NFO,07/01/2020,11:23:09,3.85,3.85,1500,3.95,1500,0,120000
RELIANCE30Jan201680CE.NFO,07/01/2020,11:23:15,3.85,3.85,2000,3.95,1500,0,120000
RELIANCE30Jan201680CE.NFO,07/01/2020,11:23:20,3.85,3.9,500,3.95,2000,0,120000
RELIANCE30Jan201680CE.NFO,07/01/2020,11:23:24,3.85,3.85,500,3.95,2500,0,120000
RELIANCE30Jan201680CE.NFO,07/01/2020,11:23:29,3.85,3.8,3500,3.95,2500,0,120000
RELIANCE30Jan201680CE.NFO,07/01/2020,11:23:33,3.85,3.8,2500,3.9,1500,0,120000
RELIANCE30Jan201680CE.NFO,07/01/2020,11:23:38,3.85,3.8,1000,3.9,1500,500,121000
RELIANCE30Jan201680CE.NFO,07/01/2020,11:23:43,3.85,3.8,3500,3.95,3500,0,121000
RELIANCE30Jan201680CE.NFO,07/01/2020,11:23:48,3.85,3.85,3500,4,3000,0,121000
RELIANCE30Jan201680CE.NFO,07/01/2020,11:24:00,3.85,3.9,1000,4,2000,0,121000
RELIANCE30Jan201680CE.NFO,07/01/2020,11:24:05,3.85,3.9,4000,4.05,2500,0,121000
RELIANCE30Jan201680CE.NFO,07/01/2020,11:24:10,3.85,3.9,2000,4,1500,0,121000
RELIANCE30Jan201680CE.NFO,07/01/2020,11:24:15,3.85,3.9,500,3.95,2000,0,121000
RELIANCE30Jan201680CE.NFO,07/01/2020,11:24:19,3.85,3.9,500,4,1500,0,121000
RELIANCE30Jan201680CE.NFO,07/01/2020,11:24:23,3.85,3.9,1000,4,2000,0,121000
RELIANCE30Jan201680CE.NFO,07/01/2020,11:24:28,3.85,3.9,1000,4,1500,0,121000
RELIANCE30Jan201680CE.NFO,07/01/2020,11:24:33,3.85,3.9,2500,4,1500,0,121000
RELIANCE30Jan201680CE.NFO,07/01/2020,11:24:38,3.85,3.9,4000,4.05,3500,0,121000
RELIANCE30Jan201680CE.NFO,07/01/2020,11:24:42,4,3.95,1000,4.05,2000,500,121000
RELIANCE30Jan201680CE.NFO,07/01/2020,11:24:47,4,3.9,3500,4,500,0,121000
RELIANCE30Jan201680CE.NFO,07/01/2020,11:25:00,3.95,3.9,2500,4,2000,500,121000
RELIANCE30Jan201680CE.NFO,07/01/2020,11:25:05,3.95,3.9,3500,4,2000,0,121000
RELIANCE30Jan201680CE.NFO,07/01/2020,11:25:10,3.95,3.9,2000,4,2000,0,121000
RELIANCE30Jan201680CE.NFO,07/01/2020,11:25:14,3.95,3.9,1000,3.95,500,0,121000
RELIANCE30Jan201680CE.NFO,07/01/2020,11:25:18,3.95,3.9,1000,4,2500,0,121000
RELIANCE30Jan201680CE.NFO,07/01/2020,11:25:24,3.95,3.9,1000,4,3000,0,121000
RELIANCE30Jan201680CE.NFO,07/01/2020,11:25:30,3.95,3.9,1000,4,2500,0,121000
RELIANCE30Jan201680CE.NFO,07/01/2020,11:25:34,3.95,3.9,1000,4,1500,0,121000
RELIANCE30Jan201680CE.NFO,07/01/2020,11:25:43,3.95,3.9,3500,4.05,3500,0,121000
RELIANCE30Jan201680CE.NFO,07/01/2020,11:25:48,3.95,3.9,1000,4,1500,0,121000
