Ticker,Date,Time,LTP,BuyPrice,BuyQty,SellPrice,SellQty,LTQ,OpenInterest
RELIANCE30Jan201560PE.NFO,07/01/2020,09:15:14,62,55.95,3000,63.15,3000,500,198000
RELIANCE30Jan201560PE.NFO,07/01/2020,09:15:14,62,55.95,3000,63.15,3000,0,198000
RELIANCE30Jan201560PE.NFO,07/01/2020,09:15:14,62,55.95,3000,63.15,3000,0,198000
RELIANCE30Jan201560PE.NFO,07/01/2020,09:15:14,62,55.95,3000,63.15,3000,0,198000
RELIANCE30Jan201560PE.NFO,07/01/2020,09:15:15,62,56,500,63.05,4000,0,198000
RELIANCE30Jan201560PE.NFO,07/01/2020,09:15:16,62,55.55,500,62.9,500,0,198000
RELIANCE30Jan201560PE.NFO,07/01/2020,09:15:17,62,56.75,500,62.3,4000,0,198000
RELIANCE30Jan201560PE.NFO,07/01/2020,09:15:18,62,56.7,500,62.15,7000,0,198000
RELIANCE30Jan201560PE.NFO,07/01/2020,09:15:19,62,56.8,500,62.05,11000,0,198000
RELIANCE30Jan201560PE.NFO,07/01/2020,09:15:20,62,56.8,500,61.95,6000,0,198000
RELIANCE30Jan201560PE.NFO,07/01/2020,09:15:21,62,56.5,500,61.65,3000,0,198000
RELIANCE30Jan201560PE.NFO,07/01/2020,09:15:22,62,56.1,500,61.55,3500,0,198000
RELIANCE30Jan201560PE.NFO,07/01/2020,09:15:23,62,56.45,500,60.6,4000,0,198000
RELIANCE30Jan201560PE.NFO,07/01/2020,09:15:24,62,55.7,500,60.15,500,0,198000
RELIANCE30Jan201560PE.NFO,07/01/2020,09:15:25,62,55.95,500,59.95,500,0,198000
RELIANCE30Jan201560PE.NFO,07/01/2020,09:15:26,62,55.7,500,59.85,500,0,198000
RELIANCE30Jan201560PE.NFO,07/01/2020,09:15:27,62,55.55,500,59.75,500,0,198000
RELIANCE30Jan201560PE.NFO,07/01/2020,09:15:27,62,55.65,500,59.75,500,0,198000
RELIANCE30Jan201560PE.NFO,07/01/2020,09:15:28,62,54.8,1000,59.2,500,0,198000
RELIANCE30Jan201560PE.NFO,07/01/2020,09:15:30,62,55.8,500,59,500,0,198000
RELIANCE30Jan201560PE.NFO,07/01/2020,09:15:31,62,55.75,500,58.9,500,0,198000
RELIANCE30Jan201560PE.NFO,07/01/2020,09:15:32,62,55.55,500,58.8,500,0,198000
RELIANCE30Jan201560PE.NFO,07/01/2020,09:15:33,62,55.35,500,58.7,500,0,198000
RELIANCE30Jan201560PE.NFO,07/01/2020,09:15:34,62,55.55,500,58.6,500,0,198000
RELIANCE30Jan201560PE.NFO,07/01/2020,09:15:35,62,55.4,500,58.55,2500,0,198000
RELIANCE30Jan201560PE.NFO,07/01/2020,09:15:36,62,55.3,500,58.4,500,0,198000
RELIANCE30Jan201560PE.NFO,07/01/2020,09:15:37,62,55.2,500,58.3,500,0,198000
RELIANCE30Jan201560PE.NFO,07/01/2020,09:15:38,62,55.15,500,58.2,500,0,198000
RELIANCE30Jan201560PE.NFO,07/01/2020,09:15:39,62,55.1,500,58.1,500,0,198000
RELIANCE30Jan201560PE.NFO,07/01/2020,09:15:40,62,55.3,500,57.95,500,0,198000
RELIANCE30Jan201560PE.NFO,07/01/2020,09:15:41,62,55.3,500,57.9,1500,0,198000
RELIANCE30Jan201560PE.NFO,07/01/2020,09:15:42,62,54.55,500,57.8,500,0,198000
RELIANCE30Jan201560PE.NFO,07/01/2020,09:15:43,62,54.9,500,57.7,500,0,198000
RELIANCE30Jan201560PE.NFO,07/01/2020,09:15:44,62,54.85,500,57.65,4000,0,198000
RELIANCE30Jan201560PE.NFO,07/01/2020,09:15:45,62,54.9,1000,57.5,500,0,198000
RELIANCE30Jan201560PE.NFO,07/01/2020,09:15:46,62,54.9,4000,57.45,4500,0,198000
RELIANCE30Jan201560PE.NFO,07/01/2020,09:15:47,62,54.9,1000,57.3,500,0,198000
RELIANCE30Jan201560PE.NFO,07/01/2020,09:15:48,62,54.9,1000,57.25,2000,0,198000
RELIANCE30Jan201560PE.NFO,07/01/2020,09:15:49,62,55.1,1000,57.25,2000,0,198000
RELIANCE30Jan201560PE.NFO,07/01/2020,09:15:50,62,55.1,1000,57.25,1500,0,198000
RELIANCE30Jan201560PE.NFO,07/01/2020,09:15:51,62,55.1,1000,57.15,500,0,198000
RELIANCE30Jan201560PE.NFO,07/01/2020,09:15:53,62,55.1,1000,57,2000,0,198000
RELIANCE30Jan201560PE.NFO,07/01/2020,09:15:54,62,54.6,500,56.85,500,0,198000
RELIANCE30Jan201560PE.NFO,07/01/2020,09:15:55,62,54.6,1000,56.9,2000,0,198000
RELIANCE30Jan201560PE.NFO,07/01/2020,09:15:56,62,54.6,1000,56.8,500,0,198000
RELIANCE30Jan201560PE.NFO,07/01/2020,09:15:57,62,54.6,1000,56.8,2000,0,198000
RELIANCE30Jan201560PE.NFO,07/01/2020,09:15:58,62,54.6,1000,56.75,2500,0,198000
RELIANCE30Jan201560PE.NFO,07/01/2020,09:15:59,62,54.6,1000,56.7,2000,0,198000
RELIANCE30Jan201560PE.NFO,07/01/2020,09:16:00,62,54.7,1000,56.7,500,0,198000
RELIANCE30Jan201560PE.NFO,07/01/2020,09:16:01,62,54.7,1000,56.65,1500,0,198000
RELIANCE30Jan201560PE.NFO,07/01/2020,09:16:02,62,54.7,1000,56.55,500,0,198000
RELIANCE30Jan201560PE.NFO,07/01/2020,09:16:02,62,54.7,1000,56.5,500,0,198000
RELIANCE30Jan201560PE.NFO,07/01/2020,09:16:04,62,54.45,500,56.35,500,0,198000
RELIANCE30Jan201560PE.NFO,07/01/2020,09:16:05,62,54.45,500,56.3,1500,0,198000
RELIANCE30Jan201560PE.NFO,07/01/2020,09:16:06,62,54.75,500,56.3,1500,0,198000
RELIANCE30Jan201560PE.NFO,07/01/2020,09:16:07,62,54.35,500,56.3,1500,0,198000
RELIANCE30Jan201560PE.NFO,07/01/2020,09:16:08,62,54.45,500,56.15,500,0,198000
RELIANCE30Jan201560PE.NFO,07/01/2020,09:16:09,62,54.2,500,56.1,2500,0,198000
RELIANCE30Jan201560PE.NFO,07/01/2020,09:16:10,62,54.25,500,55.95,2000,0,198000
RELIANCE30Jan201560PE.NFO,07/01/2020,09:16:12,62,54.6,500,55.95,500,0,198000
RELIANCE30Jan201560PE.NFO,07/01/2020,09:16:13,62,54.25,500,55.85,500,0,198000
RELIANCE30Jan201560PE.NFO,07/01/2020,09:16:14,54.6,53.75,500,55.6,500,500,198000
RELIANCE30Jan201560PE.NFO,07/01/2020,09:16:14,54.6,53.75,500,55.6,500,0,198000
RELIANCE30Jan201560PE.NFO,07/01/2020,09:16:15,53.7,53.6,500,55.3,500,500,198000
RELIANCE30Jan201560PE.NFO,07/01/2020,09:16:15,53.7,53.6,500,55.3,500,0,198000
RELIANCE30Jan201560PE.NFO,07/01/2020,09:16:16,55.2,53.55,500,55.35,1500,500,198000
RELIANCE30Jan201560PE.NFO,07/01/2020,09:16:17,55.2,53.65,500,55.35,500,0,198000
RELIANCE30Jan201560PE.NFO,07/01/2020,09:16:18,55.2,53.7,1000,55.35,500,0,198000
RELIANCE30Jan201560PE.NFO,07/01/2020,09:16:19,55.2,54.05,500,55.25,500,0,198000
RELIANCE30Jan201560PE.NFO,07/01/2020,09:16:20,55.2,54.2,500,55.2,500,0,198000
RELIANCE30Jan201560PE.NFO,07/01/2020,09:16:21,55.2,53.6,1000,55.15,500,0,198000
RELIANCE30Jan201560PE.NFO,07/01/2020,09:16:23,55.2,54.15,500,55.55,1000,0,198000
RELIANCE30Jan201560PE.NFO,07/01/2020,09:16:24,55.2,54.35,500,55.5,500,0,198000
RELIANCE30Jan201560PE.NFO,07/01/2020,09:16:25,55.2,54.3,500,55.85,1000,0,198000
RELIANCE30Jan201560PE.NFO,07/01/2020,09:16:26,55.2,54.4,500,55.85,1000,0,198000
RELIANCE30Jan201560PE.NFO,07/01/2020,09:16:27,55.2,54.45,500,55.85,500,0,198000
RELIANCE30Jan201560PE.NFO,07/01/2020,09:16:27,55.2,54.4,500,55.85,500,0,198000
RELIANCE30Jan201560PE.NFO,07/01/2020,09:16:28,55.2,54.9,500,55.85,500,0,198000
RELIANCE30Jan201560PE.NFO,07/01/2020,09:16:29,55.2,54.45,500,55.75,500,0,198000
RELIANCE30Jan201560PE.NFO,07/01/2020,09:16:31,55.2,54.25,500,56.1,1500,0,198000
RELIANCE30Jan201560PE.NFO,07/01/2020,09:16:32,55.2,54.5,500,56,1000,0,198000
RELIANCE30Jan201560PE.NFO,07/01/2020,09:16:33,55.2,54.25,500,55.9,500,0,198000
RELIANCE30Jan201560PE.NFO,07/01/2020,09:16:34,55.2,54.4,500,56,1000,0,198000
RELIANCE30Jan201560PE.NFO,07/01/2020,09:16:35,55.2,54.25,500,56,1000,0,198000
RELIANCE30Jan201560PE.NFO,07/01/2020,09:16:36,55.2,54.9,500,56,500,0,198000
RELIANCE30Jan201560PE.NFO,07/01/2020,09:16:40,54.4,53.65,16000,55.9,500,1000,198000
RELIANCE30Jan201560PE.NFO,07/01/2020,09:16:41,54.4,53.65,15000,55.65,1000,0,198000
RELIANCE30Jan201560PE.NFO,07/01/2020,09:16:42,54.4,53.65,16000,55.55,1000,0,198000
RELIANCE30Jan201560PE.NFO,07/01/2020,09:16:43,54.4,54.4,500,56.05,500,0,198000
RELIANCE30Jan201560PE.NFO,07/01/2020,09:16:44,54.4,54.5,1000,55.95,500,0,198000
RELIANCE30Jan201560PE.NFO,07/01/2020,09:16:45,54.4,54.75,2500,55.75,500,0,198000
RELIANCE30Jan201560PE.NFO,07/01/2020,09:16:45,54.4,54.75,1000,55.75,500,0,198000
RELIANCE30Jan201560PE.NFO,07/01/2020,09:16:46,54.4,54.5,500,56.3,500,0,198000
RELIANCE30Jan201560PE.NFO,07/01/2020,09:16:47,54.4,54.55,3000,56.1,500,0,198000
RELIANCE30Jan201560PE.NFO,07/01/2020,09:16:49,54.4,54.55,2500,55.9,500,0,198000
RELIANCE30Jan201560PE.NFO,07/01/2020,09:16:50,54.4,54.65,500,55.8,500,0,198000
RELIANCE30Jan201560PE.NFO,07/01/2020,09:16:51,54.4,54.65,1000,56,500,0,198000
RELIANCE30Jan201560PE.NFO,07/01/2020,09:16:52,54.4,54.75,500,55.9,500,0,198000
RELIANCE30Jan201560PE.NFO,07/01/2020,09:16:53,54.4,54.7,500,56.1,500,0,198000
RELIANCE30Jan201560PE.NFO,07/01/2020,09:16:54,54.4,54.75,500,56.1,500,0,198000
RELIANCE30Jan201560PE.NFO,07/01/2020,09:16:55,54.4,54.65,500,56.25,500,0,198000
RELIANCE30Jan201560PE.NFO,07/01/2020,09:16:56,54.4,54.85,500,56.2,500,0,198000
RELIANCE30Jan201560PE.NFO,07/01/2020,09:16:57,54.4,54.8,1000,56.1,500,0,198000
RELIANCE30Jan201560PE.NFO,07/01/2020,09:16:58,54.4,54.65,1000,56.25,1000,0,198000
RELIANCE30Jan201560PE.NFO,07/01/2020,09:16:59,54.4,54.35,500,56.2,1000,0,198000
RELIANCE30Jan201560PE.NFO,07/01/2020,09:17:00,54.4,54.35,500,55.95,500,0,198000
RELIANCE30Jan201560PE.NFO,07/01/2020,09:17:01,54.4,54.3,15000,56,500,0,198000
RELIANCE30Jan201560PE.NFO,07/01/2020,09:17:02,54.4,54.05,15000,55.85,500,0,198000
RELIANCE30Jan201560PE.NFO,07/01/2020,09:17:03,54.4,54.05,15000,55.85,1000,0,198000
RELIANCE30Jan201560PE.NFO,07/01/2020,09:17:04,54.4,54.05,15000,55.65,500,0,198000
RELIANCE30Jan201560PE.NFO,07/01/2020,09:17:05,54.4,53.8,15000,55.45,500,0,198000
RELIANCE30Jan201560PE.NFO,07/01/2020,09:17:06,54.4,53.65,500,55.65,500,0,198000
RELIANCE30Jan201560PE.NFO,07/01/2020,09:17:07,54.4,53.65,500,55.55,500,0,198000
RELIANCE30Jan201560PE.NFO,07/01/2020,09:17:08,54.4,53.7,3500,55.45,500,0,198000
RELIANCE30Jan201560PE.NFO,07/01/2020,09:17:09,54.4,53.65,500,55.35,500,0,198000
RELIANCE30Jan201560PE.NFO,07/01/2020,09:17:10,54.4,53.7,1000,55.5,500,0,198000
RELIANCE30Jan201560PE.NFO,07/01/2020,09:17:11,54.4,53.6,500,55.15,500,0,198000
RELIANCE30Jan201560PE.NFO,07/01/2020,09:17:12,54.4,53.6,500,55.25,1000,0,198000
RELIANCE30Jan201560PE.NFO,07/01/2020,09:17:13,54.4,53.5,4000,55.15,2500,0,198000
RELIANCE30Jan201560PE.NFO,07/01/2020,09:17:13,54.4,53.6,500,55.15,1000,0,198000
RELIANCE30Jan201560PE.NFO,07/01/2020,09:17:14,54.4,53.55,15500,55.4,500,0,198000
RELIANCE30Jan201560PE.NFO,07/01/2020,09:17:16,54.4,53.65,500,55.2,500,0,198000
RELIANCE30Jan201560PE.NFO,07/01/2020,09:17:17,54.4,53.85,500,55.2,500,0,198000
RELIANCE30Jan201560PE.NFO,07/01/2020,09:17:18,54.4,53.7,1000,55.2,500,0,198000
RELIANCE30Jan201560PE.NFO,07/01/2020,09:17:19,54.4,53.75,500,55.2,1000,0,198000
RELIANCE30Jan201560PE.NFO,07/01/2020,09:17:20,54.4,53.75,500,55.2,500,0,198000
RELIANCE30Jan201560PE.NFO,07/01/2020,09:17:22,54.4,54,500,55.2,500,0,198000
RELIANCE30Jan201560PE.NFO,07/01/2020,09:17:23,54.4,54.1,500,55.2,500,0,198000
RELIANCE30Jan201560PE.NFO,07/01/2020,09:17:24,54.4,54.05,500,55.85,500,0,198000
RELIANCE30Jan201560PE.NFO,07/01/2020,09:17:25,54.4,54.1,3000,55.75,500,0,198000
RELIANCE30Jan201560PE.NFO,07/01/2020,09:17:26,54.4,54.2,2500,55.65,500,0,198000
RELIANCE30Jan201560PE.NFO,07/01/2020,09:17:27,54.4,54.3,1000,55.65,500,0,198000
RELIANCE30Jan201560PE.NFO,07/01/2020,09:17:28,54.4,54.3,1000,55.55,500,0,198000
RELIANCE30Jan201560PE.NFO,07/01/2020,09:17:29,54.4,54.5,500,55.75,500,0,198000
RELIANCE30Jan201560PE.NFO,07/01/2020,09:17:30,54.4,55.2,1000,57.15,500,0,198000
RELIANCE30Jan201560PE.NFO,07/01/2020,09:17:30,54.4,55.35,500,56.95,500,0,198000
RELIANCE30Jan201560PE.NFO,07/01/2020,09:17:32,54.4,55.15,500,56.65,500,0,198000
RELIANCE30Jan201560PE.NFO,07/01/2020,09:17:33,54.4,55.1,500,56.65,500,0,198000
RELIANCE30Jan201560PE.NFO,07/01/2020,09:17:34,54.4,55.1,500,56.55,500,0,198000
RELIANCE30Jan201560PE.NFO,07/01/2020,09:17:35,54.4,54.95,3500,56.65,1000,0,198000
RELIANCE30Jan201560PE.NFO,07/01/2020,09:17:36,54.4,54.95,3000,56.55,1000,0,198000
RELIANCE30Jan201560PE.NFO,07/01/2020,09:17:37,54.4,55,500,56.5,500,0,198000
RELIANCE30Jan201560PE.NFO,07/01/2020,09:17:38,54.4,55.1,500,56.85,500,0,198000
RELIANCE30Jan201560PE.NFO,07/01/2020,09:17:38,54.4,55.15,500,56.85,1000,0,198000
RELIANCE30Jan201560PE.NFO,07/01/2020,09:17:40,54.4,55.3,500,56.85,1000,0,198000
RELIANCE30Jan201560PE.NFO,07/01/2020,09:17:41,54.4,55.1,500,56.75,1000,0,198000
RELIANCE30Jan201560PE.NFO,07/01/2020,09:17:42,54.4,54.6,15000,56.35,500,0,198000
RELIANCE30Jan201560PE.NFO,07/01/2020,09:17:43,54.4,54.7,500,55.8,500,0,198000
RELIANCE30Jan201560PE.NFO,07/01/2020,09:17:44,54.4,54.4,3500,56.15,500,0,198000
RELIANCE30Jan201560PE.NFO,07/01/2020,09:17:45,54.4,54.55,3000,56.05,1000,0,198000
RELIANCE30Jan201560PE.NFO,07/01/2020,09:17:46,54.4,54.6,500,56.05,1000,0,198000
RELIANCE30Jan201560PE.NFO,07/01/2020,09:17:47,54.4,54.7,500,56.4,500,0,198000
RELIANCE30Jan201560PE.NFO,07/01/2020,09:17:48,54.4,54.7,500,56.1,500,0,198000
RELIANCE30Jan201560PE.NFO,07/01/2020,09:17:49,54.4,54.9,500,56.25,500,0,198000
RELIANCE30Jan201560PE.NFO,07/01/2020,09:17:50,54.4,54.65,1000,56.5,1000,0,198000
RELIANCE30Jan201560PE.NFO,07/01/2020,09:17:51,54.4,54.8,1000,56.25,1000,0,198000
RELIANCE30Jan201560PE.NFO,07/01/2020,09:17:52,54.4,54.7,500,56.25,500,0,198000
RELIANCE30Jan201560PE.NFO,07/01/2020,09:17:53,54.4,54.9,500,56.25,1000,0,198000
RELIANCE30Jan201560PE.NFO,07/01/2020,09:17:54,54.4,55.1,500,56.35,500,0,198000
RELIANCE30Jan201560PE.NFO,07/01/2020,09:17:56,54.4,55.2,500,56.35,500,0,198000
RELIANCE30Jan201560PE.NFO,07/01/2020,09:17:57,54.4,55.1,3000,56.2,500,0,198000
RELIANCE30Jan201560PE.NFO,07/01/2020,09:17:58,54.4,55.3,500,56.3,500,0,198000
RELIANCE30Jan201560PE.NFO,07/01/2020,09:17:59,54.4,55,1000,56.95,500,0,198000
RELIANCE30Jan201560PE.NFO,07/01/2020,09:18:00,54.4,55.2,500,56.85,1000,0,198000
RELIANCE30Jan201560PE.NFO,07/01/2020,09:18:01,54.4,55.4,500,56.75,1000,0,198000
RELIANCE30Jan201560PE.NFO,07/01/2020,09:18:02,54.4,54.85,4500,56.55,500,0,198000
RELIANCE30Jan201560PE.NFO,07/01/2020,09:18:03,54.4,54.85,1000,56.25,500,0,198000
RELIANCE30Jan201560PE.NFO,07/01/2020,09:18:04,54.4,54.75,500,56.3,500,0,198000
RELIANCE30Jan201560PE.NFO,07/01/2020,09:18:05,54.4,54.85,500,56.5,500,0,198000
RELIANCE30Jan201560PE.NFO,07/01/2020,09:18:06,54.4,54.7,500,56.2,1000,0,198000
RELIANCE30Jan201560PE.NFO,07/01/2020,09:18:07,54.4,54.7,1000,56.2,1000,0,198000
RELIANCE30Jan201560PE.NFO,07/01/2020,09:18:08,54.4,54.75,500,56.2,1000,0,198000
RELIANCE30Jan201560PE.NFO,07/01/2020,09:18:09,54.4,54.4,1000,56.1,500,0,198000
RELIANCE30Jan201560PE.NFO,07/01/2020,09:18:10,54.4,54.45,3500,56.1,500,0,198000
RELIANCE30Jan201560PE.NFO,07/01/2020,09:18:11,54.4,54.45,1000,55.95,1000,0,198000
RELIANCE30Jan201560PE.NFO,07/01/2020,09:18:12,54.4,54.55,1500,55.95,1000,0,198000
RELIANCE30Jan201560PE.NFO,07/01/2020,09:18:13,54.4,54.6,1000,55.95,1000,0,198000
RELIANCE30Jan201560PE.NFO,07/01/2020,09:18:14,54.4,54.8,1000,55.95,1000,0,198000
RELIANCE30Jan201560PE.NFO,07/01/2020,09:18:15,54.4,54.95,500,55.95,1000,0,198000
RELIANCE30Jan201560PE.NFO,07/01/2020,09:18:16,54.4,54.6,500,55.85,1000,0,198000
RELIANCE30Jan201560PE.NFO,07/01/2020,09:18:17,54.4,54.7,500,55.85,1000,0,198000
RELIANCE30Jan201560PE.NFO,07/01/2020,09:18:18,54.4,54.8,500,55.85,1000,0,198000
RELIANCE30Jan201560PE.NFO,07/01/2020,09:18:19,54.4,54.85,1000,55.85,1000,0,198000
RELIANCE30Jan201560PE.NFO,07/01/2020,09:18:20,54.4,54.4,500,55.6,500,0,198000
RELIANCE30Jan201560PE.NFO,07/01/2020,09:18:21,54.4,54.5,500,55.6,1000,0,198000
RELIANCE30Jan201560PE.NFO,07/01/2020,09:18:22,54.4,54.6,500,55.75,500,0,198000
RELIANCE30Jan201560PE.NFO,07/01/2020,09:18:23,54.4,54.9,500,55.75,500,0,198000
RELIANCE30Jan201560PE.NFO,07/01/2020,09:18:24,54.4,55,3000,55.75,500,0,198000
RELIANCE30Jan201560PE.NFO,07/01/2020,09:18:25,54.4,55.1,1500,56.2,500,0,198000
RELIANCE30Jan201560PE.NFO,07/01/2020,09:18:26,54.4,55.2,1000,56.9,1000,0,198000
RELIANCE30Jan201560PE.NFO,07/01/2020,09:18:27,54.4,55.8,500,56.85,1000,0,198000
RELIANCE30Jan201560PE.NFO,07/01/2020,09:18:28,54.4,55.4,1000,56.75,500,0,198000
RELIANCE30Jan201560PE.NFO,07/01/2020,09:18:29,54.4,55.15,3500,56.75,1000,0,198000
RELIANCE30Jan201560PE.NFO,07/01/2020,09:18:30,54.4,55.35,3000,56.75,1000,0,198000
RELIANCE30Jan201560PE.NFO,07/01/2020,09:18:31,54.4,55.4,1000,56.75,1000,0,198000
RELIANCE30Jan201560PE.NFO,07/01/2020,09:18:32,54.4,55.55,1000,56.75,1000,0,198000
RELIANCE30Jan201560PE.NFO,07/01/2020,09:18:33,54.4,55.55,4500,56.75,1000,0,198000
RELIANCE30Jan201560PE.NFO,07/01/2020,09:18:34,54.4,55.65,500,56.75,1000,0,198000
RELIANCE30Jan201560PE.NFO,07/01/2020,09:18:35,54.4,55.75,500,56.75,1000,0,198000
RELIANCE30Jan201560PE.NFO,07/01/2020,09:18:36,54.4,55.5,500,56.75,1000,0,198000
RELIANCE30Jan201560PE.NFO,07/01/2020,09:18:37,54.4,55.7,1000,57.3,500,0,198000
RELIANCE30Jan201560PE.NFO,07/01/2020,09:18:38,54.4,55.8,500,57.15,500,0,198000
RELIANCE30Jan201560PE.NFO,07/01/2020,09:18:39,54.4,55.85,500,57.15,500,0,198000
RELIANCE30Jan201560PE.NFO,07/01/2020,09:18:40,54.4,56.05,500,57.15,1000,0,198000
RELIANCE30Jan201560PE.NFO,07/01/2020,09:18:41,54.4,56.25,500,57.65,1000,0,198000
RELIANCE30Jan201560PE.NFO,07/01/2020,09:18:42,54.4,56.3,3000,57.65,1000,0,198000
RELIANCE30Jan201560PE.NFO,07/01/2020,09:18:43,54.4,56.4,3000,57.65,1500,0,198000
RELIANCE30Jan201560PE.NFO,07/01/2020,09:18:44,54.4,56.4,2500,57.55,1000,0,198000
RELIANCE30Jan201560PE.NFO,07/01/2020,09:18:46,54.4,56.5,500,57.45,1500,0,198000
RELIANCE30Jan201560PE.NFO,07/01/2020,09:18:48,54.4,56,500,57.35,500,0,198000
RELIANCE30Jan201560PE.NFO,07/01/2020,09:18:49,54.4,55.85,500,57.2,500,0,198000
RELIANCE30Jan201560PE.NFO,07/01/2020,09:18:50,54.4,55.85,500,57.15,1000,0,198000
RELIANCE30Jan201560PE.NFO,07/01/2020,09:18:51,54.4,55.65,4000,56.9,1000,0,198000
RELIANCE30Jan201560PE.NFO,07/01/2020,09:18:52,54.4,55.75,500,56.6,500,0,198000
RELIANCE30Jan201560PE.NFO,07/01/2020,09:18:53,54.4,55.95,500,57.2,500,0,198000
RELIANCE30Jan201560PE.NFO,07/01/2020,09:18:54,54.4,56,4500,57.3,500,0,198000
RELIANCE30Jan201560PE.NFO,07/01/2020,09:18:55,54.4,56.05,500,57.3,500,0,198000
RELIANCE30Jan201560PE.NFO,07/01/2020,09:18:56,54.4,56.2,500,57.25,1000,0,198000
RELIANCE30Jan201560PE.NFO,07/01/2020,09:18:57,54.4,55.95,500,57.25,1000,0,198000
RELIANCE30Jan201560PE.NFO,07/01/2020,09:18:58,54.4,55.95,500,57.15,500,0,198000
RELIANCE30Jan201560PE.NFO,07/01/2020,09:18:59,54.4,56,500,57.05,1000,0,198000
RELIANCE30Jan201560PE.NFO,07/01/2020,09:19:00,54.4,55.95,500,56.95,1000,0,198000
RELIANCE30Jan201560PE.NFO,07/01/2020,09:19:01,54.4,55.65,500,56.95,1000,0,198000
RELIANCE30Jan201560PE.NFO,07/01/2020,09:19:02,54.4,55.6,3000,56.95,1000,0,198000
RELIANCE30Jan201560PE.NFO,07/01/2020,09:19:03,54.4,55.5,1000,56.75,1000,0,198000
RELIANCE30Jan201560PE.NFO,07/01/2020,09:19:04,54.4,55.15,4500,56.65,1000,0,198000
RELIANCE30Jan201560PE.NFO,07/01/2020,09:19:05,54.4,55.3,500,56.55,1000,0,198000
RELIANCE30Jan201560PE.NFO,07/01/2020,09:19:06,54.4,55.35,1000,56.55,1000,0,198000
RELIANCE30Jan201560PE.NFO,07/01/2020,09:19:07,54.4,55.25,500,56.45,1000,0,198000
RELIANCE30Jan201560PE.NFO,07/01/2020,09:19:08,54.4,55.3,500,56.35,500,0,198000
RELIANCE30Jan201560PE.NFO,07/01/2020,09:19:09,54.4,55.25,500,56.25,500,0,198000
RELIANCE30Jan201560PE.NFO,07/01/2020,09:19:10,54.4,55,500,56.05,500,0,198000
RELIANCE30Jan201560PE.NFO,07/01/2020,09:19:11,54.4,55.15,500,56.05,500,0,198000
RELIANCE30Jan201560PE.NFO,07/01/2020,09:19:12,54.4,55.15,500,56.2,500,0,198000
RELIANCE30Jan201560PE.NFO,07/01/2020,09:19:13,54.4,55.35,3500,56.2,500,0,198000
RELIANCE30Jan201560PE.NFO,07/01/2020,09:19:14,54.4,54.8,1000,56.1,500,0,198000
RELIANCE30Jan201560PE.NFO,07/01/2020,09:19:15,54.4,55.05,500,56,1000,0,198000
RELIANCE30Jan201560PE.NFO,07/01/2020,09:19:16,54.4,55.2,500,56.05,1000,0,198000
RELIANCE30Jan201560PE.NFO,07/01/2020,09:19:17,54.4,55.35,500,56.05,500,0,198000
RELIANCE30Jan201560PE.NFO,07/01/2020,09:19:18,54.4,55.4,500,56.05,500,0,198000
RELIANCE30Jan201560PE.NFO,07/01/2020,09:19:19,54.4,55.45,500,56.05,500,0,198000
RELIANCE30Jan201560PE.NFO,07/01/2020,09:19:20,54.4,55.2,500,56.95,2000,0,198000
RELIANCE30Jan201560PE.NFO,07/01/2020,09:19:21,54.4,55.25,3000,56.5,1000,0,198000
RELIANCE30Jan201560PE.NFO,07/01/2020,09:19:22,54.4,55.2,500,56.4,1000,0,198000
RELIANCE30Jan201560PE.NFO,07/01/2020,09:19:23,54.4,55.3,500,56.05,500,0,198000
RELIANCE30Jan201560PE.NFO,07/01/2020,09:19:24,54.4,54.9,2500,55.95,500,0,198000
RELIANCE30Jan201560PE.NFO,07/01/2020,09:19:25,54.4,55,1000,56.2,1000,0,198000
RELIANCE30Jan201560PE.NFO,07/01/2020,09:19:26,54.4,55.15,1000,56.2,1000,0,198000
RELIANCE30Jan201560PE.NFO,07/01/2020,09:19:27,54.4,55.15,500,56.2,1000,0,198000
RELIANCE30Jan201560PE.NFO,07/01/2020,09:19:28,54.4,55.2,1500,56.2,1000,0,198000
RELIANCE30Jan201560PE.NFO,07/01/2020,09:19:29,54.4,55.15,1500,56.1,500,0,198000
RELIANCE30Jan201560PE.NFO,07/01/2020,09:19:30,54.4,55.1,500,56.15,500,0,198000
RELIANCE30Jan201560PE.NFO,07/01/2020,09:19:31,54.4,54.7,3000,56,1000,0,198000
RELIANCE30Jan201560PE.NFO,07/01/2020,09:19:32,54.4,54.8,500,56,1000,0,198000
RELIANCE30Jan201560PE.NFO,07/01/2020,09:19:33,54.4,54.95,1000,56,1000,0,198000
RELIANCE30Jan201560PE.NFO,07/01/2020,09:19:34,54.4,55.15,1000,56,1000,0,198000
RELIANCE30Jan201560PE.NFO,07/01/2020,09:19:35,54.4,55.25,1000,56.05,500,0,198000
RELIANCE30Jan201560PE.NFO,07/01/2020,09:19:36,54.4,55.35,1000,56.05,500,0,198000
RELIANCE30Jan201560PE.NFO,07/01/2020,09:19:37,54.4,55.45,1000,56.2,500,0,198000
RELIANCE30Jan201560PE.NFO,07/01/2020,09:19:38,54.4,55.65,500,56.85,500,0,198000
RELIANCE30Jan201560PE.NFO,07/01/2020,09:19:39,54.4,55.65,500,56.65,500,0,198000
RELIANCE30Jan201560PE.NFO,07/01/2020,09:19:40,54.4,55.1,1000,56.45,500,0,198000
RELIANCE30Jan201560PE.NFO,07/01/2020,09:19:41,54.4,55.2,1000,56.45,500,0,198000
RELIANCE30Jan201560PE.NFO,07/01/2020,09:19:42,54.4,55.3,1000,56.2,500,0,198000
RELIANCE30Jan201560PE.NFO,07/01/2020,09:19:43,54.4,55.3,500,56,500,0,198000
RELIANCE30Jan201560PE.NFO,07/01/2020,09:19:44,54.4,55,1000,55.9,500,0,198000
RELIANCE30Jan201560PE.NFO,07/01/2020,09:19:48,55.85,55.1,1000,56.2,500,500,197000
RELIANCE30Jan201560PE.NFO,07/01/2020,09:19:49,55.85,55.1,500,56.15,500,0,197000
RELIANCE30Jan201560PE.NFO,07/01/2020,09:19:50,55.85,54.95,500,56.05,500,0,197000
RELIANCE30Jan201560PE.NFO,07/01/2020,09:19:52,55.85,54.95,500,56,1000,0,197000
RELIANCE30Jan201560PE.NFO,07/01/2020,09:19:54,55.85,54.95,500,56.05,500,0,197000
RELIANCE30Jan201560PE.NFO,07/01/2020,09:19:55,55.85,54.95,1000,56.15,500,0,197000
RELIANCE30Jan201560PE.NFO,07/01/2020,09:19:56,55.85,55.2,1000,56.35,500,0,197000
RELIANCE30Jan201560PE.NFO,07/01/2020,09:19:57,55.85,55.3,500,56.7,500,0,197000
RELIANCE30Jan201560PE.NFO,07/01/2020,09:19:58,55.85,55.4,1500,56.6,500,0,197000
RELIANCE30Jan201560PE.NFO,07/01/2020,09:19:59,55.85,55.4,2000,56.5,500,0,197000
RELIANCE30Jan201560PE.NFO,07/01/2020,09:20:00,55.85,55.4,1000,56.3,500,0,197000
RELIANCE30Jan201560PE.NFO,07/01/2020,09:20:01,55.85,55.25,500,56.1,500,0,197000
RELIANCE30Jan201560PE.NFO,07/01/2020,09:20:02,55.85,55.25,500,56.15,500,0,197000
RELIANCE30Jan201560PE.NFO,07/01/2020,09:20:03,55.85,55.15,500,56,500,0,197000
RELIANCE30Jan201560PE.NFO,07/01/2020,09:20:06,55.85,55,1000,56,500,0,197000
RELIANCE30Jan201560PE.NFO,07/01/2020,09:20:07,55.85,55,1000,55.95,500,0,197000
RELIANCE30Jan201560PE.NFO,07/01/2020,09:20:08,55.85,54.95,500,55.8,500,0,197000
RELIANCE30Jan201560PE.NFO,07/01/2020,09:20:09,55.85,54.75,500,55.7,500,0,197000
RELIANCE30Jan201560PE.NFO,07/01/2020,09:20:10,55.85,54.75,500,55.6,1000,0,197000
RELIANCE30Jan201560PE.NFO,07/01/2020,09:20:11,55.85,54.8,500,55.55,500,0,197000
RELIANCE30Jan201560PE.NFO,07/01/2020,09:20:15,55.85,54.65,1500,55.6,500,0,197000
RELIANCE30Jan201560PE.NFO,07/01/2020,09:20:22,55.85,54.25,500,54.8,500,0,197000
RELIANCE30Jan201560PE.NFO,07/01/2020,09:20:30,54.9,54.3,1500,55.3,500,500,197500
RELIANCE30Jan201560PE.NFO,07/01/2020,09:20:37,54.9,54.5,1000,55.25,500,0,197500
RELIANCE30Jan201560PE.NFO,07/01/2020,09:20:45,54.9,54.55,1000,55.05,500,0,197500
RELIANCE30Jan201560PE.NFO,07/01/2020,09:20:53,54.9,54.2,1500,55.15,500,0,197500
RELIANCE30Jan201560PE.NFO,07/01/2020,09:21:00,54.9,54.65,1000,55.4,500,0,197500
RELIANCE30Jan201560PE.NFO,07/01/2020,09:21:09,54.9,54.65,500,55.4,500,0,197500
RELIANCE30Jan201560PE.NFO,07/01/2020,09:21:17,54.9,54.6,500,55.1,500,0,197500
RELIANCE30Jan201560PE.NFO,07/01/2020,09:21:24,54.6,54.15,1000,54.8,500,500,197500
RELIANCE30Jan201560PE.NFO,07/01/2020,09:21:31,54.6,54.25,1000,55.05,1000,0,197500
RELIANCE30Jan201560PE.NFO,07/01/2020,09:21:40,54.6,54.45,500,55.2,500,0,197500
RELIANCE30Jan201560PE.NFO,07/01/2020,09:21:48,54.6,54.15,500,55.25,1000,0,197500
RELIANCE30Jan201560PE.NFO,07/01/2020,09:21:56,54.6,54.55,1500,55.45,500,0,197500
RELIANCE30Jan201560PE.NFO,07/01/2020,09:22:03,54.6,54.65,1000,55.45,500,0,197500
RELIANCE30Jan201560PE.NFO,07/01/2020,09:22:12,54.6,54.65,1000,55.5,500,0,197500
RELIANCE30Jan201560PE.NFO,07/01/2020,09:22:20,54.6,54.6,1000,55.4,500,0,197500
RELIANCE30Jan201560PE.NFO,07/01/2020,09:22:27,54.6,54.7,1000,55.55,500,0,197500
RELIANCE30Jan201560PE.NFO,07/01/2020,09:22:35,54.6,54.8,1000,55.7,1500,0,197500
RELIANCE30Jan201560PE.NFO,07/01/2020,09:22:41,54.6,54.4,1000,55.25,500,0,197500
RELIANCE30Jan201560PE.NFO,07/01/2020,09:22:49,54.6,54.5,1500,55.4,500,0,197500
RELIANCE30Jan201560PE.NFO,07/01/2020,09:22:56,54.6,54.4,1000,55.2,500,0,197500
RELIANCE30Jan201560PE.NFO,07/01/2020,09:23:04,54.6,54.2,1000,55,1000,0,197500
RELIANCE30Jan201560PE.NFO,07/01/2020,09:23:11,54.6,54.1,1000,54.95,500,0,197500
RELIANCE30Jan201560PE.NFO,07/01/2020,09:23:18,54.6,54.4,1000,55.2,500,0,197500
RELIANCE30Jan201560PE.NFO,07/01/2020,09:23:25,54.25,53.75,500,54.7,500,1000,197500
RELIANCE30Jan201560PE.NFO,07/01/2020,09:23:31,54.25,54.1,500,54.9,1000,0,197500
RELIANCE30Jan201560PE.NFO,07/01/2020,09:23:37,54.25,53.55,1000,54.45,1000,0,197500
RELIANCE30Jan201560PE.NFO,07/01/2020,09:23:43,54.25,53.65,1000,54.5,1000,0,197500
RELIANCE30Jan201560PE.NFO,07/01/2020,09:23:50,54.25,53.6,1000,54.45,500,0,197500
RELIANCE30Jan201560PE.NFO,07/01/2020,09:24:04,54.25,53.95,1000,54.85,500,0,197500
RELIANCE30Jan201560PE.NFO,07/01/2020,09:24:11,54.25,54.15,1000,55.3,500,0,197500
RELIANCE30Jan201560PE.NFO,07/01/2020,09:24:18,54.25,54.2,500,55,500,0,197500
RELIANCE30Jan201560PE.NFO,07/01/2020,09:24:25,54.25,54.1,500,54.85,500,0,197500
RELIANCE30Jan201560PE.NFO,07/01/2020,09:24:32,54.25,54.1,1500,55,1000,0,197500
RELIANCE30Jan201560PE.NFO,07/01/2020,09:24:38,54.25,54.1,1000,55,500,0,197500
RELIANCE30Jan201560PE.NFO,07/01/2020,09:24:44,54.25,54.25,1000,55.05,500,0,197500
RELIANCE30Jan201560PE.NFO,07/01/2020,09:24:50,54.25,54.35,1000,55.2,500,0,197500
RELIANCE30Jan201560PE.NFO,07/01/2020,09:24:57,54.25,54.4,500,55.15,500,0,197500
RELIANCE30Jan201560PE.NFO,07/01/2020,09:25:03,54.25,54.15,1000,54.9,1000,0,197500
RELIANCE30Jan201560PE.NFO,07/01/2020,09:25:11,54.25,53.75,1000,55,500,0,197500
RELIANCE30Jan201560PE.NFO,07/01/2020,09:25:18,54.25,54.15,1000,54.9,1000,0,197500
RELIANCE30Jan201560PE.NFO,07/01/2020,09:25:25,54.25,54.1,500,54.75,500,0,197500
RELIANCE30Jan201560PE.NFO,07/01/2020,09:25:32,54.25,54.35,1000,55.15,1000,0,197500
RELIANCE30Jan201560PE.NFO,07/01/2020,09:25:39,54.25,54.45,500,55.05,1000,0,197500
RELIANCE30Jan201560PE.NFO,07/01/2020,09:25:47,54.25,54.4,500,55.2,1000,0,197500
RELIANCE30Jan201560PE.NFO,07/01/2020,09:26:02,54.25,54.45,500,55.35,500,0,197500
RELIANCE30Jan201560PE.NFO,07/01/2020,09:26:10,54.25,54.95,500,55.5,500,0,197500
RELIANCE30Jan201560PE.NFO,07/01/2020,09:26:18,54.25,55.35,500,55.8,500,0,197500
RELIANCE30Jan201560PE.NFO,07/01/2020,09:26:24,54.25,55.55,500,55.9,500,0,197500
RELIANCE30Jan201560PE.NFO,07/01/2020,09:26:30,54.25,55.7,500,55.95,500,0,197500
RELIANCE30Jan201560PE.NFO,07/01/2020,09:26:38,55.85,55.95,500,56.35,500,500,196500
RELIANCE30Jan201560PE.NFO,07/01/2020,09:26:44,54.9,55.2,1000,55.6,500,1500,196500
RELIANCE30Jan201560PE.NFO,07/01/2020,09:26:50,55.65,55.4,500,55.85,500,500,196500
RELIANCE30Jan201560PE.NFO,07/01/2020,09:26:56,55.65,55.35,500,55.8,500,0,196500
RELIANCE30Jan201560PE.NFO,07/01/2020,09:27:01,55.65,55.45,500,55.85,500,0,196500
RELIANCE30Jan201560PE.NFO,07/01/2020,09:27:06,55.65,55.4,500,55.8,500,0,196500
RELIANCE30Jan201560PE.NFO,07/01/2020,09:27:11,55.65,55.35,1000,55.85,1000,0,196500
RELIANCE30Jan201560PE.NFO,07/01/2020,09:27:12,55.65,54.7,500,56.1,500,0,196500
RELIANCE30Jan201560PE.NFO,07/01/2020,09:27:13,55.65,55.1,500,55.65,500,0,196500
RELIANCE30Jan201560PE.NFO,07/01/2020,09:27:14,55.65,55.15,500,55.5,500,0,196500
RELIANCE30Jan201560PE.NFO,07/01/2020,09:27:15,55.65,55.2,500,55.6,500,0,196500
RELIANCE30Jan201560PE.NFO,07/01/2020,09:27:16,55.65,55.2,500,55.55,500,0,196500
RELIANCE30Jan201560PE.NFO,07/01/2020,09:27:17,55.65,55.2,500,55.55,1000,0,196500
RELIANCE30Jan201560PE.NFO,07/01/2020,09:27:23,55.65,55.05,500,55.55,1000,0,196500
RELIANCE30Jan201560PE.NFO,07/01/2020,09:27:24,55.65,55.05,500,55.45,1500,0,196500
RELIANCE30Jan201560PE.NFO,07/01/2020,09:27:27,55.05,55.05,500,55.65,1000,500,196500
RELIANCE30Jan201560PE.NFO,07/01/2020,09:27:28,55.05,55.05,500,55.55,500,0,196500
RELIANCE30Jan201560PE.NFO,07/01/2020,09:27:30,55.05,55.1,500,55.5,1000,0,196500
RELIANCE30Jan201560PE.NFO,07/01/2020,09:27:32,55.05,55.1,500,55.55,500,0,196500
RELIANCE30Jan201560PE.NFO,07/01/2020,09:27:33,55.05,55.15,500,55.55,1000,0,196500
RELIANCE30Jan201560PE.NFO,07/01/2020,09:27:34,55.05,55,500,55.55,1000,0,196500
RELIANCE30Jan201560PE.NFO,07/01/2020,09:27:35,55.05,55.15,500,55.55,1000,0,196500
RELIANCE30Jan201560PE.NFO,07/01/2020,09:27:37,55.05,55.15,500,55.65,500,0,196500
RELIANCE30Jan201560PE.NFO,07/01/2020,09:27:38,55.05,55.15,500,55.65,1000,0,196500
RELIANCE30Jan201560PE.NFO,07/01/2020,09:27:39,55.05,55.15,500,55.55,500,0,196500
RELIANCE30Jan201560PE.NFO,07/01/2020,09:27:40,55.05,55.2,500,55.6,500,0,196500
RELIANCE30Jan201560PE.NFO,07/01/2020,09:27:41,55.05,55.25,500,55.6,500,0,196500
RELIANCE30Jan201560PE.NFO,07/01/2020,09:27:42,55.05,55.2,500,55.7,1000,0,196500
RELIANCE30Jan201560PE.NFO,07/01/2020,09:27:44,55.05,55.1,500,55.7,500,0,196500
RELIANCE30Jan201560PE.NFO,07/01/2020,09:27:45,55.05,55.1,500,55.65,1000,0,196500
RELIANCE30Jan201560PE.NFO,07/01/2020,09:27:46,55.05,55,500,55.9,500,0,196500
RELIANCE30Jan201560PE.NFO,07/01/2020,09:27:47,55.05,55.2,500,55.75,500,0,196500
RELIANCE30Jan201560PE.NFO,07/01/2020,09:27:49,55.05,55.2,500,55.8,1000,0,196500
RELIANCE30Jan201560PE.NFO,07/01/2020,09:27:50,55.05,55.05,500,55.65,500,0,196500
RELIANCE30Jan201560PE.NFO,07/01/2020,09:27:51,55.05,55.1,500,55.75,500,0,196500
RELIANCE30Jan201560PE.NFO,07/01/2020,09:27:52,55.05,55.2,1000,55.8,1000,0,196500
RELIANCE30Jan201560PE.NFO,07/01/2020,09:27:53,55.05,54.95,1500,55.6,500,0,196500
RELIANCE30Jan201560PE.NFO,07/01/2020,09:27:54,55.05,55.1,1000,55.7,1000,0,196500
RELIANCE30Jan201560PE.NFO,07/01/2020,09:27:55,55.05,54.8,500,56.05,500,0,196500
RELIANCE30Jan201560PE.NFO,07/01/2020,09:27:56,55.05,54.95,1000,55.6,500,0,196500
RELIANCE30Jan201560PE.NFO,07/01/2020,09:27:57,55.05,55,1500,55.65,1000,0,196500
RELIANCE30Jan201560PE.NFO,07/01/2020,09:27:58,55.05,54.9,1000,55.5,500,0,196500
RELIANCE30Jan201560PE.NFO,07/01/2020,09:27:59,55.05,54.9,1500,55.55,500,0,196500
RELIANCE30Jan201560PE.NFO,07/01/2020,09:28:00,55.05,54.95,500,55.55,500,0,196500
RELIANCE30Jan201560PE.NFO,07/01/2020,09:28:01,55.05,54.95,1000,55.55,500,0,196500
RELIANCE30Jan201560PE.NFO,07/01/2020,09:28:02,55.05,54.85,1000,55.5,500,0,196500
RELIANCE30Jan201560PE.NFO,07/01/2020,09:28:05,55.05,54.8,500,55.4,500,0,196500
RELIANCE30Jan201560PE.NFO,07/01/2020,09:28:06,55.05,54.8,500,55.35,500,0,196500
RELIANCE30Jan201560PE.NFO,07/01/2020,09:28:07,55.05,55.15,500,55.65,500,0,196500
RELIANCE30Jan201560PE.NFO,07/01/2020,09:28:08,55.05,54.9,1500,55.55,1000,0,196500
RELIANCE30Jan201560PE.NFO,07/01/2020,09:28:09,55.05,54.9,1000,55.5,1000,0,196500
RELIANCE30Jan201560PE.NFO,07/01/2020,09:28:10,55.05,54.95,500,55.5,1000,0,196500
RELIANCE30Jan201560PE.NFO,07/01/2020,09:28:12,55.05,54.8,500,55.45,500,0,196500
RELIANCE30Jan201560PE.NFO,07/01/2020,09:28:19,55.05,54.6,500,55.15,500,0,196500
RELIANCE30Jan201560PE.NFO,07/01/2020,09:28:25,55.05,54.75,500,55.25,1000,0,196500
RELIANCE30Jan201560PE.NFO,07/01/2020,09:28:31,55.05,55.15,500,55.65,1000,0,196500
RELIANCE30Jan201560PE.NFO,07/01/2020,09:28:37,55.05,55.2,500,55.75,1500,0,196500
RELIANCE30Jan201560PE.NFO,07/01/2020,09:28:43,55.2,54.9,500,55.55,1000,500,196500
RELIANCE30Jan201560PE.NFO,07/01/2020,09:28:48,55.2,54.55,1000,55.15,500,0,196500
RELIANCE30Jan201560PE.NFO,07/01/2020,09:28:54,55.2,54.8,500,55.4,500,0,196500
RELIANCE30Jan201560PE.NFO,07/01/2020,09:29:00,55.2,55.2,500,55.75,500,0,196500
RELIANCE30Jan201560PE.NFO,07/01/2020,09:29:06,55.2,54.85,1000,55.45,1000,1000,196500
RELIANCE30Jan201560PE.NFO,07/01/2020,09:29:13,54.9,54.85,1000,55.35,500,500,196500
RELIANCE30Jan201560PE.NFO,07/01/2020,09:29:19,54.9,54.65,500,55.15,500,0,196500
RELIANCE30Jan201560PE.NFO,07/01/2020,09:29:24,54.9,54.8,500,55.2,500,0,196500
RELIANCE30Jan201560PE.NFO,07/01/2020,09:29:31,54.9,55.15,500,55.7,500,0,196500
RELIANCE30Jan201560PE.NFO,07/01/2020,09:29:37,55.45,55.35,500,55.85,500,500,196000
RELIANCE30Jan201560PE.NFO,07/01/2020,09:29:44,55.45,55.4,500,55.85,500,0,196000
RELIANCE30Jan201560PE.NFO,07/01/2020,09:29:50,55.45,55.25,500,55.7,500,0,196000
RELIANCE30Jan201560PE.NFO,07/01/2020,09:29:55,55.45,55.3,500,55.7,500,0,196000
RELIANCE30Jan201560PE.NFO,07/01/2020,09:30:00,55.45,55.3,500,55.8,1000,0,196000
RELIANCE30Jan201560PE.NFO,07/01/2020,09:30:05,55.45,55.15,500,55.6,500,0,196000
RELIANCE30Jan201560PE.NFO,07/01/2020,09:30:11,55.45,54.95,1000,55.4,500,0,196000
RELIANCE30Jan201560PE.NFO,07/01/2020,09:30:17,55.45,54.8,1000,55.35,1000,0,196000
RELIANCE30Jan201560PE.NFO,07/01/2020,09:30:23,55.45,54.7,1000,55.25,500,0,196000
RELIANCE30Jan201560PE.NFO,07/01/2020,09:30:28,55.45,54.7,500,55.15,500,0,196000
RELIANCE30Jan201560PE.NFO,07/01/2020,09:30:34,55.25,54.95,500,55.5,1500,500,196000
RELIANCE30Jan201560PE.NFO,07/01/2020,09:30:39,55.25,55.2,500,55.75,500,0,196000
RELIANCE30Jan201560PE.NFO,07/01/2020,09:30:44,55.25,54.9,1000,55.45,1500,0,196000
RELIANCE30Jan201560PE.NFO,07/01/2020,09:30:50,55.25,54.9,500,55.35,1500,0,196000
RELIANCE30Jan201560PE.NFO,07/01/2020,09:30:55,55.3,54.9,500,55.35,500,500,196000
RELIANCE30Jan201560PE.NFO,07/01/2020,09:30:59,55.3,54.9,500,55.4,1000,0,196000
RELIANCE30Jan201560PE.NFO,07/01/2020,09:31:05,55.3,54.6,500,55.05,500,0,196000
RELIANCE30Jan201560PE.NFO,07/01/2020,09:31:11,55.3,54.45,1000,55,1500,0,196000
RELIANCE30Jan201560PE.NFO,07/01/2020,09:31:17,55.3,54.65,500,55.1,1000,0,196000
RELIANCE30Jan201560PE.NFO,07/01/2020,09:31:23,54.7,54.4,500,54.85,1000,1000,196000
RELIANCE30Jan201560PE.NFO,07/01/2020,09:31:29,54.7,54.5,500,54.9,500,0,196000
RELIANCE30Jan201560PE.NFO,07/01/2020,09:31:34,54.7,54.3,500,54.75,1000,0,196000
RELIANCE30Jan201560PE.NFO,07/01/2020,09:31:40,54.7,54.35,500,54.75,1000,0,196000
RELIANCE30Jan201560PE.NFO,07/01/2020,09:31:46,54.7,54.3,500,54.75,1000,0,196000
RELIANCE30Jan201560PE.NFO,07/01/2020,09:31:56,54.85,54.35,1000,54.9,1000,500,196000
RELIANCE30Jan201560PE.NFO,07/01/2020,09:32:03,54.9,54.3,500,54.7,500,500,196000
RELIANCE30Jan201560PE.NFO,07/01/2020,09:32:10,54.9,54.25,1000,54.7,1000,0,196000
RELIANCE30Jan201560PE.NFO,07/01/2020,09:32:16,54.9,54.15,1000,54.6,500,0,196000
RELIANCE30Jan201560PE.NFO,07/01/2020,09:32:23,53,53.05,1000,53.85,1000,500,193000
RELIANCE30Jan201560PE.NFO,07/01/2020,09:32:23,53,53.05,1000,53.85,1000,0,193000
RELIANCE30Jan201560PE.NFO,07/01/2020,09:32:30,53,53.05,500,53.5,500,0,193000
RELIANCE30Jan201560PE.NFO,07/01/2020,09:32:36,53,52.75,500,53.3,500,0,193000
RELIANCE30Jan201560PE.NFO,07/01/2020,09:32:43,53,52.4,500,53.05,500,0,193000
RELIANCE30Jan201560PE.NFO,07/01/2020,09:32:49,52.85,52.7,500,53.3,500,500,193000
RELIANCE30Jan201560PE.NFO,07/01/2020,09:32:49,52.85,52.7,500,53.3,500,0,193000
RELIANCE30Jan201560PE.NFO,07/01/2020,09:32:55,52.85,52.6,500,53.2,500,0,193000
RELIANCE30Jan201560PE.NFO,07/01/2020,09:33:00,52.85,52.65,1500,53.3,500,0,193000
RELIANCE30Jan201560PE.NFO,07/01/2020,09:33:06,52.85,52.1,500,53,500,0,193000
RELIANCE30Jan201560PE.NFO,07/01/2020,09:33:13,52.85,52.3,1000,53.05,500,0,193000
RELIANCE30Jan201560PE.NFO,07/01/2020,09:33:19,52.85,52.4,1000,53.15,500,0,193000
RELIANCE30Jan201560PE.NFO,07/01/2020,09:33:25,52.85,52.35,500,52.8,500,0,193000
RELIANCE30Jan201560PE.NFO,07/01/2020,09:33:32,52.85,52.35,500,52.7,500,0,193000
RELIANCE30Jan201560PE.NFO,07/01/2020,09:33:37,52.85,52.45,500,53.25,1000,0,193000
RELIANCE30Jan201560PE.NFO,07/01/2020,09:33:42,52.85,52.45,500,53.1,1000,0,193000
RELIANCE30Jan201560PE.NFO,07/01/2020,09:33:48,52.85,52.5,1000,53.15,500,0,193000
RELIANCE30Jan201560PE.NFO,07/01/2020,09:33:53,52.5,51.9,500,52.95,500,1000,193000
RELIANCE30Jan201560PE.NFO,07/01/2020,09:33:53,52.5,51.9,500,52.95,500,0,193000
RELIANCE30Jan201560PE.NFO,07/01/2020,09:33:58,52.5,52,500,52.75,500,0,193000
RELIANCE30Jan201560PE.NFO,07/01/2020,09:34:04,52.5,51.85,1000,52.75,500,0,193000
RELIANCE30Jan201560PE.NFO,07/01/2020,09:34:09,52.5,51.75,1500,52.85,1000,0,193000
RELIANCE30Jan201560PE.NFO,07/01/2020,09:34:15,52.5,51.8,1000,52.8,500,0,193000
RELIANCE30Jan201560PE.NFO,07/01/2020,09:34:20,52.5,51.9,1500,52.9,500,0,193000
RELIANCE30Jan201560PE.NFO,07/01/2020,09:34:27,52.5,51.9,1500,52.95,2000,0,193000
RELIANCE30Jan201560PE.NFO,07/01/2020,09:34:33,52.5,52.5,500,53.35,500,0,193000
RELIANCE30Jan201560PE.NFO,07/01/2020,09:34:40,52.5,52.7,500,53.4,500,0,193000
RELIANCE30Jan201560PE.NFO,07/01/2020,09:34:46,52.5,53.3,500,53.85,500,0,193000
RELIANCE30Jan201560PE.NFO,07/01/2020,09:34:52,52.5,53.3,500,53.8,500,0,193000
RELIANCE30Jan201560PE.NFO,07/01/2020,09:35:02,52.5,53,500,53.65,500,0,193000
RELIANCE30Jan201560PE.NFO,07/01/2020,09:35:07,52.5,53,500,53.6,1000,0,193000
RELIANCE30Jan201560PE.NFO,07/01/2020,09:35:13,52.5,53.2,500,53.7,500,0,193000
RELIANCE30Jan201560PE.NFO,07/01/2020,09:35:19,52.5,53.05,500,53.7,1000,0,193000
RELIANCE30Jan201560PE.NFO,07/01/2020,09:35:24,52.5,53.2,1000,53.8,500,0,193000
RELIANCE30Jan201560PE.NFO,07/01/2020,09:35:29,52.5,53.4,1500,54.05,500,0,193000
RELIANCE30Jan201560PE.NFO,07/01/2020,09:35:36,52.5,53.4,500,54.05,500,0,193000
RELIANCE30Jan201560PE.NFO,07/01/2020,09:35:43,52.5,53.65,500,54.25,500,0,193000
RELIANCE30Jan201560PE.NFO,07/01/2020,09:35:51,52.5,52.85,500,53.55,1000,0,193000
RELIANCE30Jan201560PE.NFO,07/01/2020,09:35:59,52.5,52.85,500,53.25,500,0,193000
RELIANCE30Jan201560PE.NFO,07/01/2020,09:36:05,52.5,53.05,500,53.45,500,0,193000
RELIANCE30Jan201560PE.NFO,07/01/2020,09:36:12,52.5,52.65,500,53.45,1000,0,193000
RELIANCE30Jan201560PE.NFO,07/01/2020,09:36:18,52.5,52.65,500,53.25,500,0,193000
RELIANCE30Jan201560PE.NFO,07/01/2020,09:36:24,52.5,52.5,1000,53.15,500,0,193000
RELIANCE30Jan201560PE.NFO,07/01/2020,09:36:29,52.5,52.3,1000,52.95,500,0,193000
RELIANCE30Jan201560PE.NFO,07/01/2020,09:36:35,52.5,52.4,500,52.95,500,0,193000
RELIANCE30Jan201560PE.NFO,07/01/2020,09:36:40,52.5,52.25,500,52.95,500,0,193000
RELIANCE30Jan201560PE.NFO,07/01/2020,09:36:46,52.5,52.1,500,52.65,500,0,193000
RELIANCE30Jan201560PE.NFO,07/01/2020,09:36:51,51.9,51.35,1000,52.15,1000,1500,193000
RELIANCE30Jan201560PE.NFO,07/01/2020,09:36:51,51.9,51.35,1000,52.15,1000,0,193000
RELIANCE30Jan201560PE.NFO,07/01/2020,09:36:57,51.9,50.75,1000,51.45,1000,0,193000
RELIANCE30Jan201560PE.NFO,07/01/2020,09:37:02,51.9,51.2,1500,51.75,500,0,193000
RELIANCE30Jan201560PE.NFO,07/01/2020,09:37:08,51.9,51.05,500,51.55,1000,0,193000
RELIANCE30Jan201560PE.NFO,07/01/2020,09:37:13,51.9,50.65,500,51.25,1000,0,193000
RELIANCE30Jan201560PE.NFO,07/01/2020,09:37:18,51.9,50.3,500,50.9,1000,0,193000
RELIANCE30Jan201560PE.NFO,07/01/2020,09:37:23,51.9,50.3,500,51,1000,0,193000
RELIANCE30Jan201560PE.NFO,07/01/2020,09:37:28,51.9,50.5,500,51.2,500,0,193000
RELIANCE30Jan201560PE.NFO,07/01/2020,09:37:33,51.9,50.5,500,51.2,1000,0,193000
RELIANCE30Jan201560PE.NFO,07/01/2020,09:37:38,51.9,50.6,1000,51.2,1000,0,193000
RELIANCE30Jan201560PE.NFO,07/01/2020,09:37:43,51.9,50.6,1000,51.3,500,0,193000
RELIANCE30Jan201560PE.NFO,07/01/2020,09:37:49,51.9,50.6,500,51.1,500,0,193000
RELIANCE30Jan201560PE.NFO,07/01/2020,09:37:53,51.9,50.6,500,51.2,1000,0,193000
RELIANCE30Jan201560PE.NFO,07/01/2020,09:37:58,50.4,50.05,500,50.75,1000,1000,193000
RELIANCE30Jan201560PE.NFO,07/01/2020,09:37:58,50.4,50.05,500,50.75,1000,0,193000
RELIANCE30Jan201560PE.NFO,07/01/2020,09:38:03,50.4,50.1,500,50.65,500,0,193000
RELIANCE30Jan201560PE.NFO,07/01/2020,09:38:08,50.4,50.05,500,50.55,500,0,193000
RELIANCE30Jan201560PE.NFO,07/01/2020,09:38:13,50.4,50,500,50.5,500,0,193000
RELIANCE30Jan201560PE.NFO,07/01/2020,09:38:19,50.4,50,500,50.7,500,0,193000
RELIANCE30Jan201560PE.NFO,07/01/2020,09:38:24,50.4,50.1,500,50.6,1000,0,193000
RELIANCE30Jan201560PE.NFO,07/01/2020,09:38:32,50.4,50.1,500,50.7,1000,0,193000
RELIANCE30Jan201560PE.NFO,07/01/2020,09:38:42,50.4,50.15,500,50.7,1000,0,193000
RELIANCE30Jan201560PE.NFO,07/01/2020,09:38:47,50.4,50.25,500,50.7,1000,0,193000
RELIANCE30Jan201560PE.NFO,07/01/2020,09:38:52,50.4,50.35,1000,50.85,1000,0,193000
RELIANCE30Jan201560PE.NFO,07/01/2020,09:38:57,50.4,50.5,1500,50.85,500,0,193000
RELIANCE30Jan201560PE.NFO,07/01/2020,09:39:02,50.4,50.5,1000,50.85,500,0,193000
RELIANCE30Jan201560PE.NFO,07/01/2020,09:39:07,50.85,50.2,1000,50.7,1000,500,192500
RELIANCE30Jan201560PE.NFO,07/01/2020,09:39:12,50.85,50,500,50.5,500,0,192500
RELIANCE30Jan201560PE.NFO,07/01/2020,09:39:18,50.4,50,500,50.5,500,500,192500
RELIANCE30Jan201560PE.NFO,07/01/2020,09:39:23,50.4,49.75,500,50.3,1000,0,192500
RELIANCE30Jan201560PE.NFO,07/01/2020,09:39:28,50.15,49.7,1000,50.15,1000,1000,192500
RELIANCE30Jan201560PE.NFO,07/01/2020,09:39:28,50.1,49.7,1000,50.15,1000,0,192500
RELIANCE30Jan201560PE.NFO,07/01/2020,09:39:33,50.15,49.7,500,50.15,1000,0,192500
RELIANCE30Jan201560PE.NFO,07/01/2020,09:39:38,50.15,49.7,500,50.15,500,0,192500
RELIANCE30Jan201560PE.NFO,07/01/2020,09:39:44,50.15,49.85,1500,50.4,1000,0,192500
RELIANCE30Jan201560PE.NFO,07/01/2020,09:39:50,50.15,49.85,500,50.35,1000,0,192500
RELIANCE30Jan201560PE.NFO,07/01/2020,09:39:55,50.15,49.7,500,50.1,500,0,192500
RELIANCE30Jan201560PE.NFO,07/01/2020,09:40:00,50.15,49.85,1000,50.25,1000,0,192500
RELIANCE30Jan201560PE.NFO,07/01/2020,09:40:05,49.55,49.5,500,49.7,500,500,192500
RELIANCE30Jan201560PE.NFO,07/01/2020,09:40:05,49.55,49.5,500,49.7,500,0,192500
RELIANCE30Jan201560PE.NFO,07/01/2020,09:40:12,49.6,49.35,500,49.9,1000,1000,192500
RELIANCE30Jan201560PE.NFO,07/01/2020,09:40:12,49.5,49.35,500,49.9,1000,0,192500
RELIANCE30Jan201560PE.NFO,07/01/2020,09:40:18,49.6,49.5,500,49.9,1000,0,192500
RELIANCE30Jan201560PE.NFO,07/01/2020,09:40:24,49.6,49.5,1000,50,500,0,192500
RELIANCE30Jan201560PE.NFO,07/01/2020,09:40:29,49.6,49.55,500,50.15,500,0,192500
RELIANCE30Jan201560PE.NFO,07/01/2020,09:40:35,49.6,50.35,1000,50.9,500,0,192500
RELIANCE30Jan201560PE.NFO,07/01/2020,09:40:41,49.6,50.15,1000,50.9,1000,0,192500
RELIANCE30Jan201560PE.NFO,07/01/2020,09:40:46,49.6,50.25,2000,50.85,500,0,192500
RELIANCE30Jan201560PE.NFO,07/01/2020,09:40:51,49.6,50.45,1000,51.1,500,0,192500
RELIANCE30Jan201560PE.NFO,07/01/2020,09:40:57,49.6,50.6,500,51.1,500,0,192500
RELIANCE30Jan201560PE.NFO,07/01/2020,09:41:02,51.15,50.75,1000,51.25,500,500,192500
RELIANCE30Jan201560PE.NFO,07/01/2020,09:41:08,51.15,50.95,1000,51.6,500,0,192500
RELIANCE30Jan201560PE.NFO,07/01/2020,09:41:13,51.15,51,500,51.5,500,0,192500
RELIANCE30Jan201560PE.NFO,07/01/2020,09:41:23,51.15,51.05,500,51.5,500,0,192500
RELIANCE30Jan201560PE.NFO,07/01/2020,09:41:29,51.15,51.2,500,51.65,500,0,192500
RELIANCE30Jan201560PE.NFO,07/01/2020,09:41:34,51.15,51.25,1000,51.75,1000,0,192500
RELIANCE30Jan201560PE.NFO,07/01/2020,09:41:39,51.15,51.1,500,51.75,1000,0,192500
RELIANCE30Jan201560PE.NFO,07/01/2020,09:41:44,51.15,51.3,1000,51.75,1000,0,192500
RELIANCE30Jan201560PE.NFO,07/01/2020,09:41:49,51.15,51.25,1000,51.65,500,0,192500
RELIANCE30Jan201560PE.NFO,07/01/2020,09:41:55,51.7,51.5,1000,51.9,1000,1000,194000
RELIANCE30Jan201560PE.NFO,07/01/2020,09:42:03,51.7,51.5,500,51.8,500,0,194000
RELIANCE30Jan201560PE.NFO,07/01/2020,09:42:11,51.7,51.5,500,52,1000,0,194000
RELIANCE30Jan201560PE.NFO,07/01/2020,09:42:17,51,50.85,500,51.6,1500,500,194000
RELIANCE30Jan201560PE.NFO,07/01/2020,09:42:24,51,51,500,51.6,1500,0,194000
RELIANCE30Jan201560PE.NFO,07/01/2020,09:42:30,50.55,50.25,500,50.6,500,500,194000
RELIANCE30Jan201560PE.NFO,07/01/2020,09:42:37,50.55,49.9,500,50.35,500,0,194000
RELIANCE30Jan201560PE.NFO,07/01/2020,09:42:44,50.55,50,500,50.85,500,0,194000
RELIANCE30Jan201560PE.NFO,07/01/2020,09:42:51,50.55,50.15,500,50.75,1500,0,194000
RELIANCE30Jan201560PE.NFO,07/01/2020,09:42:58,50.3,50,500,50.45,500,1000,194000
RELIANCE30Jan201560PE.NFO,07/01/2020,09:43:04,50.3,50,1000,50.55,1000,0,194000
RELIANCE30Jan201560PE.NFO,07/01/2020,09:43:09,50.3,50.05,1000,50.55,500,0,194000
RELIANCE30Jan201560PE.NFO,07/01/2020,09:43:12,50.3,50.1,1000,50.6,1000,0,194000
RELIANCE30Jan201560PE.NFO,07/01/2020,09:43:18,50.3,50.2,500,50.6,1000,0,194000
RELIANCE30Jan201560PE.NFO,07/01/2020,09:43:19,50.3,50.05,1000,50.6,1000,0,194000
RELIANCE30Jan201560PE.NFO,07/01/2020,09:43:23,50.3,50.05,500,50.5,500,0,194000
RELIANCE30Jan201560PE.NFO,07/01/2020,09:43:24,50.3,50.05,1000,50.55,500,0,194000
RELIANCE30Jan201560PE.NFO,07/01/2020,09:43:26,50.3,50.15,1000,50.7,500,0,194000
RELIANCE30Jan201560PE.NFO,07/01/2020,09:43:28,50.3,50.25,1000,50.75,1000,0,194000
RELIANCE30Jan201560PE.NFO,07/01/2020,09:43:31,50.3,50.25,500,50.7,500,0,194000
RELIANCE30Jan201560PE.NFO,07/01/2020,09:43:33,50.3,50.25,500,50.7,1000,0,194000
RELIANCE30Jan201560PE.NFO,07/01/2020,09:43:36,50.3,50.35,1000,50.7,1000,0,194000
RELIANCE30Jan201560PE.NFO,07/01/2020,09:43:38,50.3,50.35,1000,50.8,500,0,194000
RELIANCE30Jan201560PE.NFO,07/01/2020,09:43:39,50.3,50.55,500,51,500,0,194000
RELIANCE30Jan201560PE.NFO,07/01/2020,09:43:42,50.3,50.55,500,51,1000,0,194000
RELIANCE30Jan201560PE.NFO,07/01/2020,09:43:44,50.3,50.55,500,51.05,1000,0,194000
RELIANCE30Jan201560PE.NFO,07/01/2020,09:43:46,50.3,50.55,500,51,500,0,194000
RELIANCE30Jan201560PE.NFO,07/01/2020,09:43:47,50.3,50.55,500,50.95,500,0,194000
RELIANCE30Jan201560PE.NFO,07/01/2020,09:43:48,50.3,50.55,500,51,500,0,194000
RELIANCE30Jan201560PE.NFO,07/01/2020,09:43:49,50.3,50.55,500,50.95,500,0,194000
RELIANCE30Jan201560PE.NFO,07/01/2020,09:43:50,50.3,50.55,500,50.95,1000,0,194000
RELIANCE30Jan201560PE.NFO,07/01/2020,09:43:53,50.3,50.35,1000,50.9,1000,0,194000
RELIANCE30Jan201560PE.NFO,07/01/2020,09:43:54,50.3,50.45,500,50.9,1000,0,194000
RELIANCE30Jan201560PE.NFO,07/01/2020,09:43:54,50.3,50.45,500,50.9,1500,0,194000
RELIANCE30Jan201560PE.NFO,07/01/2020,09:43:55,50.3,50.45,1000,50.9,1500,0,194000
RELIANCE30Jan201560PE.NFO,07/01/2020,09:43:56,50.3,50.45,1000,50.9,1000,0,194000
RELIANCE30Jan201560PE.NFO,07/01/2020,09:43:57,50.3,50.45,1000,50.9,1500,0,194000
RELIANCE30Jan201560PE.NFO,07/01/2020,09:43:59,50.3,50.45,1000,50.9,1000,0,194000
RELIANCE30Jan201560PE.NFO,07/01/2020,09:44:02,50.3,50.55,500,51.05,500,0,194000
RELIANCE30Jan201560PE.NFO,07/01/2020,09:44:03,50.3,50.55,1000,51.05,500,0,194000
RELIANCE30Jan201560PE.NFO,07/01/2020,09:44:05,50.3,50.45,1000,50.95,1000,0,194000
RELIANCE30Jan201560PE.NFO,07/01/2020,09:44:06,50.3,50.4,500,50.95,1500,0,194000
RELIANCE30Jan201560PE.NFO,07/01/2020,09:44:08,50.3,50.6,1000,51.1,500,0,194000
RELIANCE30Jan201560PE.NFO,07/01/2020,09:44:09,50.3,50.55,500,51,500,0,194000
RELIANCE30Jan201560PE.NFO,07/01/2020,09:44:09,50.3,50.55,1000,51,1000,0,194000
RELIANCE30Jan201560PE.NFO,07/01/2020,09:44:11,50.3,50.6,500,51.05,500,0,194000
RELIANCE30Jan201560PE.NFO,07/01/2020,09:44:13,50.3,50.7,1000,51.1,500,0,194000
RELIANCE30Jan201560PE.NFO,07/01/2020,09:44:18,50.3,50.6,500,51.2,1500,0,194000
RELIANCE30Jan201560PE.NFO,07/01/2020,09:44:29,50.3,50.85,1000,51.35,500,0,194000
RELIANCE30Jan201560PE.NFO,07/01/2020,09:44:38,50.3,50.8,500,51.3,1000,0,194000
RELIANCE30Jan201560PE.NFO,07/01/2020,09:44:43,50.3,50.75,1000,51.3,1000,0,194000
RELIANCE30Jan201560PE.NFO,07/01/2020,09:44:59,50.3,50.85,500,51.35,500,0,194000
RELIANCE30Jan201560PE.NFO,07/01/2020,09:45:04,50.3,50.75,500,51.3,1000,0,194000
RELIANCE30Jan201560PE.NFO,07/01/2020,09:45:11,50.3,50.8,500,51.3,1000,0,194000
RELIANCE30Jan201560PE.NFO,07/01/2020,09:45:19,50.3,50.8,500,51.25,1500,0,194000
RELIANCE30Jan201560PE.NFO,07/01/2020,09:45:25,50.3,50.85,500,51.3,1000,0,194000
RELIANCE30Jan201560PE.NFO,07/01/2020,09:45:37,50.3,50.85,500,51.4,500,0,194000
RELIANCE30Jan201560PE.NFO,07/01/2020,09:45:42,50.3,50.85,500,51.4,1000,0,194000
RELIANCE30Jan201560PE.NFO,07/01/2020,09:45:53,50.3,50.85,500,51.3,1000,0,194000
RELIANCE30Jan201560PE.NFO,07/01/2020,09:45:59,50.3,50.8,500,51.25,1000,0,194000
RELIANCE30Jan201560PE.NFO,07/01/2020,09:46:04,50.3,50.85,500,51.4,500,0,194000
RELIANCE30Jan201560PE.NFO,07/01/2020,09:46:10,50.3,50.95,500,51.45,500,0,194000
RELIANCE30Jan201560PE.NFO,07/01/2020,09:46:15,50.3,51.05,500,51.6,500,0,194000
RELIANCE30Jan201560PE.NFO,07/01/2020,09:46:20,50.3,51.15,500,51.75,1000,0,194000
RELIANCE30Jan201560PE.NFO,07/01/2020,09:46:25,50.3,51.15,500,51.75,500,0,194000
RELIANCE30Jan201560PE.NFO,07/01/2020,09:46:31,50.3,51.35,500,51.95,1000,0,194000
RELIANCE30Jan201560PE.NFO,07/01/2020,09:46:37,50.3,51.15,1000,51.75,500,0,194000
RELIANCE30Jan201560PE.NFO,07/01/2020,09:46:43,50.3,51.35,500,51.85,500,0,194000
RELIANCE30Jan201560PE.NFO,07/01/2020,09:46:54,50.3,51.3,1000,51.85,1000,0,194000
RELIANCE30Jan201560PE.NFO,07/01/2020,09:46:59,50.3,51.1,1000,51.65,500,0,194000
RELIANCE30Jan201560PE.NFO,07/01/2020,09:47:04,50.3,51.05,500,51.65,1000,0,194000
RELIANCE30Jan201560PE.NFO,07/01/2020,09:47:09,50.3,51.05,1000,51.65,1000,0,194000
RELIANCE30Jan201560PE.NFO,07/01/2020,09:47:14,50.3,51.1,1500,51.75,1000,0,194000
RELIANCE30Jan201560PE.NFO,07/01/2020,09:47:23,50.3,50.9,1000,51.65,500,0,194000
RELIANCE30Jan201560PE.NFO,07/01/2020,09:47:28,50.3,51,500,51.45,500,0,194000
RELIANCE30Jan201560PE.NFO,07/01/2020,09:47:33,50.3,51.1,500,51.65,500,0,194000
RELIANCE30Jan201560PE.NFO,07/01/2020,09:47:37,50.3,51.25,500,51.65,1000,0,194000
RELIANCE30Jan201560PE.NFO,07/01/2020,09:47:46,51.55,51.25,500,51.6,1000,500,193500
RELIANCE30Jan201560PE.NFO,07/01/2020,09:47:50,51.55,51.25,500,51.65,1000,0,193500
RELIANCE30Jan201560PE.NFO,07/01/2020,09:47:55,51.55,51.25,500,51.6,500,500,193500
RELIANCE30Jan201560PE.NFO,07/01/2020,09:48:00,51.25,51.25,500,51.85,500,500,193500
RELIANCE30Jan201560PE.NFO,07/01/2020,09:48:05,51.25,51.25,500,51.7,1000,0,193500
RELIANCE30Jan201560PE.NFO,07/01/2020,09:48:09,51.25,51.25,500,51.75,500,0,193500
RELIANCE30Jan201560PE.NFO,07/01/2020,09:48:14,51.25,51.45,500,51.85,500,0,193500
RELIANCE30Jan201560PE.NFO,07/01/2020,09:48:18,51.25,51.35,500,51.9,1000,0,193500
RELIANCE30Jan201560PE.NFO,07/01/2020,09:48:24,51.25,51.45,1000,51.95,1000,0,193500
RELIANCE30Jan201560PE.NFO,07/01/2020,09:48:29,51.25,51.3,1000,51.85,500,1000,193500
RELIANCE30Jan201560PE.NFO,07/01/2020,09:48:35,51.25,51.45,500,51.9,500,0,193500
RELIANCE30Jan201560PE.NFO,07/01/2020,09:48:41,51.9,51.5,500,52.1,1000,500,193500
RELIANCE30Jan201560PE.NFO,07/01/2020,09:48:47,51.9,51.75,500,52.25,1500,0,193500
RELIANCE30Jan201560PE.NFO,07/01/2020,09:48:53,51.9,51.55,500,52.05,1000,0,193500
RELIANCE30Jan201560PE.NFO,07/01/2020,09:49:00,51.9,51.7,500,52.2,500,0,193500
RELIANCE30Jan201560PE.NFO,07/01/2020,09:49:06,51.9,51.85,1500,52.4,500,0,193500
RELIANCE30Jan201560PE.NFO,07/01/2020,09:49:12,51.9,51.85,500,52.35,1000,0,193500
RELIANCE30Jan201560PE.NFO,07/01/2020,09:49:17,51.9,51.8,1000,52.25,1000,0,193500
RELIANCE30Jan201560PE.NFO,07/01/2020,09:49:28,51.9,51.8,1000,52.25,500,0,193500
RELIANCE30Jan201560PE.NFO,07/01/2020,09:49:35,51.9,51.85,500,52.3,500,0,193500
RELIANCE30Jan201560PE.NFO,07/01/2020,09:49:45,51.9,51.8,500,52.4,500,0,193500
RELIANCE30Jan201560PE.NFO,07/01/2020,09:49:50,51.9,51.8,500,52.35,1500,0,193500
RELIANCE30Jan201560PE.NFO,07/01/2020,09:49:55,51.9,51.75,1500,52.25,500,0,193500
RELIANCE30Jan201560PE.NFO,07/01/2020,09:50:00,51.9,51.45,500,51.95,500,0,193500
RELIANCE30Jan201560PE.NFO,07/01/2020,09:50:05,51.9,51.05,1500,51.75,500,0,193500
RELIANCE30Jan201560PE.NFO,07/01/2020,09:50:10,51.9,51.45,500,52,500,0,193500
RELIANCE30Jan201560PE.NFO,07/01/2020,09:50:15,51.9,51.45,500,51.95,1000,0,193500
RELIANCE30Jan201560PE.NFO,07/01/2020,09:50:20,51.9,51.55,500,52.15,1000,0,193500
RELIANCE30Jan201560PE.NFO,07/01/2020,09:50:26,51.9,51.65,500,52.15,1000,0,193500
RELIANCE30Jan201560PE.NFO,07/01/2020,09:50:30,51.9,51.45,500,52.05,500,0,193500
RELIANCE30Jan201560PE.NFO,07/01/2020,09:50:34,51.9,51.55,500,52.05,1000,0,193500
RELIANCE30Jan201560PE.NFO,07/01/2020,09:50:38,51.9,52.05,1500,52.75,500,0,193500
RELIANCE30Jan201560PE.NFO,07/01/2020,09:50:43,51.9,52.2,500,52.7,1000,0,193500
RELIANCE30Jan201560PE.NFO,07/01/2020,09:50:48,51.9,51.95,500,52.5,1000,0,193500
RELIANCE30Jan201560PE.NFO,07/01/2020,09:50:53,51.9,51.9,500,52.4,1000,0,193500
RELIANCE30Jan201560PE.NFO,07/01/2020,09:50:57,51.9,51.95,1000,52.4,500,0,193500
RELIANCE30Jan201560PE.NFO,07/01/2020,09:51:02,51.9,51.95,500,52.5,1000,0,193500
RELIANCE30Jan201560PE.NFO,07/01/2020,09:51:08,51.9,52.1,500,52.6,1000,0,193500
RELIANCE30Jan201560PE.NFO,07/01/2020,09:51:13,51.9,52.2,500,52.7,500,0,193500
RELIANCE30Jan201560PE.NFO,07/01/2020,09:51:17,51.9,52.15,500,52.65,1000,0,193500
RELIANCE30Jan201560PE.NFO,07/01/2020,09:51:26,51.9,52.1,500,52.65,1000,0,193500
RELIANCE30Jan201560PE.NFO,07/01/2020,09:51:30,51.9,51.8,500,52.45,1500,0,193500
RELIANCE30Jan201560PE.NFO,07/01/2020,09:51:34,52.35,51.8,500,52.4,1000,500,192500
RELIANCE30Jan201560PE.NFO,07/01/2020,09:51:39,52.35,51.85,500,52.4,1000,0,192500
RELIANCE30Jan201560PE.NFO,07/01/2020,09:51:43,52.35,51.7,500,52.3,1000,0,192500
RELIANCE30Jan201560PE.NFO,07/01/2020,09:51:48,52.35,51.65,500,52.2,500,0,192500
RELIANCE30Jan201560PE.NFO,07/01/2020,09:51:53,52.35,51.6,500,52.1,500,0,192500
RELIANCE30Jan201560PE.NFO,07/01/2020,09:51:58,52.35,51.7,500,52.2,1000,0,192500
RELIANCE30Jan201560PE.NFO,07/01/2020,09:52:03,52.35,51.65,500,52.2,1000,0,192500
RELIANCE30Jan201560PE.NFO,07/01/2020,09:52:08,52.35,51.7,1000,52.2,1000,0,192500
RELIANCE30Jan201560PE.NFO,07/01/2020,09:52:18,52.35,51.75,1000,52.2,500,0,192500
RELIANCE30Jan201560PE.NFO,07/01/2020,09:52:23,52.35,51.9,1000,52.4,500,0,192500
RELIANCE30Jan201560PE.NFO,07/01/2020,09:52:28,52.35,51.95,1500,52.4,500,0,192500
RELIANCE30Jan201560PE.NFO,07/01/2020,09:52:38,52.35,51.9,1500,52.4,1000,0,192500
RELIANCE30Jan201560PE.NFO,07/01/2020,09:52:43,52.35,51.85,500,52.4,1000,0,192500
RELIANCE30Jan201560PE.NFO,07/01/2020,09:52:52,52.35,51.9,1000,52.4,1000,0,192500
RELIANCE30Jan201560PE.NFO,07/01/2020,09:52:57,52.35,51.95,500,52.4,500,0,192500
RELIANCE30Jan201560PE.NFO,07/01/2020,09:53:08,52.35,52,1000,52.45,500,0,192500
RELIANCE30Jan201560PE.NFO,07/01/2020,09:53:14,52.35,51.95,500,52.45,500,0,192500
RELIANCE30Jan201560PE.NFO,07/01/2020,09:53:20,52.35,52,500,52.45,500,0,192500
RELIANCE30Jan201560PE.NFO,07/01/2020,09:53:25,52.35,51.95,500,52.45,500,0,192500
RELIANCE30Jan201560PE.NFO,07/01/2020,09:53:34,52.35,51.8,500,52.35,1000,0,192500
RELIANCE30Jan201560PE.NFO,07/01/2020,09:53:39,52.35,51.8,500,52.3,500,0,192500
RELIANCE30Jan201560PE.NFO,07/01/2020,09:53:44,52.35,51.95,500,52.35,500,0,192500
RELIANCE30Jan201560PE.NFO,07/01/2020,09:53:49,52.35,51.8,500,52.25,500,0,192500
RELIANCE30Jan201560PE.NFO,07/01/2020,09:53:54,52.35,52.15,500,52.65,500,0,192500
RELIANCE30Jan201560PE.NFO,07/01/2020,09:53:59,52.35,51.9,500,52.45,500,0,192500
RELIANCE30Jan201560PE.NFO,07/01/2020,09:54:04,52.35,52,500,52.45,500,0,192500
RELIANCE30Jan201560PE.NFO,07/01/2020,09:54:10,52.35,52.2,1500,52.7,500,0,192500
RELIANCE30Jan201560PE.NFO,07/01/2020,09:54:15,52.35,52.1,500,52.65,500,0,192500
RELIANCE30Jan201560PE.NFO,07/01/2020,09:54:20,52.35,52.1,500,52.6,500,0,192500
RELIANCE30Jan201560PE.NFO,07/01/2020,09:54:26,52.35,52.05,1000,52.5,500,0,192500
RELIANCE30Jan201560PE.NFO,07/01/2020,09:54:31,52.35,52.25,500,52.9,500,0,192500
RELIANCE30Jan201560PE.NFO,07/01/2020,09:54:36,52.35,52.1,500,52.6,1000,0,192500
RELIANCE30Jan201560PE.NFO,07/01/2020,09:54:41,52.35,52.1,500,52.5,500,0,192500
RELIANCE30Jan201560PE.NFO,07/01/2020,09:54:45,52.35,51.95,500,52.5,1000,0,192500
RELIANCE30Jan201560PE.NFO,07/01/2020,09:54:50,52.35,52.05,1000,52.5,1000,0,192500
RELIANCE30Jan201560PE.NFO,07/01/2020,09:54:55,52.35,51.95,1000,52.4,500,0,192500
RELIANCE30Jan201560PE.NFO,07/01/2020,09:55:01,52.35,51.8,1000,52.25,1000,0,192500
RELIANCE30Jan201560PE.NFO,07/01/2020,09:55:06,52.35,51.5,500,51.9,500,0,192500
RELIANCE30Jan201560PE.NFO,07/01/2020,09:55:12,52.35,51.65,500,52.1,500,0,192500
RELIANCE30Jan201560PE.NFO,07/01/2020,09:55:18,51.6,51.2,500,51.85,1000,1500,193500
RELIANCE30Jan201560PE.NFO,07/01/2020,09:55:24,51.6,51.2,500,51.85,1000,0,193500
RELIANCE30Jan201560PE.NFO,07/01/2020,09:55:29,51.6,51.4,1000,51.85,500,0,193500
RELIANCE30Jan201560PE.NFO,07/01/2020,09:55:35,51.6,51.3,500,51.85,500,0,193500
RELIANCE30Jan201560PE.NFO,07/01/2020,09:55:40,51.6,51.2,500,51.85,1000,0,193500
RELIANCE30Jan201560PE.NFO,07/01/2020,09:55:44,51.6,51.2,500,51.85,1500,0,193500
RELIANCE30Jan201560PE.NFO,07/01/2020,09:55:48,51.6,51.2,500,51.85,1000,0,193500
RELIANCE30Jan201560PE.NFO,07/01/2020,09:55:52,51.6,51,500,51.65,1000,0,193500
RELIANCE30Jan201560PE.NFO,07/01/2020,09:55:57,51.6,51.1,500,51.65,1000,0,193500
RELIANCE30Jan201560PE.NFO,07/01/2020,09:56:02,51.6,51,1000,51.45,1000,0,193500
RELIANCE30Jan201560PE.NFO,07/01/2020,09:56:06,51.6,50.8,500,51.35,1000,0,193500
RELIANCE30Jan201560PE.NFO,07/01/2020,09:56:13,51.6,50.95,1000,51.5,500,0,193500
RELIANCE30Jan201560PE.NFO,07/01/2020,09:56:20,50.95,50.6,500,51.3,500,1000,193000
RELIANCE30Jan201560PE.NFO,07/01/2020,09:56:27,50.95,50.8,500,51.3,1000,0,193000
RELIANCE30Jan201560PE.NFO,07/01/2020,09:56:33,50.95,50.45,500,51.1,1000,0,193000
RELIANCE30Jan201560PE.NFO,07/01/2020,09:56:38,50.95,50.55,500,51.1,1000,0,193000
RELIANCE30Jan201560PE.NFO,07/01/2020,09:56:52,50.95,50.7,1000,51.15,500,0,193000
RELIANCE30Jan201560PE.NFO,07/01/2020,09:56:56,50.95,50.75,1000,51.15,500,0,193000
RELIANCE30Jan201560PE.NFO,07/01/2020,09:57:05,50.95,50.7,1000,51.15,1000,0,193000
RELIANCE30Jan201560PE.NFO,07/01/2020,09:57:15,50.95,50.75,1000,51.15,500,0,193000
RELIANCE30Jan201560PE.NFO,07/01/2020,09:57:21,50.95,50.9,500,51.35,500,0,193000
RELIANCE30Jan201560PE.NFO,07/01/2020,09:57:37,50.95,50.95,500,51.35,500,0,193000
RELIANCE30Jan201560PE.NFO,07/01/2020,09:57:50,50.95,51.05,1000,51.7,500,0,193000
RELIANCE30Jan201560PE.NFO,07/01/2020,09:57:54,50.95,51.1,500,51.55,1000,0,193000
RELIANCE30Jan201560PE.NFO,07/01/2020,09:57:58,50.95,51.15,500,51.65,1000,0,193000
RELIANCE30Jan201560PE.NFO,07/01/2020,09:58:03,50.95,50.75,500,51.45,500,0,193000
RELIANCE30Jan201560PE.NFO,07/01/2020,09:58:09,51,50.85,500,51.4,500,1000,193000
RELIANCE30Jan201560PE.NFO,07/01/2020,09:58:14,51,50.75,500,51.4,1000,0,193000
RELIANCE30Jan201560PE.NFO,07/01/2020,09:58:19,51,51,500,51.4,1000,0,193000
RELIANCE30Jan201560PE.NFO,07/01/2020,09:58:24,51,50.9,500,51.4,1000,0,193000
RELIANCE30Jan201560PE.NFO,07/01/2020,09:58:38,51,50.75,500,51.3,500,0,193000
RELIANCE30Jan201560PE.NFO,07/01/2020,09:58:43,51,50.85,500,51.35,500,0,193000
RELIANCE30Jan201560PE.NFO,07/01/2020,09:58:48,51,51,500,51.45,500,0,193000
RELIANCE30Jan201560PE.NFO,07/01/2020,09:58:53,51,51.1,500,51.55,500,0,193000
RELIANCE30Jan201560PE.NFO,07/01/2020,09:58:59,50.95,50.6,500,51.1,500,500,193000
RELIANCE30Jan201560PE.NFO,07/01/2020,09:59:05,50.95,50.6,500,51.1,500,0,193000
RELIANCE30Jan201560PE.NFO,07/01/2020,09:59:11,50.95,50.9,500,51.4,500,0,193000
RELIANCE30Jan201560PE.NFO,07/01/2020,09:59:17,50.95,51,500,51.6,1000,0,193000
RELIANCE30Jan201560PE.NFO,07/01/2020,09:59:23,50.95,50.9,500,51.4,1000,0,193000
RELIANCE30Jan201560PE.NFO,07/01/2020,09:59:29,50.95,51.05,1000,51.55,500,0,193000
RELIANCE30Jan201560PE.NFO,07/01/2020,09:59:34,50.95,51,500,51.5,1500,0,193000
RELIANCE30Jan201560PE.NFO,07/01/2020,09:59:38,50.95,51.1,500,51.6,500,0,193000
RELIANCE30Jan201560PE.NFO,07/01/2020,09:59:43,50.95,51,500,51.5,500,0,193000
RELIANCE30Jan201560PE.NFO,07/01/2020,09:59:56,50.95,50.95,1000,51.4,500,0,193000
RELIANCE30Jan201560PE.NFO,07/01/2020,10:00:00,50.95,51,500,51.5,1000,0,193000
RELIANCE30Jan201560PE.NFO,07/01/2020,10:00:05,50.95,51,500,51.5,500,0,193000
RELIANCE30Jan201560PE.NFO,07/01/2020,10:00:16,50.95,51,500,51.5,1000,0,193000
RELIANCE30Jan201560PE.NFO,07/01/2020,10:00:20,50.95,51,500,51.5,500,0,193000
RELIANCE30Jan201560PE.NFO,07/01/2020,10:00:26,50.95,51.15,1000,51.6,1000,0,193000
RELIANCE30Jan201560PE.NFO,07/01/2020,10:00:31,50.95,51.25,500,51.65,1000,0,193000
RELIANCE30Jan201560PE.NFO,07/01/2020,10:00:35,50.95,51.2,1000,51.6,1000,0,193000
RELIANCE30Jan201560PE.NFO,07/01/2020,10:00:40,50.95,51.25,500,51.7,1000,0,193000
RELIANCE30Jan201560PE.NFO,07/01/2020,10:00:46,50.95,51.15,500,51.7,1000,0,193000
RELIANCE30Jan201560PE.NFO,07/01/2020,10:00:53,51.7,51.5,500,51.9,500,500,192500
RELIANCE30Jan201560PE.NFO,07/01/2020,10:01:00,51.7,51.5,1000,52,500,0,192500
RELIANCE30Jan201560PE.NFO,07/01/2020,10:01:06,51.7,51.35,500,51.9,1500,0,192500
RELIANCE30Jan201560PE.NFO,07/01/2020,10:01:12,51.9,51.5,1000,51.95,500,500,192500
RELIANCE30Jan201560PE.NFO,07/01/2020,10:01:19,51.95,51.55,500,52.1,500,500,192500
RELIANCE30Jan201560PE.NFO,07/01/2020,10:01:25,51.95,51.5,500,52.05,1000,0,192500
RELIANCE30Jan201560PE.NFO,07/01/2020,10:01:31,51.95,51.6,1000,52.05,500,0,192500
RELIANCE30Jan201560PE.NFO,07/01/2020,10:01:36,51.95,51.7,500,52.2,500,0,192500
RELIANCE30Jan201560PE.NFO,07/01/2020,10:01:42,51.95,51.65,500,52.15,500,0,192500
RELIANCE30Jan201560PE.NFO,07/01/2020,10:01:48,51.95,51.5,500,52.15,1000,0,192500
RELIANCE30Jan201560PE.NFO,07/01/2020,10:01:54,51.95,51.65,500,52.15,500,0,192500
RELIANCE30Jan201560PE.NFO,07/01/2020,10:02:05,51.95,51.3,500,51.85,1000,0,192500
RELIANCE30Jan201560PE.NFO,07/01/2020,10:02:11,51.95,51.1,1000,51.75,1000,0,192500
RELIANCE30Jan201560PE.NFO,07/01/2020,10:02:16,51.95,51.15,500,51.75,1000,0,192500
RELIANCE30Jan201560PE.NFO,07/01/2020,10:02:21,51.95,51.35,500,51.95,500,0,192500
RELIANCE30Jan201560PE.NFO,07/01/2020,10:02:26,51.95,51.55,500,52.2,500,0,192500
RELIANCE30Jan201560PE.NFO,07/01/2020,10:02:31,51.95,51.55,1000,52,1000,0,192500
RELIANCE30Jan201560PE.NFO,07/01/2020,10:02:36,51.95,51.35,500,51.9,500,0,192500
RELIANCE30Jan201560PE.NFO,07/01/2020,10:02:41,51.95,51.5,500,52,500,0,192500
RELIANCE30Jan201560PE.NFO,07/01/2020,10:02:46,51.95,51.65,500,52.15,1000,0,192500
RELIANCE30Jan201560PE.NFO,07/01/2020,10:02:51,51.95,51.7,1000,52.2,500,0,192500
RELIANCE30Jan201560PE.NFO,07/01/2020,10:02:56,51.95,51.6,500,52.15,1500,0,192500
RELIANCE30Jan201560PE.NFO,07/01/2020,10:03:02,51.95,51.7,500,52.2,1000,0,192500
RELIANCE30Jan201560PE.NFO,07/01/2020,10:03:08,51.95,51.7,500,52.2,1500,0,192500
RELIANCE30Jan201560PE.NFO,07/01/2020,10:03:14,51.95,51.5,500,52.1,500,0,192500
RELIANCE30Jan201560PE.NFO,07/01/2020,10:03:19,51.95,51.8,1000,52.2,500,0,192500
RELIANCE30Jan201560PE.NFO,07/01/2020,10:03:25,51.95,52.1,500,52.7,500,0,192500
RELIANCE30Jan201560PE.NFO,07/01/2020,10:03:31,51.95,52.1,500,52.7,1000,0,192500
RELIANCE30Jan201560PE.NFO,07/01/2020,10:03:35,51.95,52,1000,52.45,500,0,192500
RELIANCE30Jan201560PE.NFO,07/01/2020,10:03:40,51.95,52,500,52.45,500,0,192500
RELIANCE30Jan201560PE.NFO,07/01/2020,10:03:46,51.95,52.1,1000,52.65,1000,0,192500
RELIANCE30Jan201560PE.NFO,07/01/2020,10:03:51,51.95,52,1000,52.5,1000,0,192500
RELIANCE30Jan201560PE.NFO,07/01/2020,10:04:03,51.95,51.95,500,52.45,1000,0,192500
RELIANCE30Jan201560PE.NFO,07/01/2020,10:04:08,51.95,51.95,500,52.4,500,0,192500
RELIANCE30Jan201560PE.NFO,07/01/2020,10:04:14,51.95,51.95,500,52.45,500,0,192500
RELIANCE30Jan201560PE.NFO,07/01/2020,10:04:24,51.95,52,1000,52.5,1000,0,192500
RELIANCE30Jan201560PE.NFO,07/01/2020,10:04:34,51.95,51.95,1000,52.4,500,0,192500
RELIANCE30Jan201560PE.NFO,07/01/2020,10:04:39,51.95,52.05,1500,52.6,500,0,192500
RELIANCE30Jan201560PE.NFO,07/01/2020,10:04:45,51.95,52.15,1500,52.75,500,0,192500
RELIANCE30Jan201560PE.NFO,07/01/2020,10:04:50,51.95,52.05,1000,52.55,1500,0,192500
RELIANCE30Jan201560PE.NFO,07/01/2020,10:04:55,51.95,52.25,1000,52.7,500,0,192500
RELIANCE30Jan201560PE.NFO,07/01/2020,10:05:00,51.95,52.25,1500,52.7,500,0,192500
RELIANCE30Jan201560PE.NFO,07/01/2020,10:05:06,51.95,52.25,1000,52.7,500,0,192500
RELIANCE30Jan201560PE.NFO,07/01/2020,10:05:30,51.95,52.5,500,52.95,500,0,192500
RELIANCE30Jan201560PE.NFO,07/01/2020,10:05:37,53.15,52.95,500,53.35,500,1000,191500
RELIANCE30Jan201560PE.NFO,07/01/2020,10:05:43,52.95,52.8,500,53.25,500,500,191500
RELIANCE30Jan201560PE.NFO,07/01/2020,10:05:50,52.95,52.75,500,53.25,1000,0,191500
RELIANCE30Jan201560PE.NFO,07/01/2020,10:05:55,52.95,52.85,1000,53.35,500,0,191500
RELIANCE30Jan201560PE.NFO,07/01/2020,10:06:01,52.95,52.9,500,53.35,500,0,191500
RELIANCE30Jan201560PE.NFO,07/01/2020,10:06:06,52.95,53.05,1000,53.65,1000,0,191500
RELIANCE30Jan201560PE.NFO,07/01/2020,10:06:13,52.95,53.1,1500,53.65,500,0,191500
RELIANCE30Jan201560PE.NFO,07/01/2020,10:06:19,52.95,53.25,1000,53.8,500,0,191500
RELIANCE30Jan201560PE.NFO,07/01/2020,10:06:25,52.95,53.15,500,53.8,1000,0,191500
RELIANCE30Jan201560PE.NFO,07/01/2020,10:06:30,52.95,53.05,500,53.6,500,0,191500
RELIANCE30Jan201560PE.NFO,07/01/2020,10:06:36,52.95,52.9,1500,53.35,500,0,191500
RELIANCE30Jan201560PE.NFO,07/01/2020,10:06:40,52.95,52.95,1000,53.4,500,0,191500
RELIANCE30Jan201560PE.NFO,07/01/2020,10:06:45,52.95,53.1,1000,53.5,500,0,191500
RELIANCE30Jan201560PE.NFO,07/01/2020,10:06:51,53.2,52.85,500,53.5,1000,500,191500
RELIANCE30Jan201560PE.NFO,07/01/2020,10:06:56,53.2,52.6,1500,53.2,500,0,191500
RELIANCE30Jan201560PE.NFO,07/01/2020,10:07:00,53.2,52.8,1000,53.25,1000,0,191500
RELIANCE30Jan201560PE.NFO,07/01/2020,10:07:06,53.2,52.85,500,53.25,500,0,191500
RELIANCE30Jan201560PE.NFO,07/01/2020,10:07:11,53.2,52.8,1000,53.25,500,0,191500
RELIANCE30Jan201560PE.NFO,07/01/2020,10:07:22,53.2,52.75,500,53.2,500,0,191500
RELIANCE30Jan201560PE.NFO,07/01/2020,10:07:28,53.2,52.75,1000,53.2,500,0,191500
RELIANCE30Jan201560PE.NFO,07/01/2020,10:07:35,53.2,52.8,500,53.25,500,0,191500
RELIANCE30Jan201560PE.NFO,07/01/2020,10:07:41,53.2,52.85,500,53.4,1000,0,191500
RELIANCE30Jan201560PE.NFO,07/01/2020,10:07:47,53.2,52.85,500,53.6,1500,0,191500
RELIANCE30Jan201560PE.NFO,07/01/2020,10:07:53,53.2,53.05,500,53.55,500,0,191500
RELIANCE30Jan201560PE.NFO,07/01/2020,10:07:59,53.2,53.15,1000,53.6,500,0,191500
RELIANCE30Jan201560PE.NFO,07/01/2020,10:08:04,53.2,52.95,1000,53.45,500,0,191500
RELIANCE30Jan201560PE.NFO,07/01/2020,10:08:08,53.2,52.95,1000,53.45,1000,0,191500
RELIANCE30Jan201560PE.NFO,07/01/2020,10:08:13,53.2,52.95,1000,53.4,500,0,191500
RELIANCE30Jan201560PE.NFO,07/01/2020,10:08:24,53.2,53,1000,53.45,500,0,191500
RELIANCE30Jan201560PE.NFO,07/01/2020,10:08:38,53,52.75,1000,53.25,1000,500,191000
RELIANCE30Jan201560PE.NFO,07/01/2020,10:08:44,53,52.7,500,53.25,500,500,191000
RELIANCE30Jan201560PE.NFO,07/01/2020,10:08:50,53,52.55,500,53.15,500,0,191000
RELIANCE30Jan201560PE.NFO,07/01/2020,10:08:56,53,52.8,1000,53.35,1000,0,191000
RELIANCE30Jan201560PE.NFO,07/01/2020,10:09:01,53,52.8,1000,53.3,1000,0,191000
RELIANCE30Jan201560PE.NFO,07/01/2020,10:09:06,53,52.8,500,53.25,1000,0,191000
RELIANCE30Jan201560PE.NFO,07/01/2020,10:09:17,53,52.75,1000,53.25,1000,0,191000
RELIANCE30Jan201560PE.NFO,07/01/2020,10:09:22,53,52.8,1000,53.25,500,0,191000
RELIANCE30Jan201560PE.NFO,07/01/2020,10:09:27,53,52.9,500,53.4,1000,0,191000
RELIANCE30Jan201560PE.NFO,07/01/2020,10:09:33,53,52.9,1000,53.3,500,0,191000
RELIANCE30Jan201560PE.NFO,07/01/2020,10:09:38,53,53.05,1000,53.55,1000,0,191000
RELIANCE30Jan201560PE.NFO,07/01/2020,10:09:43,53,53.1,1500,53.55,500,0,191000
RELIANCE30Jan201560PE.NFO,07/01/2020,10:09:48,53,53.1,1000,53.55,500,0,191000
RELIANCE30Jan201560PE.NFO,07/01/2020,10:09:52,53,53,500,53.45,500,0,191000
RELIANCE30Jan201560PE.NFO,07/01/2020,10:09:58,53,53,500,53.35,500,0,191000
RELIANCE30Jan201560PE.NFO,07/01/2020,10:10:12,53,53,1000,53.35,500,0,191000
RELIANCE30Jan201560PE.NFO,07/01/2020,10:10:18,53,53,500,53.35,500,0,191000
RELIANCE30Jan201560PE.NFO,07/01/2020,10:10:23,53,52.9,500,53.3,500,0,191000
RELIANCE30Jan201560PE.NFO,07/01/2020,10:10:28,53,52.8,500,53.2,500,0,191000
RELIANCE30Jan201560PE.NFO,07/01/2020,10:10:37,53,52.75,500,53.15,500,0,191000
RELIANCE30Jan201560PE.NFO,07/01/2020,10:10:43,53,52.8,1000,53.3,500,0,191000
RELIANCE30Jan201560PE.NFO,07/01/2020,10:10:48,53,52.5,1000,52.9,500,0,191000
RELIANCE30Jan201560PE.NFO,07/01/2020,10:10:53,53,52.5,1500,52.9,500,0,191000
RELIANCE30Jan201560PE.NFO,07/01/2020,10:11:06,53,52.5,500,52.95,500,0,191000
RELIANCE30Jan201560PE.NFO,07/01/2020,10:11:11,53,52,500,52.45,500,0,191000
RELIANCE30Jan201560PE.NFO,07/01/2020,10:11:17,53,52.05,500,52.5,500,0,191000
RELIANCE30Jan201560PE.NFO,07/01/2020,10:11:23,53,52.1,1000,52.55,500,0,191000
RELIANCE30Jan201560PE.NFO,07/01/2020,10:11:28,53,52.2,500,52.55,500,0,191000
RELIANCE30Jan201560PE.NFO,07/01/2020,10:11:33,53,52.1,500,52.45,500,0,191000
RELIANCE30Jan201560PE.NFO,07/01/2020,10:11:38,53,51.85,500,52.3,500,0,191000
RELIANCE30Jan201560PE.NFO,07/01/2020,10:11:45,52.05,51.7,1000,52.2,1000,500,191000
RELIANCE30Jan201560PE.NFO,07/01/2020,10:11:51,52.05,51.7,500,52.2,1000,0,191000
RELIANCE30Jan201560PE.NFO,07/01/2020,10:11:57,52.05,51.55,500,52.2,1000,0,191000
RELIANCE30Jan201560PE.NFO,07/01/2020,10:12:03,52.05,51.5,1000,52.2,1000,0,191000
RELIANCE30Jan201560PE.NFO,07/01/2020,10:12:09,52.05,51.35,500,52.2,1000,0,191000
RELIANCE30Jan201560PE.NFO,07/01/2020,10:12:20,52.05,51.4,500,52.2,1000,0,191000
RELIANCE30Jan201560PE.NFO,07/01/2020,10:12:30,52.05,51.45,500,52.1,1000,0,191000
RELIANCE30Jan201560PE.NFO,07/01/2020,10:12:36,52.05,51.35,500,51.9,1000,0,191000
RELIANCE30Jan201560PE.NFO,07/01/2020,10:12:41,52.05,51.45,500,52.2,1000,0,191000
RELIANCE30Jan201560PE.NFO,07/01/2020,10:12:46,52.05,51.5,500,52.1,1000,0,191000
RELIANCE30Jan201560PE.NFO,07/01/2020,10:12:52,52.05,51.45,500,52,500,0,191000
RELIANCE30Jan201560PE.NFO,07/01/2020,10:12:57,52.05,51.4,1000,51.9,1000,0,191000
RELIANCE30Jan201560PE.NFO,07/01/2020,10:13:02,52.05,51.5,500,51.95,500,0,191000
RELIANCE30Jan201560PE.NFO,07/01/2020,10:13:15,52.05,51.35,500,51.9,1000,0,191000
RELIANCE30Jan201560PE.NFO,07/01/2020,10:13:21,52.05,51.5,500,51.95,500,0,191000
RELIANCE30Jan201560PE.NFO,07/01/2020,10:13:28,52.05,51.55,500,52,500,0,191000
RELIANCE30Jan201560PE.NFO,07/01/2020,10:13:56,52.05,51.55,500,52,1000,0,191000
RELIANCE30Jan201560PE.NFO,07/01/2020,10:14:02,52.05,51.5,1500,52,1000,0,191000
RELIANCE30Jan201560PE.NFO,07/01/2020,10:14:07,52.05,51.45,500,52,1000,0,191000
RELIANCE30Jan201560PE.NFO,07/01/2020,10:14:12,52.05,51.5,500,52,1000,0,191000
RELIANCE30Jan201560PE.NFO,07/01/2020,10:14:18,52.05,51.45,500,52.1,1000,0,191000
RELIANCE30Jan201560PE.NFO,07/01/2020,10:14:23,52.05,51.55,500,52.1,1000,0,191000
RELIANCE30Jan201560PE.NFO,07/01/2020,10:14:35,52.05,51.65,500,52.2,500,0,191000
RELIANCE30Jan201560PE.NFO,07/01/2020,10:14:41,52.05,51.5,500,52.15,1500,0,191000
RELIANCE30Jan201560PE.NFO,07/01/2020,10:14:46,52.05,51.65,500,52.15,500,0,191000
RELIANCE30Jan201560PE.NFO,07/01/2020,10:14:57,52.05,51.55,500,52.15,1000,0,191000
RELIANCE30Jan201560PE.NFO,07/01/2020,10:15:04,52.05,51.5,500,52.15,1500,0,191000
RELIANCE30Jan201560PE.NFO,07/01/2020,10:15:10,52.05,51.5,500,52.15,1000,0,191000
RELIANCE30Jan201560PE.NFO,07/01/2020,10:15:25,52.05,51.6,500,52.15,1000,0,191000
RELIANCE30Jan201560PE.NFO,07/01/2020,10:15:35,52.05,51.7,500,52.15,500,0,191000
RELIANCE30Jan201560PE.NFO,07/01/2020,10:15:41,52.05,51.75,1000,52.15,500,0,191000
RELIANCE30Jan201560PE.NFO,07/01/2020,10:15:46,52.05,51.85,1000,52.35,500,0,191000
RELIANCE30Jan201560PE.NFO,07/01/2020,10:15:52,52.05,51.85,500,52.35,500,0,191000
RELIANCE30Jan201560PE.NFO,07/01/2020,10:15:58,52.05,51.85,1000,52.35,500,0,191000
RELIANCE30Jan201560PE.NFO,07/01/2020,10:16:03,52.05,51.8,500,52.35,500,0,191000
RELIANCE30Jan201560PE.NFO,07/01/2020,10:16:30,52.05,51.8,500,52.35,1000,0,191000
RELIANCE30Jan201560PE.NFO,07/01/2020,10:16:35,52.05,51.75,500,52.35,1000,0,191000
RELIANCE30Jan201560PE.NFO,07/01/2020,10:16:40,52.05,51.8,500,52.35,1000,0,191000
RELIANCE30Jan201560PE.NFO,07/01/2020,10:16:55,52.05,51.7,500,52.25,500,0,191000
RELIANCE30Jan201560PE.NFO,07/01/2020,10:17:06,52.05,51.7,500,52.25,1000,0,191000
RELIANCE30Jan201560PE.NFO,07/01/2020,10:17:18,52.05,51.5,500,52.15,500,0,191000
RELIANCE30Jan201560PE.NFO,07/01/2020,10:17:22,52.05,51.7,500,52.15,500,0,191000
RELIANCE30Jan201560PE.NFO,07/01/2020,10:17:27,52.05,51.6,500,52.15,500,0,191000
RELIANCE30Jan201560PE.NFO,07/01/2020,10:17:32,52.05,51.65,1500,52.15,500,0,191000
RELIANCE30Jan201560PE.NFO,07/01/2020,10:17:37,52.05,51.7,500,52.15,500,0,191000
RELIANCE30Jan201560PE.NFO,07/01/2020,10:17:42,52.05,51.65,1000,52.15,500,0,191000
RELIANCE30Jan201560PE.NFO,07/01/2020,10:17:46,52.05,51.7,1000,52.15,500,0,191000
RELIANCE30Jan201560PE.NFO,07/01/2020,10:17:58,52.05,51.8,1000,52.2,500,0,191000
RELIANCE30Jan201560PE.NFO,07/01/2020,10:18:02,52.05,51.85,500,52.35,1000,0,191000
RELIANCE30Jan201560PE.NFO,07/01/2020,10:18:06,52.05,52.05,500,52.5,1000,0,191000
RELIANCE30Jan201560PE.NFO,07/01/2020,10:18:10,52.05,52.05,1000,52.6,500,0,191000
RELIANCE30Jan201560PE.NFO,07/01/2020,10:18:14,52.05,52,500,52.55,1000,0,191000
RELIANCE30Jan201560PE.NFO,07/01/2020,10:18:22,52.05,52,500,52.55,500,0,191000
RELIANCE30Jan201560PE.NFO,07/01/2020,10:18:25,52.05,52,500,52.6,500,0,191000
RELIANCE30Jan201560PE.NFO,07/01/2020,10:18:33,52.05,51.7,1500,52.55,1500,0,191000
RELIANCE30Jan201560PE.NFO,07/01/2020,10:18:38,52.05,51.85,500,52.45,500,0,191000
RELIANCE30Jan201560PE.NFO,07/01/2020,10:18:44,52.05,52,500,52.45,500,0,191000
RELIANCE30Jan201560PE.NFO,07/01/2020,10:18:49,52.05,52.1,1000,52.7,500,0,191000
RELIANCE30Jan201560PE.NFO,07/01/2020,10:18:54,52.05,52.1,1000,52.6,500,0,191000
RELIANCE30Jan201560PE.NFO,07/01/2020,10:18:59,52.05,52.15,500,52.6,500,0,191000
RELIANCE30Jan201560PE.NFO,07/01/2020,10:19:03,52.05,51.95,1000,52.4,500,0,191000
RELIANCE30Jan201560PE.NFO,07/01/2020,10:19:07,52.05,52.05,1000,52.5,500,0,191000
RELIANCE30Jan201560PE.NFO,07/01/2020,10:19:11,52.05,52.2,500,52.65,1000,0,191000
RELIANCE30Jan201560PE.NFO,07/01/2020,10:19:15,52.05,51.9,500,52.5,1500,0,191000
RELIANCE30Jan201560PE.NFO,07/01/2020,10:19:20,52.05,51.9,500,52.4,500,0,191000
RELIANCE30Jan201560PE.NFO,07/01/2020,10:19:25,52.05,51.85,1000,52.35,1500,0,191000
RELIANCE30Jan201560PE.NFO,07/01/2020,10:19:29,52.05,52.15,500,52.65,1000,0,191000
RELIANCE30Jan201560PE.NFO,07/01/2020,10:19:38,52.05,52.15,1000,52.65,1000,0,191000
RELIANCE30Jan201560PE.NFO,07/01/2020,10:19:42,52.05,52.25,500,52.85,500,0,191000
RELIANCE30Jan201560PE.NFO,07/01/2020,10:19:47,52.05,52.35,500,52.9,1500,0,191000
RELIANCE30Jan201560PE.NFO,07/01/2020,10:19:52,52.05,52.35,1000,52.9,1500,0,191000
RELIANCE30Jan201560PE.NFO,07/01/2020,10:19:58,52.05,52.35,1000,52.9,1000,0,191000
RELIANCE30Jan201560PE.NFO,07/01/2020,10:20:03,52.05,52.1,500,52.6,500,0,191000
RELIANCE30Jan201560PE.NFO,07/01/2020,10:20:08,52.05,52.25,500,52.75,500,0,191000
RELIANCE30Jan201560PE.NFO,07/01/2020,10:20:13,52.05,52.3,500,52.8,1000,0,191000
RELIANCE30Jan201560PE.NFO,07/01/2020,10:20:18,52.05,52.4,1500,52.95,500,0,191000
RELIANCE30Jan201560PE.NFO,07/01/2020,10:20:22,52.05,52.3,500,52.9,500,0,191000
RELIANCE30Jan201560PE.NFO,07/01/2020,10:20:27,52.05,52.35,500,52.9,500,0,191000
RELIANCE30Jan201560PE.NFO,07/01/2020,10:20:32,52.05,52.45,1000,53,500,0,191000
RELIANCE30Jan201560PE.NFO,07/01/2020,10:20:36,52.05,52.5,1000,53,500,0,191000
RELIANCE30Jan201560PE.NFO,07/01/2020,10:20:40,52.05,52.6,500,53.05,500,0,191000
RELIANCE30Jan201560PE.NFO,07/01/2020,10:20:44,52.05,52.6,1000,53.15,500,0,191000
RELIANCE30Jan201560PE.NFO,07/01/2020,10:20:48,52.05,52.7,1000,53.25,500,0,191000
RELIANCE30Jan201560PE.NFO,07/01/2020,10:20:52,52.05,52.75,500,53.25,500,0,191000
RELIANCE30Jan201560PE.NFO,07/01/2020,10:20:56,52.05,52.65,1000,53.25,500,0,191000
RELIANCE30Jan201560PE.NFO,07/01/2020,10:21:01,52.05,52.7,500,53.25,500,0,191000
RELIANCE30Jan201560PE.NFO,07/01/2020,10:21:06,52.05,52.65,500,53.25,500,0,191000
RELIANCE30Jan201560PE.NFO,07/01/2020,10:21:11,52.05,52.55,500,53.15,500,0,191000
RELIANCE30Jan201560PE.NFO,07/01/2020,10:21:15,52.05,52.7,500,53.2,500,0,191000
RELIANCE30Jan201560PE.NFO,07/01/2020,10:21:20,52.6,52.45,1000,53.1,1000,500,191000
RELIANCE30Jan201560PE.NFO,07/01/2020,10:21:25,52.6,52.6,500,53.2,500,0,191000
RELIANCE30Jan201560PE.NFO,07/01/2020,10:21:30,52.6,52.7,500,53.25,1000,0,191000
RELIANCE30Jan201560PE.NFO,07/01/2020,10:21:35,52.6,52.65,1000,53.25,500,0,191000
RELIANCE30Jan201560PE.NFO,07/01/2020,10:21:40,52.6,52.7,500,53.25,1000,0,191000
RELIANCE30Jan201560PE.NFO,07/01/2020,10:21:44,52.6,52.8,500,53.45,500,0,191000
RELIANCE30Jan201560PE.NFO,07/01/2020,10:21:48,52.6,52.8,500,53.25,500,0,191000
RELIANCE30Jan201560PE.NFO,07/01/2020,10:21:58,52.6,52.75,1000,53.25,500,0,191000
RELIANCE30Jan201560PE.NFO,07/01/2020,10:22:02,52.6,52.8,500,53.25,500,0,191000
RELIANCE30Jan201560PE.NFO,07/01/2020,10:22:06,52.6,52.9,1000,53.35,500,0,191000
RELIANCE30Jan201560PE.NFO,07/01/2020,10:22:12,53.35,53.1,1000,53.55,500,500,191000
RELIANCE30Jan201560PE.NFO,07/01/2020,10:22:16,53.35,53.1,1000,53.55,500,0,191000
RELIANCE30Jan201560PE.NFO,07/01/2020,10:22:25,53.35,52.85,500,53.35,500,0,191000
RELIANCE30Jan201560PE.NFO,07/01/2020,10:22:34,53.15,52.75,1500,53.35,1000,500,191000
RELIANCE30Jan201560PE.NFO,07/01/2020,10:22:38,53.15,52.9,500,53.45,500,0,191000
RELIANCE30Jan201560PE.NFO,07/01/2020,10:22:43,53.15,53.05,500,53.55,1500,500,191000
RELIANCE30Jan201560PE.NFO,07/01/2020,10:22:50,53.15,53.15,500,53.65,1500,0,191000
RELIANCE30Jan201560PE.NFO,07/01/2020,10:22:56,53.15,53.05,1000,53.55,500,0,191000
RELIANCE30Jan201560PE.NFO,07/01/2020,10:23:01,53.15,52.85,500,53.2,1000,0,191000
RELIANCE30Jan201560PE.NFO,07/01/2020,10:23:07,53.15,52.7,500,53.2,1000,0,191000
RELIANCE30Jan201560PE.NFO,07/01/2020,10:23:12,53.15,52.45,1000,53.1,1000,0,191000
RELIANCE30Jan201560PE.NFO,07/01/2020,10:23:17,53.15,52.55,500,53.1,1500,0,191000
RELIANCE30Jan201560PE.NFO,07/01/2020,10:23:21,53.15,52.55,500,53,1500,0,191000
RELIANCE30Jan201560PE.NFO,07/01/2020,10:23:26,53.15,52.45,500,52.9,500,0,191000
RELIANCE30Jan201560PE.NFO,07/01/2020,10:23:31,52.9,52.85,1000,53.35,500,500,192000
RELIANCE30Jan201560PE.NFO,07/01/2020,10:23:36,52.9,53.05,500,53.55,1000,0,192000
RELIANCE30Jan201560PE.NFO,07/01/2020,10:23:41,52.9,53.05,500,53.55,500,0,192000
RELIANCE30Jan201560PE.NFO,07/01/2020,10:23:46,52.9,53.25,500,53.7,500,0,192000
RELIANCE30Jan201560PE.NFO,07/01/2020,10:23:51,52.9,53.4,500,53.9,1000,0,192000
RELIANCE30Jan201560PE.NFO,07/01/2020,10:23:55,52.9,53.4,500,53.9,1500,0,192000
RELIANCE30Jan201560PE.NFO,07/01/2020,10:24:01,52.9,53.4,1000,53.9,1500,0,192000
RELIANCE30Jan201560PE.NFO,07/01/2020,10:24:06,52.9,53.55,500,54.15,500,0,192000
RELIANCE30Jan201560PE.NFO,07/01/2020,10:24:11,52.9,53.55,1000,54.05,1000,0,192000
RELIANCE30Jan201560PE.NFO,07/01/2020,10:24:16,52.9,53.4,500,53.9,1000,0,192000
RELIANCE30Jan201560PE.NFO,07/01/2020,10:24:20,53.8,53.45,1000,53.9,500,500,192000
RELIANCE30Jan201560PE.NFO,07/01/2020,10:24:24,53.8,53.45,500,53.9,500,0,192000
RELIANCE30Jan201560PE.NFO,07/01/2020,10:24:28,53.9,53.65,500,54.05,500,500,192000
RELIANCE30Jan201560PE.NFO,07/01/2020,10:24:31,53.9,53.75,500,54.25,1000,0,192000
RELIANCE30Jan201560PE.NFO,07/01/2020,10:24:35,53.9,53.75,1000,54.25,1000,0,192000
RELIANCE30Jan201560PE.NFO,07/01/2020,10:24:39,53.9,53.75,1500,54.25,1500,0,192000
RELIANCE30Jan201560PE.NFO,07/01/2020,10:24:43,53.9,53.65,500,54.15,1000,0,192000
RELIANCE30Jan201560PE.NFO,07/01/2020,10:24:51,53.9,53.6,1000,54.1,1000,0,192000
RELIANCE30Jan201560PE.NFO,07/01/2020,10:24:55,53.9,53.65,500,54.1,1000,0,192000
RELIANCE30Jan201560PE.NFO,07/01/2020,10:24:59,53.9,53.6,1000,54.1,1000,0,192000
RELIANCE30Jan201560PE.NFO,07/01/2020,10:25:08,53.9,53.6,500,54.1,500,0,192000
RELIANCE30Jan201560PE.NFO,07/01/2020,10:25:27,53.9,53.85,500,54.35,500,0,192000
RELIANCE30Jan201560PE.NFO,07/01/2020,10:25:32,53.9,53.95,500,54.55,500,0,192000
RELIANCE30Jan201560PE.NFO,07/01/2020,10:25:36,53.9,53.9,500,54.45,1000,0,192000
RELIANCE30Jan201560PE.NFO,07/01/2020,10:25:40,53.9,54,500,54.45,500,0,192000
RELIANCE30Jan201560PE.NFO,07/01/2020,10:25:45,53.9,53.95,500,54.45,1000,0,192000
RELIANCE30Jan201560PE.NFO,07/01/2020,10:25:50,53.9,53.95,500,54.45,1500,0,192000
RELIANCE30Jan201560PE.NFO,07/01/2020,10:26:05,53.9,53.85,500,54.25,500,0,192000
RELIANCE30Jan201560PE.NFO,07/01/2020,10:26:15,53.9,54,500,54.5,500,0,192000
RELIANCE30Jan201560PE.NFO,07/01/2020,10:26:19,53.9,54,1000,54.55,1000,0,192000
RELIANCE30Jan201560PE.NFO,07/01/2020,10:26:23,53.9,54,500,54.45,1000,0,192000
RELIANCE30Jan201560PE.NFO,07/01/2020,10:26:27,53.9,54,500,54.45,1500,0,192000
RELIANCE30Jan201560PE.NFO,07/01/2020,10:26:30,53.9,54,500,54.45,1000,0,192000
RELIANCE30Jan201560PE.NFO,07/01/2020,10:26:34,53.9,54,500,54.45,1500,0,192000
RELIANCE30Jan201560PE.NFO,07/01/2020,10:26:37,53.9,54,1000,54.55,500,0,192000
RELIANCE30Jan201560PE.NFO,07/01/2020,10:26:42,53.9,54,1000,54.5,1000,0,192000
RELIANCE30Jan201560PE.NFO,07/01/2020,10:26:46,53.9,54,500,54.4,1000,0,192000
RELIANCE30Jan201560PE.NFO,07/01/2020,10:26:50,53.9,54,500,54.4,500,0,192000
RELIANCE30Jan201560PE.NFO,07/01/2020,10:26:55,54.4,54.05,500,54.55,500,500,193500
RELIANCE30Jan201560PE.NFO,07/01/2020,10:26:59,54.4,54.05,500,54.5,1500,0,193500
RELIANCE30Jan201560PE.NFO,07/01/2020,10:27:03,54.4,54,500,54.45,1500,0,193500
RELIANCE30Jan201560PE.NFO,07/01/2020,10:27:08,54.4,54.05,1000,54.55,500,0,193500
RELIANCE30Jan201560PE.NFO,07/01/2020,10:27:12,54.4,54.05,500,54.55,500,0,193500
RELIANCE30Jan201560PE.NFO,07/01/2020,10:27:20,54.4,54.2,500,54.6,1000,0,193500
RELIANCE30Jan201560PE.NFO,07/01/2020,10:27:28,54.4,54.1,500,54.6,1500,0,193500
RELIANCE30Jan201560PE.NFO,07/01/2020,10:27:36,54.4,54.15,1000,54.6,1500,0,193500
RELIANCE30Jan201560PE.NFO,07/01/2020,10:27:40,54.4,53.85,500,54.3,1000,0,193500
RELIANCE30Jan201560PE.NFO,07/01/2020,10:27:45,54.4,53.85,500,54.3,1500,0,193500
RELIANCE30Jan201560PE.NFO,07/01/2020,10:27:49,54.4,53.9,500,54.4,500,0,193500
RELIANCE30Jan201560PE.NFO,07/01/2020,10:27:53,54.4,54,1000,54.5,500,0,193500
RELIANCE30Jan201560PE.NFO,07/01/2020,10:28:06,54.4,53.9,500,54.35,500,0,193500
RELIANCE30Jan201560PE.NFO,07/01/2020,10:28:10,54.4,53.85,1000,54.35,1000,0,193500
RELIANCE30Jan201560PE.NFO,07/01/2020,10:28:20,54.4,53.9,500,54.35,1000,0,193500
RELIANCE30Jan201560PE.NFO,07/01/2020,10:28:24,54.4,53.65,500,54.1,500,0,193500
RELIANCE30Jan201560PE.NFO,07/01/2020,10:28:29,54.4,53.55,1000,54.05,1500,0,193500
RELIANCE30Jan201560PE.NFO,07/01/2020,10:28:34,54.4,53.2,1000,53.9,1000,0,193500
RELIANCE30Jan201560PE.NFO,07/01/2020,10:28:38,54.4,53.25,1000,53.9,1000,0,193500
RELIANCE30Jan201560PE.NFO,07/01/2020,10:28:41,54.4,53.25,500,53.8,500,0,193500
RELIANCE30Jan201560PE.NFO,07/01/2020,10:28:48,54.4,53.25,500,53.75,1000,0,193500
RELIANCE30Jan201560PE.NFO,07/01/2020,10:29:19,54.4,53.2,500,53.7,500,0,193500
RELIANCE30Jan201560PE.NFO,07/01/2020,10:29:27,54.4,53.2,1500,53.7,500,0,193500
RELIANCE30Jan201560PE.NFO,07/01/2020,10:29:31,54.4,53.2,1500,53.65,500,0,193500
RELIANCE30Jan201560PE.NFO,07/01/2020,10:29:38,54.4,53.3,500,53.85,500,0,193500
RELIANCE30Jan201560PE.NFO,07/01/2020,10:29:42,54.4,53.3,1000,53.85,500,0,193500
RELIANCE30Jan201560PE.NFO,07/01/2020,10:30:03,54.4,53.25,500,53.75,1000,0,193500
RELIANCE30Jan201560PE.NFO,07/01/2020,10:30:34,54.4,53.05,500,53.55,500,0,193500
RELIANCE30Jan201560PE.NFO,07/01/2020,10:30:43,54.4,53.05,500,53.55,1000,0,193500
RELIANCE30Jan201560PE.NFO,07/01/2020,10:30:46,54.4,53.05,500,53.55,500,0,193500
RELIANCE30Jan201560PE.NFO,07/01/2020,10:30:49,54.4,53.2,500,53.65,500,0,193500
RELIANCE30Jan201560PE.NFO,07/01/2020,10:30:55,54.4,53.35,1000,53.85,1000,0,193500
RELIANCE30Jan201560PE.NFO,07/01/2020,10:30:58,54.4,53.35,500,53.85,1000,0,193500
RELIANCE30Jan201560PE.NFO,07/01/2020,10:31:03,54.4,53.25,1000,53.75,500,0,193500
RELIANCE30Jan201560PE.NFO,07/01/2020,10:31:08,54.4,53.2,500,53.65,1000,0,193500
RELIANCE30Jan201560PE.NFO,07/01/2020,10:31:18,54.4,53.15,1000,53.55,500,0,193500
RELIANCE30Jan201560PE.NFO,07/01/2020,10:31:30,54.4,53.25,500,53.65,500,0,193500
RELIANCE30Jan201560PE.NFO,07/01/2020,10:31:34,54.4,53.3,1000,53.85,1500,0,193500
RELIANCE30Jan201560PE.NFO,07/01/2020,10:31:38,54.4,53.35,500,53.8,1500,0,193500
RELIANCE30Jan201560PE.NFO,07/01/2020,10:31:41,54.4,53.3,1000,53.8,1500,0,193500
RELIANCE30Jan201560PE.NFO,07/01/2020,10:31:45,54.4,53.3,1000,53.8,1000,0,193500
RELIANCE30Jan201560PE.NFO,07/01/2020,10:31:53,54.4,53.25,500,53.7,1000,0,193500
RELIANCE30Jan201560PE.NFO,07/01/2020,10:31:57,54.4,53.3,500,53.7,500,0,193500
RELIANCE30Jan201560PE.NFO,07/01/2020,10:32:03,54.4,53.5,500,53.95,1000,0,193500
RELIANCE30Jan201560PE.NFO,07/01/2020,10:32:12,53.9,53.7,1000,54.25,500,500,194000
RELIANCE30Jan201560PE.NFO,07/01/2020,10:32:17,53.9,53.7,500,54.2,1500,0,194000
RELIANCE30Jan201560PE.NFO,07/01/2020,10:32:22,53.9,53.75,500,54.25,1000,0,194000
RELIANCE30Jan201560PE.NFO,07/01/2020,10:32:26,53.9,53.75,500,54.25,500,0,194000
RELIANCE30Jan201560PE.NFO,07/01/2020,10:32:30,53.9,53.95,500,54.45,2000,0,194000
RELIANCE30Jan201560PE.NFO,07/01/2020,10:32:39,53.9,53.85,500,54.35,1000,0,194000
RELIANCE30Jan201560PE.NFO,07/01/2020,10:32:44,53.9,53.6,500,54.15,1000,0,194000
RELIANCE30Jan201560PE.NFO,07/01/2020,10:32:49,53.9,53.65,1000,54.1,1000,0,194000
RELIANCE30Jan201560PE.NFO,07/01/2020,10:32:54,53.9,53.8,1000,54.3,500,0,194000
RELIANCE30Jan201560PE.NFO,07/01/2020,10:32:58,53.9,53.9,1000,54.35,1000,0,194000
RELIANCE30Jan201560PE.NFO,07/01/2020,10:33:01,53.9,53.95,1000,54.4,1000,0,194000
RELIANCE30Jan201560PE.NFO,07/01/2020,10:33:05,53.9,54,500,54.45,1500,0,194000
RELIANCE30Jan201560PE.NFO,07/01/2020,10:33:08,53.9,54,1000,54.5,1000,0,194000
RELIANCE30Jan201560PE.NFO,07/01/2020,10:33:11,53.9,54.05,1000,54.5,500,0,194000
RELIANCE30Jan201560PE.NFO,07/01/2020,10:33:13,53.9,54,500,54.5,1000,0,194000
RELIANCE30Jan201560PE.NFO,07/01/2020,10:33:16,53.9,53.9,500,54.35,1000,0,194000
RELIANCE30Jan201560PE.NFO,07/01/2020,10:33:20,53.9,53.75,1000,54.25,500,0,194000
RELIANCE30Jan201560PE.NFO,07/01/2020,10:33:23,53.9,53.9,500,54.35,1500,0,194000
RELIANCE30Jan201560PE.NFO,07/01/2020,10:33:27,53.9,53.85,1000,54.35,1500,0,194000
RELIANCE30Jan201560PE.NFO,07/01/2020,10:33:31,53.9,53.85,1000,54.35,1000,0,194000
RELIANCE30Jan201560PE.NFO,07/01/2020,10:33:34,53.9,53.9,1000,54.35,1500,0,194000
RELIANCE30Jan201560PE.NFO,07/01/2020,10:33:38,53.9,53.85,1000,54.35,500,0,194000
RELIANCE30Jan201560PE.NFO,07/01/2020,10:33:50,53.9,53.6,1000,54.1,1000,0,194000
RELIANCE30Jan201560PE.NFO,07/01/2020,10:33:53,53.9,53.6,1000,54.1,500,0,194000
RELIANCE30Jan201560PE.NFO,07/01/2020,10:33:59,53.9,53.7,1000,54.2,500,0,194000
RELIANCE30Jan201560PE.NFO,07/01/2020,10:34:02,53.9,53.65,500,54.15,2000,0,194000
RELIANCE30Jan201560PE.NFO,07/01/2020,10:34:05,53.9,53.65,500,54.15,1500,0,194000
RELIANCE30Jan201560PE.NFO,07/01/2020,10:34:08,53.9,53.55,500,54.15,1500,0,194000
RELIANCE30Jan201560PE.NFO,07/01/2020,10:34:11,53.9,53.6,500,54.1,500,0,194000
RELIANCE30Jan201560PE.NFO,07/01/2020,10:34:19,53.9,53.6,500,54.05,1500,0,194000
RELIANCE30Jan201560PE.NFO,07/01/2020,10:34:23,53.9,53.3,500,53.8,500,0,194000
RELIANCE30Jan201560PE.NFO,07/01/2020,10:34:27,53.9,53.3,500,53.8,1500,0,194000
RELIANCE30Jan201560PE.NFO,07/01/2020,10:34:31,53.9,53.2,500,53.7,1000,0,194000
RELIANCE30Jan201560PE.NFO,07/01/2020,10:34:35,53.9,53.35,1000,53.85,500,0,194000
RELIANCE30Jan201560PE.NFO,07/01/2020,10:34:39,53.9,53.2,500,53.65,1000,0,194000
RELIANCE30Jan201560PE.NFO,07/01/2020,10:34:43,53.9,53.1,500,53.55,500,0,194000
RELIANCE30Jan201560PE.NFO,07/01/2020,10:34:48,53.9,53.05,1000,53.55,1000,0,194000
RELIANCE30Jan201560PE.NFO,07/01/2020,10:34:53,53.9,53.05,1000,53.5,500,0,194000
RELIANCE30Jan201560PE.NFO,07/01/2020,10:34:58,53.9,52.9,1000,53.45,1500,0,194000
RELIANCE30Jan201560PE.NFO,07/01/2020,10:35:02,53.9,52.9,500,53.35,500,0,194000
RELIANCE30Jan201560PE.NFO,07/01/2020,10:35:11,53.9,52.9,500,53.3,500,0,194000
RELIANCE30Jan201560PE.NFO,07/01/2020,10:35:15,53.9,52.9,1000,53.4,500,0,194000
RELIANCE30Jan201560PE.NFO,07/01/2020,10:35:19,53.9,52.9,500,53.3,500,0,194000
RELIANCE30Jan201560PE.NFO,07/01/2020,10:35:21,53.9,52.9,500,53.25,500,0,194000
RELIANCE30Jan201560PE.NFO,07/01/2020,10:35:28,53.9,52.8,500,53.2,500,0,194000
RELIANCE30Jan201560PE.NFO,07/01/2020,10:35:32,53.9,52.85,1000,53.35,500,0,194000
RELIANCE30Jan201560PE.NFO,07/01/2020,10:35:36,53.9,52.85,1000,53.3,500,0,194000
RELIANCE30Jan201560PE.NFO,07/01/2020,10:35:44,53.9,52.85,1000,53.25,500,0,194000
RELIANCE30Jan201560PE.NFO,07/01/2020,10:35:47,53.9,52.85,500,53.2,500,0,194000
RELIANCE30Jan201560PE.NFO,07/01/2020,10:35:50,53.9,52.85,500,53.25,1000,0,194000
RELIANCE30Jan201560PE.NFO,07/01/2020,10:35:52,53.9,52.8,500,53.25,1000,0,194000
RELIANCE30Jan201560PE.NFO,07/01/2020,10:35:56,53.9,52.9,500,53.4,500,0,194000
RELIANCE30Jan201560PE.NFO,07/01/2020,10:35:59,53.9,52.8,500,53.25,500,0,194000
RELIANCE30Jan201560PE.NFO,07/01/2020,10:36:03,53.9,52.85,1000,53.25,500,0,194000
RELIANCE30Jan201560PE.NFO,07/01/2020,10:36:06,53.9,52.85,1000,53.3,1000,0,194000
RELIANCE30Jan201560PE.NFO,07/01/2020,10:36:21,53.9,52.85,1000,53.3,500,0,194000
RELIANCE30Jan201560PE.NFO,07/01/2020,10:36:29,53.9,52.95,500,53.4,1500,0,194000
RELIANCE30Jan201560PE.NFO,07/01/2020,10:36:30,53.9,52.95,500,53.4,1000,0,194000
RELIANCE30Jan201560PE.NFO,07/01/2020,10:36:33,53.9,52.95,500,53.4,1500,0,194000
RELIANCE30Jan201560PE.NFO,07/01/2020,10:36:36,53.9,52.8,500,53.25,500,0,194000
RELIANCE30Jan201560PE.NFO,07/01/2020,10:36:41,53.9,52.8,500,53.25,1500,0,194000
RELIANCE30Jan201560PE.NFO,07/01/2020,10:36:44,53.9,52.8,500,53.25,1000,0,194000
RELIANCE30Jan201560PE.NFO,07/01/2020,10:36:48,53.9,52.8,500,53.25,1500,0,194000
RELIANCE30Jan201560PE.NFO,07/01/2020,10:36:51,53.9,52.65,1000,53.1,1500,0,194000
RELIANCE30Jan201560PE.NFO,07/01/2020,10:37:02,53.9,52.65,1000,53.05,500,0,194000
RELIANCE30Jan201560PE.NFO,07/01/2020,10:37:32,53.9,52.6,500,53,500,0,194000
RELIANCE30Jan201560PE.NFO,07/01/2020,10:37:39,53.9,52.6,500,53.05,500,0,194000
RELIANCE30Jan201560PE.NFO,07/01/2020,10:37:43,53.9,52.55,1000,53,1000,0,194000
RELIANCE30Jan201560PE.NFO,07/01/2020,10:37:47,53.9,52.6,500,53.05,500,0,194000
RELIANCE30Jan201560PE.NFO,07/01/2020,10:37:57,53.9,52.4,2000,52.9,500,0,194000
RELIANCE30Jan201560PE.NFO,07/01/2020,10:38:04,53.9,52.4,2000,52.85,500,0,194000
RELIANCE30Jan201560PE.NFO,07/01/2020,10:38:13,53.9,52.4,1000,52.8,500,0,194000
RELIANCE30Jan201560PE.NFO,07/01/2020,10:38:16,53.9,52.4,1000,52.85,500,0,194000
RELIANCE30Jan201560PE.NFO,07/01/2020,10:38:27,53.9,52.5,1000,52.9,500,0,194000
RELIANCE30Jan201560PE.NFO,07/01/2020,10:38:44,53.9,52.5,500,52.9,500,0,194000
RELIANCE30Jan201560PE.NFO,07/01/2020,10:38:50,53.9,52.55,500,53.05,500,0,194000
RELIANCE30Jan201560PE.NFO,07/01/2020,10:38:53,53.9,52.55,500,53,500,0,194000
RELIANCE30Jan201560PE.NFO,07/01/2020,10:38:57,53.9,52.9,500,53.45,500,0,194000
RELIANCE30Jan201560PE.NFO,07/01/2020,10:39:00,53.9,52.9,500,53.3,500,0,194000
RELIANCE30Jan201560PE.NFO,07/01/2020,10:39:05,53.9,52.7,500,53.15,500,0,194000
RELIANCE30Jan201560PE.NFO,07/01/2020,10:39:14,53.9,52.8,500,53.25,1000,0,194000
RELIANCE30Jan201560PE.NFO,07/01/2020,10:39:22,53.9,52.8,500,53.25,1500,0,194000
RELIANCE30Jan201560PE.NFO,07/01/2020,10:39:26,53.9,52.8,500,53.25,1000,0,194000
RELIANCE30Jan201560PE.NFO,07/01/2020,10:39:43,53.9,53,500,53.55,500,0,194000
RELIANCE30Jan201560PE.NFO,07/01/2020,10:39:47,53.9,53,500,53.45,500,0,194000
RELIANCE30Jan201560PE.NFO,07/01/2020,10:39:50,53.9,53,500,53.5,1000,0,194000
RELIANCE30Jan201560PE.NFO,07/01/2020,10:39:53,53.9,53.1,500,53.55,500,0,194000
RELIANCE30Jan201560PE.NFO,07/01/2020,10:39:56,53.9,53.2,500,53.75,1000,0,194000
RELIANCE30Jan201560PE.NFO,07/01/2020,10:40:00,53.9,53.2,500,53.7,1500,0,194000
RELIANCE30Jan201560PE.NFO,07/01/2020,10:40:04,53.9,53.2,500,53.65,1000,0,194000
RELIANCE30Jan201560PE.NFO,07/01/2020,10:40:10,53.9,53.1,500,53.55,1000,0,194000
RELIANCE30Jan201560PE.NFO,07/01/2020,10:40:15,53.9,53.1,500,53.5,1000,0,194000
RELIANCE30Jan201560PE.NFO,07/01/2020,10:40:23,53.9,53.1,500,53.45,500,0,194000
RELIANCE30Jan201560PE.NFO,07/01/2020,10:40:27,53.9,53.1,500,53.5,1500,0,194000
RELIANCE30Jan201560PE.NFO,07/01/2020,10:40:31,53.9,53.1,500,53.5,1000,0,194000
RELIANCE30Jan201560PE.NFO,07/01/2020,10:40:35,53.9,53.1,1000,53.55,1000,0,194000
RELIANCE30Jan201560PE.NFO,07/01/2020,10:40:38,53.9,53.15,1000,53.6,1000,0,194000
RELIANCE30Jan201560PE.NFO,07/01/2020,10:40:46,53.9,53.15,1000,53.6,2000,0,194000
RELIANCE30Jan201560PE.NFO,07/01/2020,10:40:51,53.9,53.15,1000,53.6,1500,0,194000
RELIANCE30Jan201560PE.NFO,07/01/2020,10:40:55,53.9,52.95,500,53.45,500,0,194000
RELIANCE30Jan201560PE.NFO,07/01/2020,10:40:58,53.9,52.85,500,53.4,2000,0,194000
RELIANCE30Jan201560PE.NFO,07/01/2020,10:41:02,53.9,52.85,500,53.3,1500,0,194000
RELIANCE30Jan201560PE.NFO,07/01/2020,10:41:05,53.9,52.85,1000,53.3,2000,0,194000
RELIANCE30Jan201560PE.NFO,07/01/2020,10:41:08,53.9,52.95,1000,53.4,1000,0,194000
RELIANCE30Jan201560PE.NFO,07/01/2020,10:41:14,53.9,53.05,500,53.45,500,0,194000
RELIANCE30Jan201560PE.NFO,07/01/2020,10:41:20,53.9,53.05,1000,53.45,1000,0,194000
RELIANCE30Jan201560PE.NFO,07/01/2020,10:41:26,53.9,52.8,500,53.25,2000,0,194000
RELIANCE30Jan201560PE.NFO,07/01/2020,10:41:32,53.9,52.75,1000,53.2,1500,0,194000
RELIANCE30Jan201560PE.NFO,07/01/2020,10:41:37,53.9,52.9,1000,53.4,2000,0,194000
RELIANCE30Jan201560PE.NFO,07/01/2020,10:41:41,53.9,52.95,500,53.35,1000,0,194000
RELIANCE30Jan201560PE.NFO,07/01/2020,10:41:44,53.9,52.95,500,53.35,500,0,194000
RELIANCE30Jan201560PE.NFO,07/01/2020,10:41:48,53.9,52.95,500,53.4,1500,0,194000
RELIANCE30Jan201560PE.NFO,07/01/2020,10:41:51,53.9,52.8,1000,53.25,1000,0,194000
RELIANCE30Jan201560PE.NFO,07/01/2020,10:41:55,53.9,52.85,1000,53.25,1000,0,194000
RELIANCE30Jan201560PE.NFO,07/01/2020,10:42:03,53.9,52.8,500,53.2,500,0,194000
RELIANCE30Jan201560PE.NFO,07/01/2020,10:42:08,53.9,52.85,500,53.2,1000,0,194000
RELIANCE30Jan201560PE.NFO,07/01/2020,10:42:13,53.9,52.85,1000,53.3,1000,0,194000
RELIANCE30Jan201560PE.NFO,07/01/2020,10:42:18,53.9,52.95,1000,53.3,500,0,194000
RELIANCE30Jan201560PE.NFO,07/01/2020,10:42:27,53.9,52.95,1000,53.35,500,0,194000
RELIANCE30Jan201560PE.NFO,07/01/2020,10:42:31,53.9,53.1,1000,53.55,1000,0,194000
RELIANCE30Jan201560PE.NFO,07/01/2020,10:42:34,53.9,53.15,1000,53.55,1500,0,194000
RELIANCE30Jan201560PE.NFO,07/01/2020,10:42:41,53.9,53,500,53.5,500,0,194000
RELIANCE30Jan201560PE.NFO,07/01/2020,10:43:28,53.9,52.95,1000,53.35,500,0,194000
RELIANCE30Jan201560PE.NFO,07/01/2020,10:43:32,53.9,52.95,1000,53.4,1000,0,194000
RELIANCE30Jan201560PE.NFO,07/01/2020,10:43:39,53.9,53.05,500,53.5,500,0,194000
RELIANCE30Jan201560PE.NFO,07/01/2020,10:43:42,53.9,52.95,500,53.45,1000,0,194000
RELIANCE30Jan201560PE.NFO,07/01/2020,10:43:47,53.9,53.1,500,53.55,1500,0,194000
RELIANCE30Jan201560PE.NFO,07/01/2020,10:43:57,53.9,52.95,500,53.4,1000,0,194000
RELIANCE30Jan201560PE.NFO,07/01/2020,10:44:11,53.9,52.85,2000,53.4,1500,0,194000
RELIANCE30Jan201560PE.NFO,07/01/2020,10:44:14,53.9,52.85,2000,53.4,1000,0,194000
RELIANCE30Jan201560PE.NFO,07/01/2020,10:44:21,53.9,52.85,2000,53.5,500,0,194000
RELIANCE30Jan201560PE.NFO,07/01/2020,10:44:24,53.9,52.95,2500,53.5,500,0,194000
RELIANCE30Jan201560PE.NFO,07/01/2020,10:45:06,53.9,53,1000,53.5,1500,0,194000
RELIANCE30Jan201560PE.NFO,07/01/2020,10:45:15,53.9,53,500,53.5,1500,0,194000
RELIANCE30Jan201560PE.NFO,07/01/2020,10:45:20,53.9,53.05,1000,53.5,1000,0,194000
RELIANCE30Jan201560PE.NFO,07/01/2020,10:45:32,53.9,53.1,500,53.5,1000,0,194000
RELIANCE30Jan201560PE.NFO,07/01/2020,10:45:41,53.9,53.1,500,53.5,1500,0,194000
RELIANCE30Jan201560PE.NFO,07/01/2020,10:45:43,53.9,53.15,500,53.6,1000,0,194000
RELIANCE30Jan201560PE.NFO,07/01/2020,10:45:49,53.9,53,1000,53.45,1000,0,194000
RELIANCE30Jan201560PE.NFO,07/01/2020,10:46:15,53.9,53.05,1000,53.45,1000,0,194000
RELIANCE30Jan201560PE.NFO,07/01/2020,10:46:18,53,52.9,500,53.35,500,500,194500
RELIANCE30Jan201560PE.NFO,07/01/2020,10:46:22,53,53,500,53.35,500,0,194500
RELIANCE30Jan201560PE.NFO,07/01/2020,10:46:29,53,52.9,1000,53.4,1000,0,194500
RELIANCE30Jan201560PE.NFO,07/01/2020,10:46:32,53,52.9,1000,53.35,500,0,194500
RELIANCE30Jan201560PE.NFO,07/01/2020,10:46:39,53,52.9,1000,53.4,1000,0,194500
RELIANCE30Jan201560PE.NFO,07/01/2020,10:46:50,53,53,1000,53.5,1000,0,194500
RELIANCE30Jan201560PE.NFO,07/01/2020,10:46:53,53,53.1,500,53.45,500,0,194500
RELIANCE30Jan201560PE.NFO,07/01/2020,10:46:56,53,53.1,1000,53.5,1500,0,194500
RELIANCE30Jan201560PE.NFO,07/01/2020,10:47:03,53,53.1,1000,53.55,1500,0,194500
RELIANCE30Jan201560PE.NFO,07/01/2020,10:47:15,53,53,500,53.45,500,0,194500
RELIANCE30Jan201560PE.NFO,07/01/2020,10:47:21,53,52.95,1000,53.4,500,0,194500
RELIANCE30Jan201560PE.NFO,07/01/2020,10:47:25,53,53.05,1000,53.5,1000,0,194500
RELIANCE30Jan201560PE.NFO,07/01/2020,10:47:29,53,52.9,1000,53.4,500,0,194500
RELIANCE30Jan201560PE.NFO,07/01/2020,10:47:33,53,52.9,1000,53.4,1000,0,194500
RELIANCE30Jan201560PE.NFO,07/01/2020,10:47:37,53,52.9,1000,53.35,500,0,194500
RELIANCE30Jan201560PE.NFO,07/01/2020,10:47:40,53,52.9,1000,53.4,1000,0,194500
RELIANCE30Jan201560PE.NFO,07/01/2020,10:47:44,53,52.9,1000,53.35,500,0,194500
RELIANCE30Jan201560PE.NFO,07/01/2020,10:47:59,53,52.9,1000,53.4,1000,0,194500
RELIANCE30Jan201560PE.NFO,07/01/2020,10:48:03,53,52.9,1000,53.35,500,0,194500
RELIANCE30Jan201560PE.NFO,07/01/2020,10:48:12,53,52.9,1000,53.4,1000,0,194500
RELIANCE30Jan201560PE.NFO,07/01/2020,10:48:29,53,52.9,1000,53.4,500,0,194500
RELIANCE30Jan201560PE.NFO,07/01/2020,10:48:32,53,52.9,1000,53.4,1000,0,194500
RELIANCE30Jan201560PE.NFO,07/01/2020,10:48:43,53,52.9,1000,53.45,500,0,194500
RELIANCE30Jan201560PE.NFO,07/01/2020,10:48:47,53,52.9,1000,53.4,1000,0,194500
RELIANCE30Jan201560PE.NFO,07/01/2020,10:48:50,53,52.9,1000,53.4,500,0,194500
RELIANCE30Jan201560PE.NFO,07/01/2020,10:48:58,53,53.1,1000,53.55,1000,0,194500
RELIANCE30Jan201560PE.NFO,07/01/2020,10:49:02,53,53.1,500,53.45,500,0,194500
RELIANCE30Jan201560PE.NFO,07/01/2020,10:49:08,53,53.1,1000,53.55,1000,0,194500
RELIANCE30Jan201560PE.NFO,07/01/2020,10:49:16,53,53.15,500,53.55,1000,0,194500
RELIANCE30Jan201560PE.NFO,07/01/2020,10:49:19,53,53.15,500,53.6,1000,0,194500
RELIANCE30Jan201560PE.NFO,07/01/2020,10:49:22,53,53.15,500,53.6,500,0,194500
RELIANCE30Jan201560PE.NFO,07/01/2020,10:49:29,53,53.2,500,53.65,1000,0,194500
RELIANCE30Jan201560PE.NFO,07/01/2020,10:49:47,53,53.2,1000,53.65,1000,0,194500
RELIANCE30Jan201560PE.NFO,07/01/2020,10:49:51,53,53.4,1000,53.9,1000,0,194500
RELIANCE30Jan201560PE.NFO,07/01/2020,10:49:54,53,53.4,500,53.85,1000,0,194500
RELIANCE30Jan201560PE.NFO,07/01/2020,10:50:00,53,53.45,500,53.9,500,0,194500
RELIANCE30Jan201560PE.NFO,07/01/2020,10:50:05,53.5,53.4,500,53.85,500,500,194500
RELIANCE30Jan201560PE.NFO,07/01/2020,10:50:11,53.5,53.35,1000,53.8,1500,0,194500
RELIANCE30Jan201560PE.NFO,07/01/2020,10:50:16,53.5,53.2,1000,53.65,1000,0,194500
RELIANCE30Jan201560PE.NFO,07/01/2020,10:50:22,53.5,53.25,500,53.7,1500,0,194500
RELIANCE30Jan201560PE.NFO,07/01/2020,10:50:27,53.5,53.2,1000,53.65,1000,0,194500
RELIANCE30Jan201560PE.NFO,07/01/2020,10:50:32,53.5,53.3,500,53.7,500,0,194500
RELIANCE30Jan201560PE.NFO,07/01/2020,10:50:37,53.5,53.4,1000,53.85,1000,0,194500
RELIANCE30Jan201560PE.NFO,07/01/2020,10:50:43,53.5,53.2,1000,53.7,1000,0,194500
RELIANCE30Jan201560PE.NFO,07/01/2020,10:50:56,53.5,53.3,1000,53.7,1000,0,194500
RELIANCE30Jan201560PE.NFO,07/01/2020,10:51:00,53.5,53.3,1000,53.7,500,0,194500
RELIANCE30Jan201560PE.NFO,07/01/2020,10:51:04,53.5,53.3,1000,53.7,1000,0,194500
RELIANCE30Jan201560PE.NFO,07/01/2020,10:51:08,53.5,53.2,1000,53.65,1000,0,194500
RELIANCE30Jan201560PE.NFO,07/01/2020,10:51:12,53.5,53.2,1000,53.65,500,0,194500
