Ticker,Date,Time,LTP,BuyPrice,BuyQty,SellPrice,SellQty,LTQ,OpenInterest
RELIANCE30Jan201580PE.NFO,07/01/2020,09:15:31,70.5,68.15,500,74.85,4000,500,107000
RELIANCE30Jan201580PE.NFO,07/01/2020,09:15:31,70.5,68.15,500,74.85,4000,0,107000
RELIANCE30Jan201580PE.NFO,07/01/2020,09:15:31,70.5,68.15,500,74.85,4000,0,107000
RELIANCE30Jan201580PE.NFO,07/01/2020,09:15:31,70.5,68.15,500,74.85,4000,0,107000
RELIANCE30Jan201580PE.NFO,07/01/2020,09:15:32,70.5,68.25,500,74.75,5000,0,107000
RELIANCE30Jan201580PE.NFO,07/01/2020,09:15:33,70.5,68.35,500,74.65,4000,0,107000
RELIANCE30Jan201580PE.NFO,07/01/2020,09:15:35,70.5,68.55,500,74.4,3000,0,107000
RELIANCE30Jan201580PE.NFO,07/01/2020,09:15:36,70.5,68.65,500,74.25,4000,0,107000
RELIANCE30Jan201580PE.NFO,07/01/2020,09:15:37,70.5,68.65,500,74.05,500,0,107000
RELIANCE30Jan201580PE.NFO,07/01/2020,09:15:38,70.5,68.65,500,73.8,500,0,107000
RELIANCE30Jan201580PE.NFO,07/01/2020,09:15:39,70.5,68.65,500,73.7,3500,0,107000
RELIANCE30Jan201580PE.NFO,07/01/2020,09:15:40,70.5,68.65,500,73.6,500,0,107000
RELIANCE30Jan201580PE.NFO,07/01/2020,09:15:41,70.5,68.65,500,73.5,500,0,107000
RELIANCE30Jan201580PE.NFO,07/01/2020,09:15:43,70.5,68.75,500,73.2,500,0,107000
RELIANCE30Jan201580PE.NFO,07/01/2020,09:15:45,70.5,68.75,500,73.1,3500,0,107000
RELIANCE30Jan201580PE.NFO,07/01/2020,09:15:46,70.5,68.75,500,73,3500,0,107000
RELIANCE30Jan201580PE.NFO,07/01/2020,09:15:47,70.5,68.75,500,72.9,3500,0,107000
RELIANCE30Jan201580PE.NFO,07/01/2020,09:15:48,70.5,68.75,500,72.7,500,0,107000
RELIANCE30Jan201580PE.NFO,07/01/2020,09:15:49,70.5,68.75,500,72.6,500,0,107000
RELIANCE30Jan201580PE.NFO,07/01/2020,09:15:50,70.5,68.75,500,72.1,500,0,107000
RELIANCE30Jan201580PE.NFO,07/01/2020,09:15:51,70.5,68.75,500,71.4,500,0,107000
RELIANCE30Jan201580PE.NFO,07/01/2020,09:15:52,70.5,68.75,500,71.2,4000,0,107000
RELIANCE30Jan201580PE.NFO,07/01/2020,09:15:54,70.5,68.75,500,71.05,500,0,107000
RELIANCE30Jan201580PE.NFO,07/01/2020,09:15:56,70.5,68.75,500,70.7,4000,0,107000
RELIANCE30Jan201580PE.NFO,07/01/2020,09:15:59,70.5,68.75,500,70.7,3000,0,107000
RELIANCE30Jan201580PE.NFO,07/01/2020,09:16:00,70.5,68.75,500,70.5,15000,0,107000
RELIANCE30Jan201580PE.NFO,07/01/2020,09:16:02,70.5,68.75,500,70.4,500,0,107000
RELIANCE30Jan201580PE.NFO,07/01/2020,09:16:03,70.5,68.75,500,70.3,500,0,107000
RELIANCE30Jan201580PE.NFO,07/01/2020,09:16:04,70.5,68.75,500,70.2,500,0,107000
RELIANCE30Jan201580PE.NFO,07/01/2020,09:16:05,70.5,68.75,500,70,500,0,107000
RELIANCE30Jan201580PE.NFO,07/01/2020,09:16:06,70.5,67.8,15000,69.9,500,0,107000
RELIANCE30Jan201580PE.NFO,07/01/2020,09:16:07,70.5,67.8,15000,69.85,3000,0,107000
RELIANCE30Jan201580PE.NFO,07/01/2020,09:16:08,70.5,67.55,15000,69.75,3000,0,107000
RELIANCE30Jan201580PE.NFO,07/01/2020,09:16:09,70.5,67.55,15000,69.6,500,0,107000
RELIANCE30Jan201580PE.NFO,07/01/2020,09:16:10,70.5,67.55,15000,69.5,500,0,107000
RELIANCE30Jan201580PE.NFO,07/01/2020,09:16:11,70.5,67.55,15000,69.45,2000,0,107000
RELIANCE30Jan201580PE.NFO,07/01/2020,09:16:12,70.5,67.3,15000,69.35,1000,0,107000
RELIANCE30Jan201580PE.NFO,07/01/2020,09:16:13,70.5,67.3,15000,69.3,2000,0,107000
RELIANCE30Jan201580PE.NFO,07/01/2020,09:16:14,70.5,66.8,15000,69.15,500,0,107000
RELIANCE30Jan201580PE.NFO,07/01/2020,09:16:15,70.5,66.55,15000,68.85,1000,0,107000
RELIANCE30Jan201580PE.NFO,07/01/2020,09:16:16,70.5,66.55,15000,68.8,1500,0,107000
RELIANCE30Jan201580PE.NFO,07/01/2020,09:16:17,70.5,66.6,500,68.8,1500,0,107000
RELIANCE30Jan201580PE.NFO,07/01/2020,09:16:18,70.5,66.55,15000,68.7,500,0,107000
RELIANCE30Jan201580PE.NFO,07/01/2020,09:16:19,70.5,66.7,500,68.6,500,0,107000
RELIANCE30Jan201580PE.NFO,07/01/2020,09:16:19,70.5,66.55,15000,68.6,500,0,107000
RELIANCE30Jan201580PE.NFO,07/01/2020,09:16:20,70.5,66.35,4000,68.6,500,0,107000
RELIANCE30Jan201580PE.NFO,07/01/2020,09:16:21,70.5,66.6,500,68.55,500,0,107000
RELIANCE30Jan201580PE.NFO,07/01/2020,09:16:22,70.5,66.4,500,68.45,500,0,107000
RELIANCE30Jan201580PE.NFO,07/01/2020,09:16:23,70.5,66.65,500,69.1,2000,0,107000
RELIANCE30Jan201580PE.NFO,07/01/2020,09:16:24,70.5,66.85,500,69.1,1500,0,107000
RELIANCE30Jan201580PE.NFO,07/01/2020,09:16:25,70.5,66.95,500,69.15,15000,0,107000
RELIANCE30Jan201580PE.NFO,07/01/2020,09:16:27,70.5,67.3,500,69.3,500,0,107000
RELIANCE30Jan201580PE.NFO,07/01/2020,09:16:28,70.5,67.4,500,69.65,2500,0,107000
RELIANCE30Jan201580PE.NFO,07/01/2020,09:16:29,70.5,67.5,500,69.65,2500,0,107000
RELIANCE30Jan201580PE.NFO,07/01/2020,09:16:30,70.5,67.4,1000,69.65,2500,0,107000
RELIANCE30Jan201580PE.NFO,07/01/2020,09:16:31,70.5,67.4,500,69.65,1000,0,107000
RELIANCE30Jan201580PE.NFO,07/01/2020,09:16:32,70.5,67.45,500,69.55,500,0,107000
RELIANCE30Jan201580PE.NFO,07/01/2020,09:16:33,70.5,67.4,500,69.45,500,0,107000
RELIANCE30Jan201580PE.NFO,07/01/2020,09:16:34,70.5,67.45,500,69.45,500,0,107000
RELIANCE30Jan201580PE.NFO,07/01/2020,09:16:35,70.5,67.35,15000,69.45,500,0,107000
RELIANCE30Jan201580PE.NFO,07/01/2020,09:16:36,70.5,67.8,500,70.05,4000,0,107000
RELIANCE30Jan201580PE.NFO,07/01/2020,09:16:37,70.5,67.9,500,69.8,15000,0,107000
RELIANCE30Jan201580PE.NFO,07/01/2020,09:16:38,70.5,67.5,1000,69.7,3500,0,107000
RELIANCE30Jan201580PE.NFO,07/01/2020,09:16:38,70.5,67.55,500,69.7,3500,0,107000
RELIANCE30Jan201580PE.NFO,07/01/2020,09:16:39,70.5,67.65,500,69.55,15000,0,107000
RELIANCE30Jan201580PE.NFO,07/01/2020,09:16:40,70.5,66.9,15000,69.25,15000,0,107000
RELIANCE30Jan201580PE.NFO,07/01/2020,09:16:41,70.5,66.9,15000,69.15,500,0,107000
RELIANCE30Jan201580PE.NFO,07/01/2020,09:16:42,70.5,66.95,500,69.15,500,0,107000
RELIANCE30Jan201580PE.NFO,07/01/2020,09:16:44,70.5,67.7,3500,69.85,2000,0,107000
RELIANCE30Jan201580PE.NFO,07/01/2020,09:16:45,70.5,67.7,3000,69.75,1500,0,107000
RELIANCE30Jan201580PE.NFO,07/01/2020,09:16:46,70.5,67.9,500,69.75,1500,0,107000
RELIANCE30Jan201580PE.NFO,07/01/2020,09:16:47,70.5,68,500,69.6,500,0,107000
RELIANCE30Jan201580PE.NFO,07/01/2020,09:16:49,70.5,67.7,500,69.45,500,0,107000
RELIANCE30Jan201580PE.NFO,07/01/2020,09:16:50,70.5,67.75,500,69.45,500,0,107000
RELIANCE30Jan201580PE.NFO,07/01/2020,09:16:51,70.5,67.95,500,70,4000,0,107000
RELIANCE30Jan201580PE.NFO,07/01/2020,09:16:52,70.5,68.05,500,70,4000,0,107000
RELIANCE30Jan201580PE.NFO,07/01/2020,09:16:53,70.5,68.05,2500,70,500,0,107000
RELIANCE30Jan201580PE.NFO,07/01/2020,09:16:54,70.5,68.1,500,69.9,500,0,107000
RELIANCE30Jan201580PE.NFO,07/01/2020,09:16:55,70.5,68.2,500,70.25,2500,0,107000
RELIANCE30Jan201580PE.NFO,07/01/2020,09:16:56,70.5,68.3,500,70.25,2500,0,107000
RELIANCE30Jan201580PE.NFO,07/01/2020,09:16:57,70.5,68.15,500,70.25,2500,0,107000
RELIANCE30Jan201580PE.NFO,07/01/2020,09:16:58,70.5,67.65,15000,69.85,500,0,107000
RELIANCE30Jan201580PE.NFO,07/01/2020,09:16:59,70.5,67.7,500,69.95,500,0,107000
RELIANCE30Jan201580PE.NFO,07/01/2020,09:17:00,70.5,67.65,15000,69.85,500,0,107000
RELIANCE30Jan201580PE.NFO,07/01/2020,09:17:01,70.5,67.65,15000,69.8,500,0,107000
RELIANCE30Jan201580PE.NFO,07/01/2020,09:17:02,70.5,67.45,500,69.55,500,0,107000
RELIANCE30Jan201580PE.NFO,07/01/2020,09:17:03,70.5,67.4,15000,69.35,500,0,107000
RELIANCE30Jan201580PE.NFO,07/01/2020,09:17:04,70.5,67.15,15000,69.2,500,0,107000
RELIANCE30Jan201580PE.NFO,07/01/2020,09:17:05,70.5,67.15,15000,69.1,500,0,107000
RELIANCE30Jan201580PE.NFO,07/01/2020,09:17:06,70.5,67,500,69,500,0,107000
RELIANCE30Jan201580PE.NFO,07/01/2020,09:17:07,70.5,66.95,500,68.9,500,0,107000
RELIANCE30Jan201580PE.NFO,07/01/2020,09:17:08,70.5,66.95,500,69.25,4500,0,107000
RELIANCE30Jan201580PE.NFO,07/01/2020,09:17:09,70.5,66.9,15000,69.2,500,0,107000
RELIANCE30Jan201580PE.NFO,07/01/2020,09:17:10,70.5,66.7,2000,68.95,4000,0,107000
RELIANCE30Jan201580PE.NFO,07/01/2020,09:17:15,70.5,66.9,15000,69.15,2000,0,107000
RELIANCE30Jan201580PE.NFO,07/01/2020,09:17:26,70.5,67.7,500,69.55,1000,0,107000
RELIANCE30Jan201580PE.NFO,07/01/2020,09:17:36,70.5,68.45,2500,70.5,1500,0,107000
RELIANCE30Jan201580PE.NFO,07/01/2020,09:17:47,70.5,68.1,500,70.4,2000,0,107000
RELIANCE30Jan201580PE.NFO,07/01/2020,09:17:57,70.5,68.75,500,70.7,1500,0,107000
RELIANCE30Jan201580PE.NFO,07/01/2020,09:18:07,70.5,68.15,2500,70.35,1000,0,107000
RELIANCE30Jan201580PE.NFO,07/01/2020,09:18:16,70.5,68.05,500,70.05,1000,0,107000
RELIANCE30Jan201580PE.NFO,07/01/2020,09:18:24,70.5,68.45,500,70.45,2000,0,107000
RELIANCE30Jan201580PE.NFO,07/01/2020,09:18:33,70.5,69.45,500,71.45,15000,0,107000
RELIANCE30Jan201580PE.NFO,07/01/2020,09:18:42,70.5,70.15,500,71.95,1000,0,107000
RELIANCE30Jan201580PE.NFO,07/01/2020,09:18:51,70.5,69.65,500,71.6,500,0,107000
RELIANCE30Jan201580PE.NFO,07/01/2020,09:19:00,70.5,69.1,3000,71.35,1000,0,107000
RELIANCE30Jan201580PE.NFO,07/01/2020,09:19:09,70.5,68.75,500,70.9,1000,0,107000
RELIANCE30Jan201580PE.NFO,07/01/2020,09:19:18,70.5,68.9,500,70.85,500,0,107000
RELIANCE30Jan201580PE.NFO,07/01/2020,09:19:26,70.5,68.7,500,70.65,1500,0,107000
RELIANCE30Jan201580PE.NFO,07/01/2020,09:19:35,70.5,68.45,2000,70.5,500,0,107000
RELIANCE30Jan201580PE.NFO,07/01/2020,09:19:43,70.5,68.35,2000,70.3,1000,0,107000
RELIANCE30Jan201580PE.NFO,07/01/2020,09:19:51,70.5,67.9,3000,70.05,500,0,107000
RELIANCE30Jan201580PE.NFO,07/01/2020,09:19:59,70.5,68.5,500,70.6,500,0,107000
RELIANCE30Jan201580PE.NFO,07/01/2020,09:20:06,70.5,68.15,1000,69.9,1000,0,107000
RELIANCE30Jan201580PE.NFO,07/01/2020,09:20:15,70.5,67.65,3500,69.4,500,0,107000
RELIANCE30Jan201580PE.NFO,07/01/2020,09:20:22,70.5,67.05,500,69.05,1500,0,107000
RELIANCE30Jan201580PE.NFO,07/01/2020,09:20:30,70.5,67.2,500,69.2,500,0,107000
RELIANCE30Jan201580PE.NFO,07/01/2020,09:20:37,70.5,67.15,4000,69.35,1000,0,107000
RELIANCE30Jan201580PE.NFO,07/01/2020,09:20:45,70.5,67.15,3500,69.2,500,0,107000
RELIANCE30Jan201580PE.NFO,07/01/2020,09:20:53,70.5,66.9,3500,69.05,500,0,107000
RELIANCE30Jan201580PE.NFO,07/01/2020,09:21:00,70.5,67.6,500,69.4,1500,0,107000
RELIANCE30Jan201580PE.NFO,07/01/2020,09:21:09,70.5,67.55,500,69.65,500,0,107000
RELIANCE30Jan201580PE.NFO,07/01/2020,09:21:17,70.5,67.05,4000,69.35,500,0,107000
RELIANCE30Jan201580PE.NFO,07/01/2020,09:21:24,70.5,67.05,1000,69,2000,0,107000
RELIANCE30Jan201580PE.NFO,07/01/2020,09:21:31,70.5,67.1,500,68.85,500,0,107000
RELIANCE30Jan201580PE.NFO,07/01/2020,09:21:40,70.5,67.1,3000,69.3,500,0,107000
RELIANCE30Jan201580PE.NFO,07/01/2020,09:21:48,70.5,67.05,3500,69.1,1000,0,107000
RELIANCE30Jan201580PE.NFO,07/01/2020,09:21:56,70.5,67.55,500,69.35,500,0,107000
RELIANCE30Jan201580PE.NFO,07/01/2020,09:22:03,70.5,67.75,500,69.5,500,0,107000
RELIANCE30Jan201580PE.NFO,07/01/2020,09:22:12,70.5,67.55,1000,69.65,500,0,107000
RELIANCE30Jan201580PE.NFO,07/01/2020,09:22:20,70.5,67.35,500,69.5,500,0,107000
RELIANCE30Jan201580PE.NFO,07/01/2020,09:22:27,70.5,67.6,500,69.3,500,0,107000
RELIANCE30Jan201580PE.NFO,07/01/2020,09:22:35,70.5,67.95,500,69.6,500,0,107000
RELIANCE30Jan201580PE.NFO,07/01/2020,09:22:42,70.5,67,15000,69.3,1000,0,107000
RELIANCE30Jan201580PE.NFO,07/01/2020,09:22:49,70.5,67.65,500,69.4,1500,0,107000
RELIANCE30Jan201580PE.NFO,07/01/2020,09:22:56,70.5,67.3,1500,69.3,2000,0,107000
RELIANCE30Jan201580PE.NFO,07/01/2020,09:23:04,70.5,66.85,3500,69.1,500,0,107000
RELIANCE30Jan201580PE.NFO,07/01/2020,09:23:11,70.5,67.05,500,68.75,1000,0,107000
RELIANCE30Jan201580PE.NFO,07/01/2020,09:23:18,70.5,67.4,500,69.15,1000,0,107000
RELIANCE30Jan201580PE.NFO,07/01/2020,09:23:25,70.5,67.05,500,68.8,2000,0,107000
RELIANCE30Jan201580PE.NFO,07/01/2020,09:23:31,70.5,66.95,500,68.95,15000,0,107000
RELIANCE30Jan201580PE.NFO,07/01/2020,09:23:37,70.5,66.65,500,68.55,3500,0,107000
RELIANCE30Jan201580PE.NFO,07/01/2020,09:23:44,70.5,66.6,500,68.4,2000,0,107000
RELIANCE30Jan201580PE.NFO,07/01/2020,09:23:50,70.5,66.5,1500,68.15,500,0,107000
RELIANCE30Jan201580PE.NFO,07/01/2020,09:23:57,70.5,66.7,500,68.5,2000,0,107000
RELIANCE30Jan201580PE.NFO,07/01/2020,09:24:04,70.5,67.1,500,68.9,4000,0,107000
RELIANCE30Jan201580PE.NFO,07/01/2020,09:24:11,70.5,66.85,15000,69.15,1500,0,107000
RELIANCE30Jan201580PE.NFO,07/01/2020,09:24:18,70.5,66.9,3500,69.05,500,0,107000
RELIANCE30Jan201580PE.NFO,07/01/2020,09:24:25,70.5,67.3,500,68.8,1000,0,107000
RELIANCE30Jan201580PE.NFO,07/01/2020,09:24:32,70.5,67.2,500,68.8,500,0,107000
RELIANCE30Jan201580PE.NFO,07/01/2020,09:24:38,70.5,67.1,500,69.15,2500,0,107000
RELIANCE30Jan201580PE.NFO,07/01/2020,09:24:44,70.5,67.35,500,69,500,0,107000
RELIANCE30Jan201580PE.NFO,07/01/2020,09:24:50,70.5,67.1,3500,69.25,500,0,107000
RELIANCE30Jan201580PE.NFO,07/01/2020,09:24:57,70.5,67.45,500,69.15,1000,0,107000
RELIANCE30Jan201580PE.NFO,07/01/2020,09:25:03,70.5,67.1,500,68.85,1500,0,107000
RELIANCE30Jan201580PE.NFO,07/01/2020,09:25:11,70.5,66.9,500,68.5,500,0,107000
RELIANCE30Jan201580PE.NFO,07/01/2020,09:25:18,70.5,67,500,68.75,1000,0,107000
RELIANCE30Jan201580PE.NFO,07/01/2020,09:25:25,70.5,67.1,500,68.55,500,0,107000
RELIANCE30Jan201580PE.NFO,07/01/2020,09:25:32,70.5,67.25,500,69.15,2000,0,107000
RELIANCE30Jan201580PE.NFO,07/01/2020,09:25:39,70.5,67.1,3500,69.4,2500,0,107000
RELIANCE30Jan201580PE.NFO,07/01/2020,09:25:47,70.5,67.6,500,69.3,500,0,107000
RELIANCE30Jan201580PE.NFO,07/01/2020,09:26:02,70.5,67.45,500,69.25,1000,0,107000
RELIANCE30Jan201580PE.NFO,07/01/2020,09:26:10,70.5,68.05,500,69.5,500,0,107000
RELIANCE30Jan201580PE.NFO,07/01/2020,09:26:18,70.5,68.2,500,70.1,2500,0,107000
RELIANCE30Jan201580PE.NFO,07/01/2020,09:26:24,70.5,68.2,500,70.05,500,0,107000
RELIANCE30Jan201580PE.NFO,07/01/2020,09:26:30,70.5,68.45,500,70.1,500,0,107000
RELIANCE30Jan201580PE.NFO,07/01/2020,09:26:38,70.5,68.5,500,70.15,500,0,107000
RELIANCE30Jan201580PE.NFO,07/01/2020,09:26:44,70.5,68.05,500,69.85,2000,0,107000
RELIANCE30Jan201580PE.NFO,07/01/2020,09:26:50,70.5,68.05,500,70.3,500,0,107000
RELIANCE30Jan201580PE.NFO,07/01/2020,09:26:56,70.5,67.8,3500,69.85,3500,0,107000
RELIANCE30Jan201580PE.NFO,07/01/2020,09:27:01,70.5,68.1,500,69.7,1000,0,107000
RELIANCE30Jan201580PE.NFO,07/01/2020,09:27:06,70.5,67.8,3500,69.55,500,0,107000
RELIANCE30Jan201580PE.NFO,07/01/2020,09:27:11,70.5,67.95,500,69.8,500,0,107000
RELIANCE30Jan201580PE.NFO,07/01/2020,09:27:17,70.5,67.7,500,69.5,2000,0,107000
RELIANCE30Jan201580PE.NFO,07/01/2020,09:27:24,70.5,67.45,1000,69.35,2000,0,107000
RELIANCE30Jan201580PE.NFO,07/01/2020,09:27:31,70.5,67.5,500,69.35,1000,0,107000
RELIANCE30Jan201580PE.NFO,07/01/2020,09:27:37,70.5,67.7,500,69.3,500,0,107000
RELIANCE30Jan201580PE.NFO,07/01/2020,09:27:43,70.5,67.75,500,69.55,1500,0,107000
RELIANCE30Jan201580PE.NFO,07/01/2020,09:27:49,70.5,67.55,500,69.5,500,0,107000
RELIANCE30Jan201580PE.NFO,07/01/2020,09:27:58,70.5,67.6,500,69.5,500,0,107000
RELIANCE30Jan201580PE.NFO,07/01/2020,09:28:12,70.5,67.3,1500,69.4,500,0,107000
RELIANCE30Jan201580PE.NFO,07/01/2020,09:28:19,70.5,67.15,500,68.9,1000,0,107000
RELIANCE30Jan201580PE.NFO,07/01/2020,09:28:25,70.5,67.3,500,69.15,2000,0,107000
RELIANCE30Jan201580PE.NFO,07/01/2020,09:28:31,70.5,67.7,500,69.25,500,0,107000
RELIANCE30Jan201580PE.NFO,07/01/2020,09:28:37,70.5,67.9,500,69.6,1500,0,107000
RELIANCE30Jan201580PE.NFO,07/01/2020,09:28:43,70.5,67.45,500,69.4,500,0,107000
RELIANCE30Jan201580PE.NFO,07/01/2020,09:28:48,70.5,67.2,500,68.7,500,0,107000
RELIANCE30Jan201580PE.NFO,07/01/2020,09:28:54,70.5,67.2,1000,69.15,500,0,107000
RELIANCE30Jan201580PE.NFO,07/01/2020,09:29:00,70.5,67.8,500,69.6,1500,0,107000
RELIANCE30Jan201580PE.NFO,07/01/2020,09:29:06,70.5,67.5,500,69.2,500,0,107000
RELIANCE30Jan201580PE.NFO,07/01/2020,09:29:12,70.5,67.25,1000,69.25,500,0,107000
RELIANCE30Jan201580PE.NFO,07/01/2020,09:29:13,70.5,67.45,500,69.15,500,0,107000
RELIANCE30Jan201580PE.NFO,07/01/2020,09:29:14,70.5,67.55,500,69.1,500,0,107000
RELIANCE30Jan201580PE.NFO,07/01/2020,09:29:15,70.5,67.55,500,69.45,3000,0,107000
RELIANCE30Jan201580PE.NFO,07/01/2020,09:29:16,70.5,67.55,500,69.25,500,0,107000
RELIANCE30Jan201580PE.NFO,07/01/2020,09:29:17,70.5,67.6,500,69.15,500,0,107000
RELIANCE30Jan201580PE.NFO,07/01/2020,09:29:18,70.5,67.15,500,68.85,500,0,107000
RELIANCE30Jan201580PE.NFO,07/01/2020,09:29:19,70.5,67.15,500,68.9,500,0,107000
RELIANCE30Jan201580PE.NFO,07/01/2020,09:29:20,70.5,67.15,500,68.8,500,0,107000
RELIANCE30Jan201580PE.NFO,07/01/2020,09:29:22,70.5,67.25,500,68.8,1000,0,107000
RELIANCE30Jan201580PE.NFO,07/01/2020,09:29:23,70.5,67.2,500,68.75,500,0,107000
RELIANCE30Jan201580PE.NFO,07/01/2020,09:29:26,70.5,67.35,500,68.85,500,0,107000
RELIANCE30Jan201580PE.NFO,07/01/2020,09:29:26,70.5,67.4,500,68.85,500,0,107000
RELIANCE30Jan201580PE.NFO,07/01/2020,09:29:27,70.5,67.4,500,68.9,500,0,107000
RELIANCE30Jan201580PE.NFO,07/01/2020,09:29:28,70.5,67.6,500,69.1,500,0,107000
RELIANCE30Jan201580PE.NFO,07/01/2020,09:29:29,70.5,67.7,500,69.55,1500,0,107000
RELIANCE30Jan201580PE.NFO,07/01/2020,09:29:30,70.5,67.8,500,69.4,500,0,107000
RELIANCE30Jan201580PE.NFO,07/01/2020,09:29:31,70.5,67.8,500,69.8,2000,0,107000
RELIANCE30Jan201580PE.NFO,07/01/2020,09:29:32,70.5,67.9,500,69.7,500,0,107000
RELIANCE30Jan201580PE.NFO,07/01/2020,09:29:33,70.5,67.95,500,69.55,500,0,107000
RELIANCE30Jan201580PE.NFO,07/01/2020,09:29:34,70.5,68.05,500,69.55,500,0,107000
RELIANCE30Jan201580PE.NFO,07/01/2020,09:29:35,70.5,68.15,500,70.1,5000,0,107000
RELIANCE30Jan201580PE.NFO,07/01/2020,09:29:36,70.5,68.15,500,69.9,500,0,107000
RELIANCE30Jan201580PE.NFO,07/01/2020,09:29:37,70.5,68.2,1000,69.9,500,0,107000
RELIANCE30Jan201580PE.NFO,07/01/2020,09:29:38,70.5,68.05,1500,69.65,500,0,107000
RELIANCE30Jan201580PE.NFO,07/01/2020,09:29:44,70.5,68.35,500,69.55,500,0,107000
RELIANCE30Jan201580PE.NFO,07/01/2020,09:29:45,70.5,67.8,5000,69.55,500,0,107000
RELIANCE30Jan201580PE.NFO,07/01/2020,09:29:47,70.5,67.8,5000,70.1,4500,0,107000
RELIANCE30Jan201580PE.NFO,07/01/2020,09:29:48,70.5,67.8,4000,69.9,500,0,107000
RELIANCE30Jan201580PE.NFO,07/01/2020,09:29:49,70.5,67.8,1500,69.7,500,0,107000
RELIANCE30Jan201580PE.NFO,07/01/2020,09:29:50,70.5,67.9,500,69.5,500,0,107000
RELIANCE30Jan201580PE.NFO,07/01/2020,09:29:51,70.5,67.85,500,69.35,1000,0,107000
RELIANCE30Jan201580PE.NFO,07/01/2020,09:29:52,70.5,67.95,500,69.3,500,0,107000
RELIANCE30Jan201580PE.NFO,07/01/2020,09:29:53,70.5,68,500,69.3,500,0,107000
RELIANCE30Jan201580PE.NFO,07/01/2020,09:29:54,70.5,68,500,69.2,500,0,107000
RELIANCE30Jan201580PE.NFO,07/01/2020,09:29:55,70.5,68.05,500,69.3,500,0,107000
RELIANCE30Jan201580PE.NFO,07/01/2020,09:29:56,70.5,67.8,3000,69.3,500,0,107000
RELIANCE30Jan201580PE.NFO,07/01/2020,09:29:58,70.5,67.8,3000,69.25,500,0,107000
RELIANCE30Jan201580PE.NFO,07/01/2020,09:29:58,70.5,67.8,3000,69.15,500,0,107000
RELIANCE30Jan201580PE.NFO,07/01/2020,09:29:59,70.5,67.8,2500,69.1,1000,0,107000
RELIANCE30Jan201580PE.NFO,07/01/2020,09:30:00,70.5,67.8,1000,69.25,500,0,107000
RELIANCE30Jan201580PE.NFO,07/01/2020,09:30:01,70.5,67.8,1000,70.1,6500,0,107000
RELIANCE30Jan201580PE.NFO,07/01/2020,09:30:02,70.5,67.55,500,69.6,500,0,107000
RELIANCE30Jan201580PE.NFO,07/01/2020,09:30:03,70.5,67.55,1000,69.45,500,0,107000
RELIANCE30Jan201580PE.NFO,07/01/2020,09:30:04,70.5,67.75,500,69.35,500,0,107000
RELIANCE30Jan201580PE.NFO,07/01/2020,09:30:05,70.5,67.85,500,69.2,500,0,107000
RELIANCE30Jan201580PE.NFO,07/01/2020,09:30:06,70.5,67.9,500,69.85,6500,0,107000
RELIANCE30Jan201580PE.NFO,07/01/2020,09:30:07,70.5,67.95,500,69.45,500,0,107000
RELIANCE30Jan201580PE.NFO,07/01/2020,09:30:08,70.5,67.95,500,69.35,500,0,107000
RELIANCE30Jan201580PE.NFO,07/01/2020,09:30:09,70.5,67.65,500,69.15,500,0,107000
RELIANCE30Jan201580PE.NFO,07/01/2020,09:30:11,70.5,67.55,1500,69.1,500,0,107000
RELIANCE30Jan201580PE.NFO,07/01/2020,09:30:12,70.5,67.55,1500,69.05,1000,0,107000
RELIANCE30Jan201580PE.NFO,07/01/2020,09:30:13,70.5,67.6,500,69.15,500,0,107000
RELIANCE30Jan201580PE.NFO,07/01/2020,09:30:14,70.5,67.6,500,69.05,500,0,107000
RELIANCE30Jan201580PE.NFO,07/01/2020,09:30:15,70.5,67.6,500,69.05,1000,0,107000
RELIANCE30Jan201580PE.NFO,07/01/2020,09:30:16,70.5,67.6,500,69,500,0,107000
RELIANCE30Jan201580PE.NFO,07/01/2020,09:30:17,70.5,67.35,500,69.2,500,0,107000
RELIANCE30Jan201580PE.NFO,07/01/2020,09:30:18,70.5,67.35,500,68.9,500,0,107000
RELIANCE30Jan201580PE.NFO,07/01/2020,09:30:19,70.5,67.5,500,69.55,500,0,107000
RELIANCE30Jan201580PE.NFO,07/01/2020,09:30:20,70.5,67.3,1000,69.3,500,0,107000
RELIANCE30Jan201580PE.NFO,07/01/2020,09:30:21,70.5,67.3,1500,69.1,500,0,107000
RELIANCE30Jan201580PE.NFO,07/01/2020,09:30:22,70.5,67.05,3500,68.9,500,0,107000
RELIANCE30Jan201580PE.NFO,07/01/2020,09:30:23,70.5,67.05,3500,68.85,500,0,107000
RELIANCE30Jan201580PE.NFO,07/01/2020,09:30:24,70.5,67.2,1000,68.65,1000,0,107000
RELIANCE30Jan201580PE.NFO,07/01/2020,09:30:25,70.5,67.15,500,68.65,500,0,107000
RELIANCE30Jan201580PE.NFO,07/01/2020,09:30:26,70.5,67.2,500,69.15,3500,0,107000
RELIANCE30Jan201580PE.NFO,07/01/2020,09:30:27,70.5,67.15,500,68.85,500,0,107000
RELIANCE30Jan201580PE.NFO,07/01/2020,09:30:29,70.5,67.25,500,68.8,1000,0,107000
RELIANCE30Jan201580PE.NFO,07/01/2020,09:30:29,70.5,67.35,500,68.75,500,0,107000
RELIANCE30Jan201580PE.NFO,07/01/2020,09:30:31,70.5,67.4,500,68.75,500,0,107000
RELIANCE30Jan201580PE.NFO,07/01/2020,09:30:31,70.5,67.4,500,69.25,500,0,107000
RELIANCE30Jan201580PE.NFO,07/01/2020,09:30:33,70.5,67.5,500,69.05,500,0,107000
RELIANCE30Jan201580PE.NFO,07/01/2020,09:30:34,70.5,67.65,500,69,500,0,107000
RELIANCE30Jan201580PE.NFO,07/01/2020,09:30:35,70.5,67.4,3000,69.55,3000,0,107000
RELIANCE30Jan201580PE.NFO,07/01/2020,09:30:36,70.5,67.7,500,69.35,500,0,107000
RELIANCE30Jan201580PE.NFO,07/01/2020,09:30:37,70.5,67.6,500,69.35,500,0,107000
RELIANCE30Jan201580PE.NFO,07/01/2020,09:30:38,70.5,67.65,1000,69.2,1000,0,107000
RELIANCE30Jan201580PE.NFO,07/01/2020,09:30:39,70.5,67.6,500,69.75,500,0,107000
RELIANCE30Jan201580PE.NFO,07/01/2020,09:30:40,70.5,67.65,500,69.6,500,0,107000
RELIANCE30Jan201580PE.NFO,07/01/2020,09:30:41,70.5,67.75,500,69.45,1000,0,107000
RELIANCE30Jan201580PE.NFO,07/01/2020,09:30:42,70.5,67.65,1000,69.45,1000,0,107000
RELIANCE30Jan201580PE.NFO,07/01/2020,09:30:43,70.5,67.55,1500,69.25,1000,0,107000
RELIANCE30Jan201580PE.NFO,07/01/2020,09:30:44,70.5,67.55,500,69.15,1000,0,107000
RELIANCE30Jan201580PE.NFO,07/01/2020,09:30:45,70.5,67.5,500,69.05,1000,0,107000
RELIANCE30Jan201580PE.NFO,07/01/2020,09:30:46,70.5,67.6,500,68.95,500,0,107000
RELIANCE30Jan201580PE.NFO,07/01/2020,09:30:47,70.5,67.6,500,69,500,0,107000
RELIANCE30Jan201580PE.NFO,07/01/2020,09:30:49,70.5,67.65,500,69,500,0,107000
RELIANCE30Jan201580PE.NFO,07/01/2020,09:30:50,70.5,67.45,500,69,500,0,107000
RELIANCE30Jan201580PE.NFO,07/01/2020,09:30:51,70.5,67.45,500,68.95,500,0,107000
RELIANCE30Jan201580PE.NFO,07/01/2020,09:30:53,70.5,67.55,500,68.9,500,0,107000
RELIANCE30Jan201580PE.NFO,07/01/2020,09:30:55,70.5,67.65,500,69.05,500,0,107000
RELIANCE30Jan201580PE.NFO,07/01/2020,09:30:56,70.5,67.75,500,69.55,5000,0,107000
RELIANCE30Jan201580PE.NFO,07/01/2020,09:30:57,70.5,67.75,500,69.35,500,0,107000
RELIANCE30Jan201580PE.NFO,07/01/2020,09:30:58,70.5,67.75,500,69.25,500,0,107000
RELIANCE30Jan201580PE.NFO,07/01/2020,09:30:59,70.5,67.35,500,69.1,500,0,107000
RELIANCE30Jan201580PE.NFO,07/01/2020,09:31:00,70.5,67.3,3000,69.05,500,0,107000
RELIANCE30Jan201580PE.NFO,07/01/2020,09:31:01,70.5,67.4,500,69.05,1000,0,107000
RELIANCE30Jan201580PE.NFO,07/01/2020,09:31:02,70.5,67.25,15000,68.95,500,0,107000
RELIANCE30Jan201580PE.NFO,07/01/2020,09:31:03,70.5,67.2,500,68.75,500,0,107000
RELIANCE30Jan201580PE.NFO,07/01/2020,09:31:04,70.5,67.2,500,68.55,500,0,107000
RELIANCE30Jan201580PE.NFO,07/01/2020,09:31:05,70.5,67.15,500,69.25,5500,0,107000
RELIANCE30Jan201580PE.NFO,07/01/2020,09:31:06,70.5,67.15,500,69.25,6000,0,107000
RELIANCE30Jan201580PE.NFO,07/01/2020,09:31:07,70.5,67.2,500,69.15,500,0,107000
RELIANCE30Jan201580PE.NFO,07/01/2020,09:31:08,70.5,67.1,500,68.95,500,0,107000
RELIANCE30Jan201580PE.NFO,07/01/2020,09:31:09,70.5,67,500,68.65,500,0,107000
RELIANCE30Jan201580PE.NFO,07/01/2020,09:31:10,70.5,67,500,68.55,2000,0,107000
RELIANCE30Jan201580PE.NFO,07/01/2020,09:31:11,70.5,67.05,500,68.5,1500,0,107000
RELIANCE30Jan201580PE.NFO,07/01/2020,09:31:12,70.5,66.85,500,68.4,500,0,107000
RELIANCE30Jan201580PE.NFO,07/01/2020,09:31:13,70.5,66.95,500,68.35,1000,0,107000
RELIANCE30Jan201580PE.NFO,07/01/2020,09:31:14,70.5,66.85,500,68.5,500,0,107000
RELIANCE30Jan201580PE.NFO,07/01/2020,09:31:16,70.5,67.2,500,69,500,0,107000
RELIANCE30Jan201580PE.NFO,07/01/2020,09:31:17,70.5,67.25,1000,68.8,500,0,107000
RELIANCE30Jan201580PE.NFO,07/01/2020,09:31:18,70.5,67.2,500,68.7,500,0,107000
RELIANCE30Jan201580PE.NFO,07/01/2020,09:31:19,70.5,67.35,500,68.6,500,0,107000
RELIANCE30Jan201580PE.NFO,07/01/2020,09:31:20,70.5,67.3,500,68.6,500,0,107000
RELIANCE30Jan201580PE.NFO,07/01/2020,09:31:21,70.5,66.95,2500,68.8,500,0,107000
RELIANCE30Jan201580PE.NFO,07/01/2020,09:31:22,70.5,67.05,500,68.5,500,0,107000
RELIANCE30Jan201580PE.NFO,07/01/2020,09:31:23,70.5,67.1,500,68.4,500,0,107000
RELIANCE30Jan201580PE.NFO,07/01/2020,09:31:24,70.5,67.1,500,68.35,1000,0,107000
RELIANCE30Jan201580PE.NFO,07/01/2020,09:31:25,70.5,67.1,500,68.7,500,0,107000
RELIANCE30Jan201580PE.NFO,07/01/2020,09:31:26,70.5,67.1,500,68.65,1000,0,107000
RELIANCE30Jan201580PE.NFO,07/01/2020,09:31:28,70.5,66.9,1500,68.55,500,0,107000
RELIANCE30Jan201580PE.NFO,07/01/2020,09:31:28,70.5,66.9,1500,68.55,1000,0,107000
RELIANCE30Jan201580PE.NFO,07/01/2020,09:31:29,70.5,67,500,68.65,2000,0,107000
RELIANCE30Jan201580PE.NFO,07/01/2020,09:31:30,70.5,66.85,500,68.55,500,0,107000
RELIANCE30Jan201580PE.NFO,07/01/2020,09:31:31,70.5,66.85,500,68.45,500,0,107000
RELIANCE30Jan201580PE.NFO,07/01/2020,09:31:32,70.5,66.9,500,68.35,500,0,107000
RELIANCE30Jan201580PE.NFO,07/01/2020,09:31:33,70.5,66.8,1000,68.25,500,0,107000
RELIANCE30Jan201580PE.NFO,07/01/2020,09:31:34,70.5,66.75,500,68.8,3500,0,107000
RELIANCE30Jan201580PE.NFO,07/01/2020,09:31:35,70.5,66.8,500,68.6,500,0,107000
RELIANCE30Jan201580PE.NFO,07/01/2020,09:31:36,70.5,66.85,500,68.4,500,0,107000
RELIANCE30Jan201580PE.NFO,07/01/2020,09:31:37,70.5,66.85,500,68.3,500,0,107000
RELIANCE30Jan201580PE.NFO,07/01/2020,09:31:40,70.5,66.6,4500,68.25,500,0,107000
RELIANCE30Jan201580PE.NFO,07/01/2020,09:31:43,70.5,66.6,4500,68.45,1500,0,107000
RELIANCE30Jan201580PE.NFO,07/01/2020,09:31:43,70.5,66.6,4500,68.35,500,0,107000
RELIANCE30Jan201580PE.NFO,07/01/2020,09:31:44,70.5,66.6,4500,68.3,1000,0,107000
RELIANCE30Jan201580PE.NFO,07/01/2020,09:31:45,70.5,66.6,4500,68.25,500,0,107000
RELIANCE30Jan201580PE.NFO,07/01/2020,09:31:55,70.5,66.6,4500,68.85,2500,0,107000
RELIANCE30Jan201580PE.NFO,07/01/2020,09:31:55,70.5,66.6,4500,68.85,3500,0,107000
RELIANCE30Jan201580PE.NFO,07/01/2020,09:31:56,70.5,66.6,4500,68.55,500,0,107000
RELIANCE30Jan201580PE.NFO,07/01/2020,09:31:57,70.5,66.6,4500,68.5,500,0,107000
RELIANCE30Jan201580PE.NFO,07/01/2020,09:31:58,70.5,66.6,4500,68.45,500,0,107000
RELIANCE30Jan201580PE.NFO,07/01/2020,09:31:59,70.5,66.6,4500,68.5,500,0,107000
RELIANCE30Jan201580PE.NFO,07/01/2020,09:32:00,70.5,66.6,4500,68.45,500,0,107000
RELIANCE30Jan201580PE.NFO,07/01/2020,09:32:01,70.5,66.7,1000,68.4,500,0,107000
RELIANCE30Jan201580PE.NFO,07/01/2020,09:32:02,70.5,66.9,500,68.25,500,0,107000
RELIANCE30Jan201580PE.NFO,07/01/2020,09:32:03,70.5,66.65,1000,68.2,500,0,107000
RELIANCE30Jan201580PE.NFO,07/01/2020,09:32:04,70.5,66.75,500,68.3,500,0,107000
RELIANCE30Jan201580PE.NFO,07/01/2020,09:32:05,70.5,66.75,500,68.2,500,0,107000
RELIANCE30Jan201580PE.NFO,07/01/2020,09:32:06,70.5,66.7,1000,68.15,500,0,107000
RELIANCE30Jan201580PE.NFO,07/01/2020,09:32:07,70.5,66.85,500,68.2,500,0,107000
RELIANCE30Jan201580PE.NFO,07/01/2020,09:32:08,70.5,66.8,500,68.2,500,0,107000
RELIANCE30Jan201580PE.NFO,07/01/2020,09:32:11,70.5,66.65,1500,68.05,500,0,107000
RELIANCE30Jan201580PE.NFO,07/01/2020,09:32:12,70.5,66.75,500,68.05,500,0,107000
RELIANCE30Jan201580PE.NFO,07/01/2020,09:32:15,70.5,66.7,500,68,500,0,107000
RELIANCE30Jan201580PE.NFO,07/01/2020,09:32:15,70.5,66.7,500,67.9,500,0,107000
RELIANCE30Jan201580PE.NFO,07/01/2020,09:32:16,70.5,66.7,500,68.4,3500,0,107000
RELIANCE30Jan201580PE.NFO,07/01/2020,09:32:17,70.5,65.7,500,67.95,1000,0,107000
RELIANCE30Jan201580PE.NFO,07/01/2020,09:32:18,70.5,65.7,1000,67.75,500,0,107000
RELIANCE30Jan201580PE.NFO,07/01/2020,09:32:19,70.5,65.6,500,67.45,500,0,107000
RELIANCE30Jan201580PE.NFO,07/01/2020,09:32:21,70.5,65.7,500,67.3,1000,0,107000
RELIANCE30Jan201580PE.NFO,07/01/2020,09:32:22,70.5,65.7,500,67.2,1000,0,107000
RELIANCE30Jan201580PE.NFO,07/01/2020,09:32:23,70.5,65.5,500,67.1,500,0,107000
RELIANCE30Jan201580PE.NFO,07/01/2020,09:32:24,70.5,65.55,500,67.6,4500,0,107000
RELIANCE30Jan201580PE.NFO,07/01/2020,09:32:25,70.5,65.6,500,67.05,500,0,107000
RELIANCE30Jan201580PE.NFO,07/01/2020,09:32:26,70.5,65.55,500,67,1000,0,107000
RELIANCE30Jan201580PE.NFO,07/01/2020,09:32:27,70.5,65.55,500,66.95,500,0,107000
RELIANCE30Jan201580PE.NFO,07/01/2020,09:32:29,70.5,65.4,4500,66.85,500,0,107000
RELIANCE30Jan201580PE.NFO,07/01/2020,09:32:30,70.5,65.4,4500,66.9,500,0,107000
RELIANCE30Jan201580PE.NFO,07/01/2020,09:32:31,70.5,65.4,4500,67.25,500,0,107000
RELIANCE30Jan201580PE.NFO,07/01/2020,09:32:32,70.5,65.4,500,67.05,500,0,107000
RELIANCE30Jan201580PE.NFO,07/01/2020,09:32:33,70.5,65.15,1000,66.7,500,0,107000
RELIANCE30Jan201580PE.NFO,07/01/2020,09:32:34,70.5,65.2,500,66.7,500,0,107000
RELIANCE30Jan201580PE.NFO,07/01/2020,09:32:35,70.5,64.95,1000,67.1,3500,0,107000
RELIANCE30Jan201580PE.NFO,07/01/2020,09:32:36,70.5,65.2,500,66.8,500,0,107000
RELIANCE30Jan201580PE.NFO,07/01/2020,09:32:37,70.5,65.1,500,66.7,500,0,107000
RELIANCE30Jan201580PE.NFO,07/01/2020,09:32:38,70.5,64.95,500,66.5,500,0,107000
RELIANCE30Jan201580PE.NFO,07/01/2020,09:32:39,70.5,64.95,500,66.35,1000,0,107000
RELIANCE30Jan201580PE.NFO,07/01/2020,09:32:40,70.5,64.95,500,66.35,1500,0,107000
RELIANCE30Jan201580PE.NFO,07/01/2020,09:32:41,70.5,64.95,500,66.3,500,0,107000
RELIANCE30Jan201580PE.NFO,07/01/2020,09:32:43,70.5,64.6,1500,66.25,500,0,107000
RELIANCE30Jan201580PE.NFO,07/01/2020,09:32:44,70.5,64.75,500,66.1,500,0,107000
RELIANCE30Jan201580PE.NFO,07/01/2020,09:32:45,70.5,64.6,1500,66.25,500,0,107000
RELIANCE30Jan201580PE.NFO,07/01/2020,09:32:46,70.5,64.7,1000,66.4,500,0,107000
RELIANCE30Jan201580PE.NFO,07/01/2020,09:32:47,70.5,64.8,1000,66.35,500,0,107000
RELIANCE30Jan201580PE.NFO,07/01/2020,09:32:48,70.5,64.9,1000,66.4,1000,0,107000
RELIANCE30Jan201580PE.NFO,07/01/2020,09:32:49,70.5,65.1,500,66.5,500,0,107000
RELIANCE30Jan201580PE.NFO,07/01/2020,09:32:50,70.5,65.1,500,67.05,4500,0,107000
RELIANCE30Jan201580PE.NFO,07/01/2020,09:32:51,70.5,64.95,500,66.85,3000,0,107000
RELIANCE30Jan201580PE.NFO,07/01/2020,09:32:52,70.5,65,500,66.75,2500,0,107000
RELIANCE30Jan201580PE.NFO,07/01/2020,09:32:53,70.5,64.9,1000,66.7,1000,0,107000
RELIANCE30Jan201580PE.NFO,07/01/2020,09:32:54,70.5,64.9,1000,66.65,2000,0,107000
RELIANCE30Jan201580PE.NFO,07/01/2020,09:32:55,70.5,64.6,4500,66.55,1000,0,107000
RELIANCE30Jan201580PE.NFO,07/01/2020,09:32:56,70.5,64.7,1000,66.55,1000,0,107000
RELIANCE30Jan201580PE.NFO,07/01/2020,09:32:57,70.5,64.75,1000,66.45,500,0,107000
RELIANCE30Jan201580PE.NFO,07/01/2020,09:32:58,70.5,64.7,1000,66.85,3000,0,107000
RELIANCE30Jan201580PE.NFO,07/01/2020,09:32:59,70.5,64.8,1000,66.8,500,0,107000
RELIANCE30Jan201580PE.NFO,07/01/2020,09:33:00,70.5,64.95,500,66.7,2500,0,107000
RELIANCE30Jan201580PE.NFO,07/01/2020,09:33:01,70.5,64.95,500,66.6,500,0,107000
RELIANCE30Jan201580PE.NFO,07/01/2020,09:33:02,70.5,64.65,1000,66.55,500,0,107000
RELIANCE30Jan201580PE.NFO,07/01/2020,09:33:03,70.5,64.85,500,66.45,1000,0,107000
RELIANCE30Jan201580PE.NFO,07/01/2020,09:33:04,70.5,64.85,500,66.4,1500,0,107000
RELIANCE30Jan201580PE.NFO,07/01/2020,09:33:05,70.5,64.8,500,66.35,500,0,107000
RELIANCE30Jan201580PE.NFO,07/01/2020,09:33:06,70.5,64.6,500,66.35,500,0,107000
RELIANCE30Jan201580PE.NFO,07/01/2020,09:33:07,70.5,64.6,500,66.25,500,0,107000
RELIANCE30Jan201580PE.NFO,07/01/2020,09:33:08,70.5,64.6,500,66.15,1500,0,107000
RELIANCE30Jan201580PE.NFO,07/01/2020,09:33:09,70.5,64.6,500,66.1,1000,0,107000
RELIANCE30Jan201580PE.NFO,07/01/2020,09:33:10,70.5,64.45,500,66,500,0,107000
RELIANCE30Jan201580PE.NFO,07/01/2020,09:33:11,70.5,64.55,500,65.95,1000,0,107000
RELIANCE30Jan201580PE.NFO,07/01/2020,09:33:13,70.5,64.55,16000,66.2,500,0,107000
RELIANCE30Jan201580PE.NFO,07/01/2020,09:33:19,70.5,64.6,3000,66.45,500,0,107000
RELIANCE30Jan201580PE.NFO,07/01/2020,09:33:25,70.5,64.55,15000,66.45,1000,0,107000
RELIANCE30Jan201580PE.NFO,07/01/2020,09:33:32,70.5,64.6,500,66.15,500,0,107000
RELIANCE30Jan201580PE.NFO,07/01/2020,09:33:37,70.5,64.8,500,66.7,500,0,107000
RELIANCE30Jan201580PE.NFO,07/01/2020,09:33:42,70.5,64.75,500,66.4,500,0,107000
RELIANCE30Jan201580PE.NFO,07/01/2020,09:33:48,70.5,65.05,500,66.6,500,0,107000
RELIANCE30Jan201580PE.NFO,07/01/2020,09:33:53,70.5,64.3,15000,66.4,1500,0,107000
RELIANCE30Jan201580PE.NFO,07/01/2020,09:33:58,70.5,64.35,3000,66.1,500,0,107000
RELIANCE30Jan201580PE.NFO,07/01/2020,09:34:04,70.5,64.4,500,66.35,3000,0,107000
RELIANCE30Jan201580PE.NFO,07/01/2020,09:34:09,70.5,64.5,1000,66.05,1000,0,107000
RELIANCE30Jan201580PE.NFO,07/01/2020,09:34:15,70.5,64.35,500,65.95,1000,0,107000
RELIANCE30Jan201580PE.NFO,07/01/2020,09:34:20,70.5,64.4,3500,66.25,1500,0,107000
RELIANCE30Jan201580PE.NFO,07/01/2020,09:34:27,70.5,64.55,500,66.45,500,0,107000
RELIANCE30Jan201580PE.NFO,07/01/2020,09:34:33,70.5,65,500,66.5,500,0,107000
RELIANCE30Jan201580PE.NFO,07/01/2020,09:34:40,70.5,65.5,500,66.9,500,0,107000
RELIANCE30Jan201580PE.NFO,07/01/2020,09:34:46,70.5,65.75,500,67.65,500,0,107000
RELIANCE30Jan201580PE.NFO,07/01/2020,09:34:52,70.5,65.8,500,67.3,1000,0,107000
RELIANCE30Jan201580PE.NFO,07/01/2020,09:34:57,70.5,65.6,15000,67.15,500,0,107000
RELIANCE30Jan201580PE.NFO,07/01/2020,09:35:02,70.5,65.55,500,67,500,0,107000
RELIANCE30Jan201580PE.NFO,07/01/2020,09:35:07,70.5,65.5,500,67,500,0,107000
RELIANCE30Jan201580PE.NFO,07/01/2020,09:35:13,70.5,65.5,1000,67.15,500,0,107000
RELIANCE30Jan201580PE.NFO,07/01/2020,09:35:19,70.5,65.55,500,67.25,500,0,107000
RELIANCE30Jan201580PE.NFO,07/01/2020,09:35:24,70.5,65.6,500,67.1,500,0,107000
RELIANCE30Jan201580PE.NFO,07/01/2020,09:35:29,70.5,65.9,500,67.7,1500,0,107000
RELIANCE30Jan201580PE.NFO,07/01/2020,09:35:36,70.5,65.75,500,67.35,500,0,107000
RELIANCE30Jan201580PE.NFO,07/01/2020,09:35:43,70.5,66.05,500,67.95,3000,0,107000
RELIANCE30Jan201580PE.NFO,07/01/2020,09:35:51,70.5,65.05,500,66.95,500,0,107000
RELIANCE30Jan201580PE.NFO,07/01/2020,09:35:59,70.5,65,500,66.9,500,0,107000
RELIANCE30Jan201580PE.NFO,07/01/2020,09:36:05,70.5,65.45,500,67.4,1500,0,107000
RELIANCE30Jan201580PE.NFO,07/01/2020,09:36:12,70.5,64.95,500,66.8,500,0,107000
RELIANCE30Jan201580PE.NFO,07/01/2020,09:36:18,70.5,65.05,1000,66.7,1500,0,107000
RELIANCE30Jan201580PE.NFO,07/01/2020,09:36:24,70.5,65.1,500,66.8,500,0,107000
RELIANCE30Jan201580PE.NFO,07/01/2020,09:36:29,70.5,64.5,500,66.35,500,0,107000
RELIANCE30Jan201580PE.NFO,07/01/2020,09:36:35,70.5,64.4,4500,66.45,500,0,107000
RELIANCE30Jan201580PE.NFO,07/01/2020,09:36:40,70.5,64.45,3000,66.2,1000,0,107000
RELIANCE30Jan201580PE.NFO,07/01/2020,09:36:46,70.5,64.45,500,66.3,500,0,107000
RELIANCE30Jan201580PE.NFO,07/01/2020,09:36:51,70.5,63.75,500,65.5,500,0,107000
RELIANCE30Jan201580PE.NFO,07/01/2020,09:36:57,70.5,63.2,1000,64.8,500,0,107000
RELIANCE30Jan201580PE.NFO,07/01/2020,09:37:02,70.5,63.45,500,65.1,500,0,107000
RELIANCE30Jan201580PE.NFO,07/01/2020,09:37:08,70.5,63.15,2500,64.75,500,0,107000
RELIANCE30Jan201580PE.NFO,07/01/2020,09:37:12,70.5,62.9,1000,64.5,500,0,107000
RELIANCE30Jan201580PE.NFO,07/01/2020,09:37:12,70.5,62.85,500,64.3,500,0,107000
RELIANCE30Jan201580PE.NFO,07/01/2020,09:37:14,70.5,62.45,500,64.3,500,0,107000
RELIANCE30Jan201580PE.NFO,07/01/2020,09:37:15,70.5,62.4,3500,64.05,1000,0,107000
RELIANCE30Jan201580PE.NFO,07/01/2020,09:37:16,70.5,62.4,3000,64,500,0,107000
RELIANCE30Jan201580PE.NFO,07/01/2020,09:37:17,70.5,62.5,500,64,500,0,107000
RELIANCE30Jan201580PE.NFO,07/01/2020,09:37:18,70.5,62.5,500,64.65,6000,0,107000
RELIANCE30Jan201580PE.NFO,07/01/2020,09:37:19,70.5,62.55,1000,64.45,1000,0,107000
RELIANCE30Jan201580PE.NFO,07/01/2020,09:37:20,70.5,62.6,500,64.15,500,0,107000
RELIANCE30Jan201580PE.NFO,07/01/2020,09:37:21,70.5,62.6,500,63.95,500,0,107000
RELIANCE30Jan201580PE.NFO,07/01/2020,09:37:22,70.5,62.75,500,63.85,1000,0,107000
RELIANCE30Jan201580PE.NFO,07/01/2020,09:37:23,70.5,62.55,1000,64.65,6000,0,107000
RELIANCE30Jan201580PE.NFO,07/01/2020,09:37:24,70.5,62.65,500,64.5,500,0,107000
RELIANCE30Jan201580PE.NFO,07/01/2020,09:37:25,70.5,62.45,1000,64.15,500,0,107000
RELIANCE30Jan201580PE.NFO,07/01/2020,09:37:26,70.5,62.55,1000,64.25,500,0,107000
RELIANCE30Jan201580PE.NFO,07/01/2020,09:37:27,70.5,62.65,500,64.65,2000,0,107000
RELIANCE30Jan201580PE.NFO,07/01/2020,09:37:28,70.5,62.75,500,64.55,500,0,107000
RELIANCE30Jan201580PE.NFO,07/01/2020,09:37:29,70.5,62.95,500,64.45,500,0,107000
RELIANCE30Jan201580PE.NFO,07/01/2020,09:37:30,70.5,62.95,500,64.35,500,0,107000
RELIANCE30Jan201580PE.NFO,07/01/2020,09:37:31,70.5,62.9,500,64.5,1000,0,107000
RELIANCE30Jan201580PE.NFO,07/01/2020,09:37:32,70.5,63,500,64.35,500,0,107000
RELIANCE30Jan201580PE.NFO,07/01/2020,09:37:33,70.5,62.65,4500,64.95,5000,0,107000
RELIANCE30Jan201580PE.NFO,07/01/2020,09:37:34,70.5,62.65,4500,64.85,1000,0,107000
RELIANCE30Jan201580PE.NFO,07/01/2020,09:37:35,70.5,62.65,4500,64.55,500,0,107000
RELIANCE30Jan201580PE.NFO,07/01/2020,09:37:36,70.5,62.65,4500,64.5,500,0,107000
RELIANCE30Jan201580PE.NFO,07/01/2020,09:37:38,70.5,62.65,4500,64.45,500,0,107000
RELIANCE30Jan201580PE.NFO,07/01/2020,09:37:39,70.5,62.65,4500,64.2,500,0,107000
RELIANCE30Jan201580PE.NFO,07/01/2020,09:37:41,70.5,62.65,4500,64.5,500,0,107000
RELIANCE30Jan201580PE.NFO,07/01/2020,09:37:42,70.5,62.65,4500,64.45,500,0,107000
RELIANCE30Jan201580PE.NFO,07/01/2020,09:37:42,70.5,62.65,4500,64.5,500,0,107000
RELIANCE30Jan201580PE.NFO,07/01/2020,09:37:43,70.5,62.65,4500,64.8,1000,0,107000
RELIANCE30Jan201580PE.NFO,07/01/2020,09:37:44,70.5,62.65,4500,64.5,500,0,107000
RELIANCE30Jan201580PE.NFO,07/01/2020,09:37:45,70.5,62.65,4500,64.85,1500,0,107000
RELIANCE30Jan201580PE.NFO,07/01/2020,09:37:46,70.5,62.65,3500,64.65,500,0,107000
RELIANCE30Jan201580PE.NFO,07/01/2020,09:37:47,70.5,62.65,3500,64.55,500,0,107000
RELIANCE30Jan201580PE.NFO,07/01/2020,09:37:48,70.5,62.8,500,64.45,500,0,107000
RELIANCE30Jan201580PE.NFO,07/01/2020,09:37:50,70.5,62.85,1000,64.2,500,0,107000
RELIANCE30Jan201580PE.NFO,07/01/2020,09:37:52,70.5,62.95,500,64.2,500,0,107000
RELIANCE30Jan201580PE.NFO,07/01/2020,09:37:54,70.5,62.3,500,64.45,1000,0,107000
RELIANCE30Jan201580PE.NFO,07/01/2020,09:37:54,70.5,62.35,500,64.45,1000,0,107000
RELIANCE30Jan201580PE.NFO,07/01/2020,09:37:55,70.5,62.5,500,64.35,500,0,107000
RELIANCE30Jan201580PE.NFO,07/01/2020,09:37:56,70.5,62.4,500,64.2,500,0,107000
RELIANCE30Jan201580PE.NFO,07/01/2020,09:37:57,70.5,62.1,500,64.45,2500,0,107000
RELIANCE30Jan201580PE.NFO,07/01/2020,09:37:58,70.5,62.25,1000,64.05,500,0,107000
RELIANCE30Jan201580PE.NFO,07/01/2020,09:37:59,70.5,62.25,1000,63.95,500,0,107000
RELIANCE30Jan201580PE.NFO,07/01/2020,09:38:00,70.5,62.25,1000,64.35,1500,0,107000
RELIANCE30Jan201580PE.NFO,07/01/2020,09:38:01,70.5,62.15,2000,64,500,0,107000
RELIANCE30Jan201580PE.NFO,07/01/2020,09:38:02,70.5,62.3,500,63.9,500,0,107000
RELIANCE30Jan201580PE.NFO,07/01/2020,09:38:03,70.5,62.35,500,64,1000,0,107000
RELIANCE30Jan201580PE.NFO,07/01/2020,09:38:04,70.5,62.35,1000,63.85,500,0,107000
RELIANCE30Jan201580PE.NFO,07/01/2020,09:38:05,70.5,62.35,1000,63.75,500,0,107000
RELIANCE30Jan201580PE.NFO,07/01/2020,09:38:06,70.5,62.45,500,64.45,4000,0,107000
RELIANCE30Jan201580PE.NFO,07/01/2020,09:38:07,70.5,62.2,500,64.45,5000,0,107000
RELIANCE30Jan201580PE.NFO,07/01/2020,09:38:08,70.5,62.3,500,64.05,500,0,107000
RELIANCE30Jan201580PE.NFO,07/01/2020,09:38:09,70.5,62.3,1000,63.9,500,0,107000
RELIANCE30Jan201580PE.NFO,07/01/2020,09:38:11,70.5,62.05,2000,63.95,500,0,107000
RELIANCE30Jan201580PE.NFO,07/01/2020,09:38:12,70.5,62.15,500,63.9,500,0,107000
RELIANCE30Jan201580PE.NFO,07/01/2020,09:38:13,70.5,62.2,1000,63.9,500,0,107000
RELIANCE30Jan201580PE.NFO,07/01/2020,09:38:14,70.5,62.15,500,63.5,500,0,107000
RELIANCE30Jan201580PE.NFO,07/01/2020,09:38:15,70.5,62.15,1000,63.4,500,0,107000
RELIANCE30Jan201580PE.NFO,07/01/2020,09:38:17,70.5,62.15,1000,63.35,500,0,107000
RELIANCE30Jan201580PE.NFO,07/01/2020,09:38:18,70.5,62.05,2000,64.1,500,0,107000
RELIANCE30Jan201580PE.NFO,07/01/2020,09:38:19,70.5,62.2,500,63.95,500,0,107000
RELIANCE30Jan201580PE.NFO,07/01/2020,09:38:20,70.5,62.3,500,63.95,500,0,107000
RELIANCE30Jan201580PE.NFO,07/01/2020,09:38:21,70.5,62.25,1500,63.9,500,0,107000
RELIANCE30Jan201580PE.NFO,07/01/2020,09:38:23,70.5,62.25,1500,63.85,500,0,107000
RELIANCE30Jan201580PE.NFO,07/01/2020,09:38:24,70.5,62.3,500,64.25,5000,0,107000
RELIANCE30Jan201580PE.NFO,07/01/2020,09:38:25,70.5,62.25,500,63.95,500,0,107000
RELIANCE30Jan201580PE.NFO,07/01/2020,09:38:26,70.5,62.3,1000,63.9,500,0,107000
RELIANCE30Jan201580PE.NFO,07/01/2020,09:38:27,70.5,62.3,500,63.9,500,0,107000
RELIANCE30Jan201580PE.NFO,07/01/2020,09:38:28,70.5,62.3,1500,63.9,500,0,107000
RELIANCE30Jan201580PE.NFO,07/01/2020,09:38:29,70.5,62.3,1000,63.8,500,0,107000
RELIANCE30Jan201580PE.NFO,07/01/2020,09:38:30,70.5,62.35,1000,63.9,500,0,107000
RELIANCE30Jan201580PE.NFO,07/01/2020,09:38:31,70.5,62.45,1000,64,1500,0,107000
RELIANCE30Jan201580PE.NFO,07/01/2020,09:38:32,70.5,62.4,500,63.95,500,0,107000
RELIANCE30Jan201580PE.NFO,07/01/2020,09:38:33,70.5,62.3,500,63.9,1000,0,107000
RELIANCE30Jan201580PE.NFO,07/01/2020,09:38:34,70.5,62.2,3000,63.9,500,0,107000
RELIANCE30Jan201580PE.NFO,07/01/2020,09:38:35,70.5,62.4,500,64.2,2000,0,107000
RELIANCE30Jan201580PE.NFO,07/01/2020,09:38:36,70.5,62.35,500,63.9,500,0,107000
RELIANCE30Jan201580PE.NFO,07/01/2020,09:38:37,70.5,62.4,1500,63.95,500,0,107000
RELIANCE30Jan201580PE.NFO,07/01/2020,09:38:38,70.5,62.3,2000,63.95,500,0,107000
RELIANCE30Jan201580PE.NFO,07/01/2020,09:38:39,70.5,62.45,500,63.95,500,0,107000
RELIANCE30Jan201580PE.NFO,07/01/2020,09:38:40,70.5,62.1,1000,63.95,500,0,107000
RELIANCE30Jan201580PE.NFO,07/01/2020,09:38:41,70.5,62.2,1000,63.95,500,0,107000
RELIANCE30Jan201580PE.NFO,07/01/2020,09:38:42,70.5,62.4,500,63.95,500,0,107000
RELIANCE30Jan201580PE.NFO,07/01/2020,09:38:44,70.5,62.05,5000,63.95,500,0,107000
RELIANCE30Jan201580PE.NFO,07/01/2020,09:38:47,70.5,62.45,500,63.95,500,0,107000
RELIANCE30Jan201580PE.NFO,07/01/2020,09:38:48,70.5,62.55,500,63.95,500,0,107000
RELIANCE30Jan201580PE.NFO,07/01/2020,09:38:49,70.5,62.15,4500,64.45,500,0,107000
RELIANCE30Jan201580PE.NFO,07/01/2020,09:38:50,70.5,62.25,1000,64.25,500,0,107000
RELIANCE30Jan201580PE.NFO,07/01/2020,09:38:51,70.5,62.45,500,64.2,500,0,107000
RELIANCE30Jan201580PE.NFO,07/01/2020,09:38:53,70.5,62.7,500,64.2,500,0,107000
RELIANCE30Jan201580PE.NFO,07/01/2020,09:38:55,70.5,62.75,1000,64.25,500,0,107000
RELIANCE30Jan201580PE.NFO,07/01/2020,09:38:56,70.5,62.75,1000,64.15,500,0,107000
RELIANCE30Jan201580PE.NFO,07/01/2020,09:38:57,70.5,62.85,500,64.5,3000,0,107000
RELIANCE30Jan201580PE.NFO,07/01/2020,09:38:58,70.5,62.7,1500,64.5,3000,0,107000
RELIANCE30Jan201580PE.NFO,07/01/2020,09:38:59,70.5,62.75,500,64.5,3000,0,107000
RELIANCE30Jan201580PE.NFO,07/01/2020,09:39:00,70.5,62.7,1000,64.5,3000,0,107000
RELIANCE30Jan201580PE.NFO,07/01/2020,09:39:01,70.5,62.75,500,64.3,500,0,107000
RELIANCE30Jan201580PE.NFO,07/01/2020,09:39:02,70.5,62.4,4500,64.2,500,0,107000
RELIANCE30Jan201580PE.NFO,07/01/2020,09:39:03,70.5,62.4,4500,64.05,500,0,107000
RELIANCE30Jan201580PE.NFO,07/01/2020,09:39:04,70.5,62.4,4000,64.15,500,0,107000
RELIANCE30Jan201580PE.NFO,07/01/2020,09:39:05,70.5,62.6,500,64.05,500,0,107000
RELIANCE30Jan201580PE.NFO,07/01/2020,09:39:06,70.5,62.2,500,64.15,1000,0,107000
RELIANCE30Jan201580PE.NFO,07/01/2020,09:39:08,70.5,62.45,1000,63.8,500,0,107000
RELIANCE30Jan201580PE.NFO,07/01/2020,09:39:08,70.5,62.25,2500,64.15,1000,0,107000
RELIANCE30Jan201580PE.NFO,07/01/2020,09:39:09,70.5,62.35,1000,64,500,0,107000
RELIANCE30Jan201580PE.NFO,07/01/2020,09:39:10,70.5,62.3,1000,63.8,500,0,107000
RELIANCE30Jan201580PE.NFO,07/01/2020,09:39:11,70.5,62.3,1000,63.75,500,0,107000
RELIANCE30Jan201580PE.NFO,07/01/2020,09:39:12,70.5,62.35,500,63.75,500,0,107000
RELIANCE30Jan201580PE.NFO,07/01/2020,09:39:13,70.5,62.2,1000,63.8,500,0,107000
RELIANCE30Jan201580PE.NFO,07/01/2020,09:39:14,70.5,62.35,1000,63.75,500,0,107000
RELIANCE30Jan201580PE.NFO,07/01/2020,09:39:15,70.5,62.4,500,63.65,500,0,107000
RELIANCE30Jan201580PE.NFO,07/01/2020,09:39:16,70.5,62.15,1000,63.45,500,0,107000
RELIANCE30Jan201580PE.NFO,07/01/2020,09:39:17,70.5,62.1,1000,63.55,1500,0,107000
RELIANCE30Jan201580PE.NFO,07/01/2020,09:39:18,70.5,62.15,500,64.25,5500,0,107000
RELIANCE30Jan201580PE.NFO,07/01/2020,09:39:20,70.5,62.1,500,63.8,1000,0,107000
RELIANCE30Jan201580PE.NFO,07/01/2020,09:39:20,70.5,62.1,500,63.7,500,0,107000
RELIANCE30Jan201580PE.NFO,07/01/2020,09:39:21,70.5,62,1500,63.6,500,0,107000
RELIANCE30Jan201580PE.NFO,07/01/2020,09:39:22,70.5,62,1000,63.45,500,0,107000
RELIANCE30Jan201580PE.NFO,07/01/2020,09:39:23,70.5,62,1000,63.4,500,0,107000
RELIANCE30Jan201580PE.NFO,07/01/2020,09:39:24,70.5,62,1000,63.85,1000,0,107000
RELIANCE30Jan201580PE.NFO,07/01/2020,09:39:25,70.5,62,1000,63.75,1000,0,107000
RELIANCE30Jan201580PE.NFO,07/01/2020,09:39:27,70.5,62,1000,63.35,500,0,107000
RELIANCE30Jan201580PE.NFO,07/01/2020,09:39:27,70.5,62,1000,63.25,500,0,107000
RELIANCE30Jan201580PE.NFO,07/01/2020,09:39:28,70.5,62,1000,63.15,500,0,107000
RELIANCE30Jan201580PE.NFO,07/01/2020,09:39:29,70.5,62,1000,63.2,500,0,107000
RELIANCE30Jan201580PE.NFO,07/01/2020,09:39:30,70.5,62,1000,63.4,500,0,107000
RELIANCE30Jan201580PE.NFO,07/01/2020,09:39:31,70.5,62,1000,63.3,500,0,107000
RELIANCE30Jan201580PE.NFO,07/01/2020,09:39:33,70.5,62,1000,63.25,500,0,107000
RELIANCE30Jan201580PE.NFO,07/01/2020,09:39:35,70.5,62,1000,63.2,500,0,107000
RELIANCE30Jan201580PE.NFO,07/01/2020,09:39:37,70.5,62,1000,63.35,500,0,107000
RELIANCE30Jan201580PE.NFO,07/01/2020,09:39:38,70.5,62,1000,63.25,500,0,107000
RELIANCE30Jan201580PE.NFO,07/01/2020,09:39:39,70.5,62,1000,63.1,500,0,107000
RELIANCE30Jan201580PE.NFO,07/01/2020,09:39:40,70.5,62.05,500,63.6,2500,0,107000
RELIANCE30Jan201580PE.NFO,07/01/2020,09:39:41,70.5,62,1000,63.3,1000,0,107000
RELIANCE30Jan201580PE.NFO,07/01/2020,09:39:42,70.5,62,1000,63.2,500,0,107000
RELIANCE30Jan201580PE.NFO,07/01/2020,09:39:44,70.5,61.85,500,63.25,500,0,107000
RELIANCE30Jan201580PE.NFO,07/01/2020,09:39:45,70.5,62.05,500,63.95,2000,0,107000
RELIANCE30Jan201580PE.NFO,07/01/2020,09:39:45,70.5,61.85,1000,63.6,500,0,107000
RELIANCE30Jan201580PE.NFO,07/01/2020,09:39:46,70.5,61.95,1000,63.6,500,0,107000
RELIANCE30Jan201580PE.NFO,07/01/2020,09:39:47,70.5,62,500,63.55,500,0,107000
RELIANCE30Jan201580PE.NFO,07/01/2020,09:39:48,70.5,62,500,63.65,500,0,107000
RELIANCE30Jan201580PE.NFO,07/01/2020,09:39:49,70.5,61.8,500,63.6,500,0,107000
RELIANCE30Jan201580PE.NFO,07/01/2020,09:39:50,70.5,62.05,500,63.65,3000,0,107000
RELIANCE30Jan201580PE.NFO,07/01/2020,09:39:52,70.5,61.8,500,63.65,3000,0,107000
RELIANCE30Jan201580PE.NFO,07/01/2020,09:39:53,70.5,61.85,500,63.35,500,0,107000
RELIANCE30Jan201580PE.NFO,07/01/2020,09:39:53,70.5,61.9,1000,63.3,500,0,107000
RELIANCE30Jan201580PE.NFO,07/01/2020,09:39:55,70.5,61.75,1000,63.95,6500,0,107000
RELIANCE30Jan201580PE.NFO,07/01/2020,09:39:56,70.5,61.8,500,63.95,6500,0,107000
RELIANCE30Jan201580PE.NFO,07/01/2020,09:39:59,70.5,61.9,500,63.95,6500,0,107000
RELIANCE30Jan201580PE.NFO,07/01/2020,09:40:00,70.5,62.05,500,63.85,1000,0,107000
RELIANCE30Jan201580PE.NFO,07/01/2020,09:40:01,70.5,61.85,500,63.45,500,0,107000
RELIANCE30Jan201580PE.NFO,07/01/2020,09:40:02,70.5,61.75,500,63.25,500,0,107000
RELIANCE30Jan201580PE.NFO,07/01/2020,09:40:04,70.5,61.3,500,62.9,500,0,107000
RELIANCE30Jan201580PE.NFO,07/01/2020,09:40:06,70.5,61.1,500,62.75,500,0,107000
RELIANCE30Jan201580PE.NFO,07/01/2020,09:40:07,70.5,61.15,500,62.55,500,0,107000
RELIANCE30Jan201580PE.NFO,07/01/2020,09:40:08,70.5,61.2,1000,62.5,500,0,107000
RELIANCE30Jan201580PE.NFO,07/01/2020,09:40:09,62.5,61.2,500,62.9,500,500,107000
RELIANCE30Jan201580PE.NFO,07/01/2020,09:40:09,62.5,61.2,500,62.9,500,0,107000
RELIANCE30Jan201580PE.NFO,07/01/2020,09:40:10,62.5,61.25,500,63.1,500,0,107000
RELIANCE30Jan201580PE.NFO,07/01/2020,09:40:11,62.5,61.05,1000,63,1500,0,107000
RELIANCE30Jan201580PE.NFO,07/01/2020,09:40:12,62.5,61.3,1000,62.85,500,0,107000
RELIANCE30Jan201580PE.NFO,07/01/2020,09:40:13,62.5,61.4,500,63.2,2000,0,107000
RELIANCE30Jan201580PE.NFO,07/01/2020,09:40:14,62.5,61.3,4500,62.95,500,0,107000
RELIANCE30Jan201580PE.NFO,07/01/2020,09:40:15,62.5,61.3,1500,62.95,500,0,107000
RELIANCE30Jan201580PE.NFO,07/01/2020,09:40:16,62.5,61.45,500,62.95,500,0,107000
RELIANCE30Jan201580PE.NFO,07/01/2020,09:40:17,62.5,61.45,1000,62.9,500,0,107000
RELIANCE30Jan201580PE.NFO,07/01/2020,09:40:18,62.5,61,1500,62.95,500,0,107000
RELIANCE30Jan201580PE.NFO,07/01/2020,09:40:19,62.5,61.1,1500,63.15,1500,0,107000
RELIANCE30Jan201580PE.NFO,07/01/2020,09:40:21,62.5,61.45,1000,63.1,500,0,107000
RELIANCE30Jan201580PE.NFO,07/01/2020,09:40:22,62.5,61.45,500,62.9,500,0,107000
RELIANCE30Jan201580PE.NFO,07/01/2020,09:40:24,62.5,61.45,4500,63,500,0,107000
RELIANCE30Jan201580PE.NFO,07/01/2020,09:40:25,62.5,61.65,500,63.15,500,0,107000
RELIANCE30Jan201580PE.NFO,07/01/2020,09:40:26,62.5,61.7,500,63.4,2000,0,107000
RELIANCE30Jan201580PE.NFO,07/01/2020,09:40:27,62.5,61.5,500,63.35,500,0,107000
RELIANCE30Jan201580PE.NFO,07/01/2020,09:40:29,62.5,61.45,1000,63.25,500,0,107000
RELIANCE30Jan201580PE.NFO,07/01/2020,09:40:30,62.5,61.85,500,63.7,1500,0,107000
RELIANCE30Jan201580PE.NFO,07/01/2020,09:40:31,62.5,62.3,500,63.95,1000,0,107000
RELIANCE30Jan201580PE.NFO,07/01/2020,09:40:31,62.5,62.15,500,63.85,500,0,107000
RELIANCE30Jan201580PE.NFO,07/01/2020,09:40:32,62.5,62.3,1000,64.2,1500,0,107000
RELIANCE30Jan201580PE.NFO,07/01/2020,09:40:33,62.5,62.4,500,64.1,500,0,107000
RELIANCE30Jan201580PE.NFO,07/01/2020,09:40:34,62.5,62.5,500,64.3,500,0,107000
RELIANCE30Jan201580PE.NFO,07/01/2020,09:40:35,62.5,62.6,500,64.25,500,0,107000
RELIANCE30Jan201580PE.NFO,07/01/2020,09:40:36,62.5,62.8,500,64.4,1500,0,107000
RELIANCE30Jan201580PE.NFO,07/01/2020,09:40:38,62.5,62.85,500,64.35,500,0,107000
RELIANCE30Jan201580PE.NFO,07/01/2020,09:40:39,62.5,62.9,1000,64.25,500,0,107000
RELIANCE30Jan201580PE.NFO,07/01/2020,09:40:40,62.5,62.75,3000,64.45,1500,0,107000
RELIANCE30Jan201580PE.NFO,07/01/2020,09:40:41,62.5,62.9,500,64.45,1500,0,107000
RELIANCE30Jan201580PE.NFO,07/01/2020,09:40:42,62.5,62.2,500,64.25,500,0,107000
RELIANCE30Jan201580PE.NFO,07/01/2020,09:40:42,62.5,62.25,3500,64.2,1000,0,107000
RELIANCE30Jan201580PE.NFO,07/01/2020,09:40:43,62.5,62.45,500,64.2,500,0,107000
RELIANCE30Jan201580PE.NFO,07/01/2020,09:40:44,62.5,62.8,500,64.4,1500,0,107000
RELIANCE30Jan201580PE.NFO,07/01/2020,09:40:45,62.5,62.9,500,64.2,500,0,107000
RELIANCE30Jan201580PE.NFO,07/01/2020,09:40:46,62.5,62.8,1000,64.15,500,0,107000
RELIANCE30Jan201580PE.NFO,07/01/2020,09:40:47,62.5,62.9,500,64.15,500,0,107000
RELIANCE30Jan201580PE.NFO,07/01/2020,09:40:49,62.5,63.1,500,64.15,500,0,107000
RELIANCE30Jan201580PE.NFO,07/01/2020,09:40:50,62.5,62.8,1000,64.75,2000,0,107000
RELIANCE30Jan201580PE.NFO,07/01/2020,09:40:51,62.5,62.9,3000,64.6,500,0,107000
RELIANCE30Jan201580PE.NFO,07/01/2020,09:40:52,62.5,63.1,500,64.55,500,0,107000
RELIANCE30Jan201580PE.NFO,07/01/2020,09:40:53,62.5,63.15,1500,64.45,500,0,107000
RELIANCE30Jan201580PE.NFO,07/01/2020,09:40:54,62.5,63.3,500,64.7,1500,0,107000
RELIANCE30Jan201580PE.NFO,07/01/2020,09:40:56,62.5,62.85,3000,64.6,500,0,107000
RELIANCE30Jan201580PE.NFO,07/01/2020,09:40:57,62.5,62.95,500,64.55,500,0,107000
RELIANCE30Jan201580PE.NFO,07/01/2020,09:40:58,62.5,63.2,500,64.55,500,0,107000
RELIANCE30Jan201580PE.NFO,07/01/2020,09:40:59,62.5,63,500,64.4,500,0,107000
RELIANCE30Jan201580PE.NFO,07/01/2020,09:40:59,62.5,63,500,64.45,500,0,107000
RELIANCE30Jan201580PE.NFO,07/01/2020,09:41:00,62.5,63.25,500,64.55,500,0,107000
RELIANCE30Jan201580PE.NFO,07/01/2020,09:41:01,62.5,62.7,4000,64.55,500,0,107000
RELIANCE30Jan201580PE.NFO,07/01/2020,09:41:02,62.5,62.7,4000,64.5,500,0,107000
RELIANCE30Jan201580PE.NFO,07/01/2020,09:41:03,62.5,63.2,1000,64.5,500,0,107000
RELIANCE30Jan201580PE.NFO,07/01/2020,09:41:04,62.5,63.25,1500,64.5,500,0,107000
RELIANCE30Jan201580PE.NFO,07/01/2020,09:41:06,62.5,63.1,500,64.6,500,0,107000
RELIANCE30Jan201580PE.NFO,07/01/2020,09:41:07,62.5,63.5,500,65,1500,0,107000
RELIANCE30Jan201580PE.NFO,07/01/2020,09:41:08,62.5,63.55,500,65,1500,0,107000
RELIANCE30Jan201580PE.NFO,07/01/2020,09:41:10,62.5,63.65,500,65.15,500,0,107000
RELIANCE30Jan201580PE.NFO,07/01/2020,09:41:10,62.5,62.85,5500,65.1,500,0,107000
RELIANCE30Jan201580PE.NFO,07/01/2020,09:41:11,62.5,62.85,5500,65,500,0,107000
RELIANCE30Jan201580PE.NFO,07/01/2020,09:41:12,62.5,62.95,500,65.2,1000,0,107000
RELIANCE30Jan201580PE.NFO,07/01/2020,09:41:13,62.5,63.15,500,64.95,500,0,107000
RELIANCE30Jan201580PE.NFO,07/01/2020,09:41:14,62.5,63.15,500,64.75,1000,0,107000
RELIANCE30Jan201580PE.NFO,07/01/2020,09:41:15,62.5,63.35,500,64.7,500,0,107000
RELIANCE30Jan201580PE.NFO,07/01/2020,09:41:17,62.5,62.85,500,64.95,1500,0,107000
RELIANCE30Jan201580PE.NFO,07/01/2020,09:41:19,62.5,63.05,500,64.9,500,0,107000
RELIANCE30Jan201580PE.NFO,07/01/2020,09:41:20,62.5,63.15,500,64.9,500,0,107000
RELIANCE30Jan201580PE.NFO,07/01/2020,09:41:21,62.5,63.35,500,64.9,500,0,107000
RELIANCE30Jan201580PE.NFO,07/01/2020,09:41:22,62.5,63.45,500,64.9,500,0,107000
RELIANCE30Jan201580PE.NFO,07/01/2020,09:41:23,62.5,63.55,500,65.05,500,0,107000
RELIANCE30Jan201580PE.NFO,07/01/2020,09:41:24,62.5,63.65,500,65,500,0,107000
RELIANCE30Jan201580PE.NFO,07/01/2020,09:41:25,62.5,63.75,500,65.25,2000,0,107000
RELIANCE30Jan201580PE.NFO,07/01/2020,09:41:26,62.5,63.2,500,65.15,500,0,107000
RELIANCE30Jan201580PE.NFO,07/01/2020,09:41:27,62.5,63.3,500,65.25,500,0,107000
RELIANCE30Jan201580PE.NFO,07/01/2020,09:41:28,62.5,63.4,500,65.1,500,0,107000
RELIANCE30Jan201580PE.NFO,07/01/2020,09:41:29,62.5,63.5,500,65.15,500,0,107000
RELIANCE30Jan201580PE.NFO,07/01/2020,09:41:30,62.5,63.7,500,65.15,500,0,107000
RELIANCE30Jan201580PE.NFO,07/01/2020,09:41:31,62.5,63.7,500,65.25,2000,0,107000
RELIANCE30Jan201580PE.NFO,07/01/2020,09:41:32,62.5,63.2,500,65.15,500,0,107000
RELIANCE30Jan201580PE.NFO,07/01/2020,09:41:33,62.5,63.2,500,65.15,1000,0,107000
RELIANCE30Jan201580PE.NFO,07/01/2020,09:41:34,62.5,63.4,500,65.05,500,0,107000
RELIANCE30Jan201580PE.NFO,07/01/2020,09:41:36,62.5,63.5,500,65.1,500,0,107000
RELIANCE30Jan201580PE.NFO,07/01/2020,09:41:37,62.5,63.6,500,65.5,2500,0,107000
RELIANCE30Jan201580PE.NFO,07/01/2020,09:41:38,62.5,63.15,500,65.1,1000,0,107000
RELIANCE30Jan201580PE.NFO,07/01/2020,09:41:38,62.5,63.15,500,65.05,500,0,107000
RELIANCE30Jan201580PE.NFO,07/01/2020,09:41:40,62.5,63.35,500,65.25,1000,0,107000
RELIANCE30Jan201580PE.NFO,07/01/2020,09:41:41,62.5,63.45,500,65.25,1000,0,107000
RELIANCE30Jan201580PE.NFO,07/01/2020,09:41:42,62.5,63.55,500,65.25,500,0,107000
RELIANCE30Jan201580PE.NFO,07/01/2020,09:41:43,62.5,63.75,500,65.25,500,0,107000
RELIANCE30Jan201580PE.NFO,07/01/2020,09:41:44,62.5,63.8,1500,65.25,500,0,107000
RELIANCE30Jan201580PE.NFO,07/01/2020,09:41:45,62.5,63.15,4000,65.2,500,0,107000
RELIANCE30Jan201580PE.NFO,07/01/2020,09:41:46,62.5,63.15,4500,64.95,500,0,107000
RELIANCE30Jan201580PE.NFO,07/01/2020,09:41:46,62.5,63.15,4000,64.95,500,0,107000
RELIANCE30Jan201580PE.NFO,07/01/2020,09:41:48,62.5,63.35,500,64.95,500,0,107000
RELIANCE30Jan201580PE.NFO,07/01/2020,09:41:50,62.5,63.45,500,65.15,1000,0,107000
RELIANCE30Jan201580PE.NFO,07/01/2020,09:41:51,62.5,63.8,1000,65.15,500,0,107000
RELIANCE30Jan201580PE.NFO,07/01/2020,09:41:52,62.5,63.8,1000,65.1,500,0,107000
RELIANCE30Jan201580PE.NFO,07/01/2020,09:41:53,62.5,63.6,3000,65.45,1000,0,107000
RELIANCE30Jan201580PE.NFO,07/01/2020,09:41:54,62.5,63.75,500,65.4,500,0,107000
RELIANCE30Jan201580PE.NFO,07/01/2020,09:41:54,62.5,63.2,3500,65.4,500,0,107000
RELIANCE30Jan201580PE.NFO,07/01/2020,09:41:55,62.5,63.35,500,65.35,500,0,107000
RELIANCE30Jan201580PE.NFO,07/01/2020,09:41:56,62.5,63.85,500,65.5,500,0,107000
RELIANCE30Jan201580PE.NFO,07/01/2020,09:41:57,62.5,63.6,500,65.45,500,0,107000
RELIANCE30Jan201580PE.NFO,07/01/2020,09:41:58,62.5,63.85,500,65.25,500,0,107000
RELIANCE30Jan201580PE.NFO,07/01/2020,09:41:59,62.5,63.85,500,65.5,1000,0,107000
RELIANCE30Jan201580PE.NFO,07/01/2020,09:42:00,62.5,63.8,1000,65.2,500,0,107000
RELIANCE30Jan201580PE.NFO,07/01/2020,09:42:01,62.5,63.85,500,65.15,500,0,107000
RELIANCE30Jan201580PE.NFO,07/01/2020,09:42:02,62.5,63.8,1000,65.45,1500,0,107000
RELIANCE30Jan201580PE.NFO,07/01/2020,09:42:03,62.5,63.8,1000,65.25,500,0,107000
RELIANCE30Jan201580PE.NFO,07/01/2020,09:42:04,62.5,63.85,500,65.2,500,0,107000
RELIANCE30Jan201580PE.NFO,07/01/2020,09:42:05,62.5,63.8,1000,65.2,500,0,107000
RELIANCE30Jan201580PE.NFO,07/01/2020,09:42:06,62.5,63.85,500,65.5,2000,0,107000
RELIANCE30Jan201580PE.NFO,07/01/2020,09:42:07,62.5,63.8,1000,65.5,2000,0,107000
RELIANCE30Jan201580PE.NFO,07/01/2020,09:42:08,62.5,63.85,500,65.4,500,0,107000
RELIANCE30Jan201580PE.NFO,07/01/2020,09:42:09,62.5,63.9,1500,65.4,500,0,107000
RELIANCE30Jan201580PE.NFO,07/01/2020,09:42:10,62.5,63.95,500,65.4,500,0,107000
RELIANCE30Jan201580PE.NFO,07/01/2020,09:42:11,62.5,63.7,2000,65.5,1000,0,107000
RELIANCE30Jan201580PE.NFO,07/01/2020,09:42:12,62.5,63.7,2000,65.5,2000,0,107000
RELIANCE30Jan201580PE.NFO,07/01/2020,09:42:14,62.5,63.1,5500,65.5,2000,0,107000
RELIANCE30Jan201580PE.NFO,07/01/2020,09:42:15,62.5,63.35,500,65.05,1000,0,107000
RELIANCE30Jan201580PE.NFO,07/01/2020,09:42:17,62.5,63,500,64.8,500,0,107000
RELIANCE30Jan201580PE.NFO,07/01/2020,09:42:18,62.5,63.15,1000,64.95,500,0,107000
RELIANCE30Jan201580PE.NFO,07/01/2020,09:42:18,62.5,63.2,500,64.95,500,0,107000
RELIANCE30Jan201580PE.NFO,07/01/2020,09:42:20,62.5,63.35,1500,64.85,500,0,107000
RELIANCE30Jan201580PE.NFO,07/01/2020,09:42:20,62.5,62.9,4500,65.25,2500,0,107000
RELIANCE30Jan201580PE.NFO,07/01/2020,09:42:22,62.5,63.4,500,65.15,500,0,107000
RELIANCE30Jan201580PE.NFO,07/01/2020,09:42:23,62.5,63.25,500,64.85,500,0,107000
RELIANCE30Jan201580PE.NFO,07/01/2020,09:42:23,62.5,63.2,500,64.75,500,0,107000
RELIANCE30Jan201580PE.NFO,07/01/2020,09:42:24,62.5,63.4,500,65.1,500,0,107000
RELIANCE30Jan201580PE.NFO,07/01/2020,09:42:25,62.5,62.9,500,64.85,500,0,107000
RELIANCE30Jan201580PE.NFO,07/01/2020,09:42:26,62.5,62.7,500,64.35,500,0,107000
RELIANCE30Jan201580PE.NFO,07/01/2020,09:42:27,62.5,62.65,500,64.15,500,0,107000
RELIANCE30Jan201580PE.NFO,07/01/2020,09:42:28,62.5,62.7,1500,64.15,500,0,107000
RELIANCE30Jan201580PE.NFO,07/01/2020,09:42:30,62.5,61.9,500,63.7,500,0,107000
RELIANCE30Jan201580PE.NFO,07/01/2020,09:42:30,62.5,62.2,500,64.05,500,0,107000
RELIANCE30Jan201580PE.NFO,07/01/2020,09:42:32,62.5,62,500,64.05,1000,0,107000
RELIANCE30Jan201580PE.NFO,07/01/2020,09:42:33,62.5,61.9,1000,63.65,1000,0,107000
RELIANCE30Jan201580PE.NFO,07/01/2020,09:42:33,62.5,61.95,500,63.65,1000,0,107000
RELIANCE30Jan201580PE.NFO,07/01/2020,09:42:34,62.5,62.1,500,64.05,4500,0,107000
RELIANCE30Jan201580PE.NFO,07/01/2020,09:42:35,62.5,61.95,500,63.65,500,0,107000
RELIANCE30Jan201580PE.NFO,07/01/2020,09:42:36,62.5,61.95,500,63.55,1000,0,107000
RELIANCE30Jan201580PE.NFO,07/01/2020,09:42:37,62.5,62,2500,63.5,500,0,107000
RELIANCE30Jan201580PE.NFO,07/01/2020,09:42:39,62.5,62.1,500,63.6,500,0,107000
RELIANCE30Jan201580PE.NFO,07/01/2020,09:42:39,62.5,62.1,500,63.9,500,0,107000
RELIANCE30Jan201580PE.NFO,07/01/2020,09:42:41,62.5,62.4,500,64.2,500,0,107000
RELIANCE30Jan201580PE.NFO,07/01/2020,09:42:41,62.5,62.45,500,64.2,1000,0,107000
RELIANCE30Jan201580PE.NFO,07/01/2020,09:42:42,62.5,62.7,500,64.35,500,0,107000
RELIANCE30Jan201580PE.NFO,07/01/2020,09:42:43,62.5,62.25,4500,64.25,500,0,107000
RELIANCE30Jan201580PE.NFO,07/01/2020,09:42:45,62.5,61.65,1000,63.6,500,0,107000
RELIANCE30Jan201580PE.NFO,07/01/2020,09:42:45,62.5,61.75,500,63.55,500,0,107000
RELIANCE30Jan201580PE.NFO,07/01/2020,09:42:47,62.5,61.9,1000,63.55,500,0,107000
RELIANCE30Jan201580PE.NFO,07/01/2020,09:42:48,62.5,62,1500,63.55,500,0,107000
RELIANCE30Jan201580PE.NFO,07/01/2020,09:42:48,62.5,62,500,63.9,1000,0,107000
RELIANCE30Jan201580PE.NFO,07/01/2020,09:42:49,62.5,62.05,2000,63.7,500,0,107000
RELIANCE30Jan201580PE.NFO,07/01/2020,09:42:50,62.5,62.1,500,63.7,500,0,107000
RELIANCE30Jan201580PE.NFO,07/01/2020,09:42:51,62.5,62.3,1000,63.6,500,0,107000
RELIANCE30Jan201580PE.NFO,07/01/2020,09:42:53,62.5,62.35,500,63.6,500,0,107000
RELIANCE30Jan201580PE.NFO,07/01/2020,09:42:53,62.5,61.9,5500,63.9,2000,0,107000
RELIANCE30Jan201580PE.NFO,07/01/2020,09:42:54,62.5,61.9,5000,63.8,500,0,107000
RELIANCE30Jan201580PE.NFO,07/01/2020,09:42:55,62.5,61.65,500,63.5,500,0,107000
RELIANCE30Jan201580PE.NFO,07/01/2020,09:42:56,62.5,62.05,500,63.5,1000,0,107000
RELIANCE30Jan201580PE.NFO,07/01/2020,09:42:57,62.5,61.8,1000,63.45,500,0,107000
RELIANCE30Jan201580PE.NFO,07/01/2020,09:42:58,62.5,61.95,1500,63.7,2500,0,107000
RELIANCE30Jan201580PE.NFO,07/01/2020,09:42:59,62.5,62,500,63.5,500,0,107000
RELIANCE30Jan201580PE.NFO,07/01/2020,09:43:01,62.5,61.7,4500,63.5,500,0,107000
RELIANCE30Jan201580PE.NFO,07/01/2020,09:43:01,62.5,61.95,500,63.5,500,0,107000
RELIANCE30Jan201580PE.NFO,07/01/2020,09:43:02,62.5,62.05,500,63.5,500,0,107000
RELIANCE30Jan201580PE.NFO,07/01/2020,09:43:03,62.5,62.25,1000,63.75,500,0,107000
RELIANCE30Jan201580PE.NFO,07/01/2020,09:43:04,62.5,62.4,500,63.75,1500,0,107000
RELIANCE30Jan201580PE.NFO,07/01/2020,09:43:05,62.5,62.4,500,63.65,500,0,107000
RELIANCE30Jan201580PE.NFO,07/01/2020,09:43:06,62.5,62.4,500,63.5,500,0,107000
RELIANCE30Jan201580PE.NFO,07/01/2020,09:43:07,62.5,62.4,1000,63.9,500,0,107000
RELIANCE30Jan201580PE.NFO,07/01/2020,09:43:08,62.5,62.4,500,63.85,1000,0,107000
RELIANCE30Jan201580PE.NFO,07/01/2020,09:43:09,62.5,62.4,500,63.8,500,0,107000
RELIANCE30Jan201580PE.NFO,07/01/2020,09:43:10,62.5,62.35,500,63.8,500,0,107000
RELIANCE30Jan201580PE.NFO,07/01/2020,09:43:11,62.5,62.25,1500,63.7,500,0,107000
RELIANCE30Jan201580PE.NFO,07/01/2020,09:43:12,62.5,62.25,1500,63.65,500,0,107000
RELIANCE30Jan201580PE.NFO,07/01/2020,09:43:13,62.5,62.3,500,64.1,4000,0,107000
RELIANCE30Jan201580PE.NFO,07/01/2020,09:43:14,62.5,62.3,500,64,1000,0,107000
RELIANCE30Jan201580PE.NFO,07/01/2020,09:43:16,62.5,62.3,500,63.8,500,0,107000
RELIANCE30Jan201580PE.NFO,07/01/2020,09:43:16,62.5,62.25,1000,63.7,500,0,107000
RELIANCE30Jan201580PE.NFO,07/01/2020,09:43:18,62.5,62.3,500,63.6,500,0,107000
RELIANCE30Jan201580PE.NFO,07/01/2020,09:43:19,62.5,62.3,1000,63.85,1500,0,107000
RELIANCE30Jan201580PE.NFO,07/01/2020,09:43:20,62.5,61.9,4500,63.6,500,0,107000
RELIANCE30Jan201580PE.NFO,07/01/2020,09:43:21,62.5,61.9,4500,63.5,500,0,107000
RELIANCE30Jan201580PE.NFO,07/01/2020,09:43:24,62.5,61.9,4500,63.55,500,0,107000
RELIANCE30Jan201580PE.NFO,07/01/2020,09:43:24,62.5,62,500,63.55,500,0,107000
RELIANCE30Jan201580PE.NFO,07/01/2020,09:43:25,62.5,62.1,500,63.65,500,0,107000
RELIANCE30Jan201580PE.NFO,07/01/2020,09:43:26,62.5,62.2,1500,63.65,500,0,107000
RELIANCE30Jan201580PE.NFO,07/01/2020,09:43:27,62.5,62.3,500,63.65,500,0,107000
RELIANCE30Jan201580PE.NFO,07/01/2020,09:43:28,62.5,62.4,500,64.1,4000,0,107000
RELIANCE30Jan201580PE.NFO,07/01/2020,09:43:30,62.5,62.4,500,63.85,1000,0,107000
RELIANCE30Jan201580PE.NFO,07/01/2020,09:43:31,62.5,62.45,1000,63.75,1000,0,107000
RELIANCE30Jan201580PE.NFO,07/01/2020,09:43:32,62.5,62.5,500,63.7,500,0,107000
RELIANCE30Jan201580PE.NFO,07/01/2020,09:43:35,62.5,62.35,1500,63.6,500,0,107000
RELIANCE30Jan201580PE.NFO,07/01/2020,09:43:35,62.5,62.45,500,63.6,500,0,107000
RELIANCE30Jan201580PE.NFO,07/01/2020,09:43:36,62.5,62.4,500,63.6,500,0,107000
RELIANCE30Jan201580PE.NFO,07/01/2020,09:43:37,62.5,62.25,1000,63.8,500,0,107000
RELIANCE30Jan201580PE.NFO,07/01/2020,09:43:38,62.5,62.4,500,64.1,1500,0,107000
RELIANCE30Jan201580PE.NFO,07/01/2020,09:43:39,62.5,62.65,1000,64,500,0,107000
RELIANCE30Jan201580PE.NFO,07/01/2020,09:43:40,62.5,62.7,500,64.25,500,0,107000
RELIANCE30Jan201580PE.NFO,07/01/2020,09:43:41,62.5,62.75,1000,64.2,500,0,107000
RELIANCE30Jan201580PE.NFO,07/01/2020,09:43:42,62.5,62.65,1000,64.1,1000,0,107000
RELIANCE30Jan201580PE.NFO,07/01/2020,09:43:43,62.5,62.85,500,64.4,500,0,107000
RELIANCE30Jan201580PE.NFO,07/01/2020,09:43:44,62.5,62.9,1000,64.25,1000,0,107000
RELIANCE30Jan201580PE.NFO,07/01/2020,09:43:45,62.5,62.75,1000,64.25,1000,0,107000
RELIANCE30Jan201580PE.NFO,07/01/2020,09:43:46,62.5,62.9,500,64.5,3500,0,107000
RELIANCE30Jan201580PE.NFO,07/01/2020,09:43:47,62.5,62.85,1000,64.4,500,0,107000
RELIANCE30Jan201580PE.NFO,07/01/2020,09:43:49,62.5,62.55,4000,64.15,500,0,107000
RELIANCE30Jan201580PE.NFO,07/01/2020,09:43:50,62.5,62.55,4000,64.4,2000,0,107000
RELIANCE30Jan201580PE.NFO,07/01/2020,09:43:50,62.5,62.55,4000,64.2,500,0,107000
RELIANCE30Jan201580PE.NFO,07/01/2020,09:43:52,62.5,62.55,4000,64.15,1000,0,107000
RELIANCE30Jan201580PE.NFO,07/01/2020,09:43:53,62.5,62.6,500,64,500,0,107000
RELIANCE30Jan201580PE.NFO,07/01/2020,09:43:54,62.5,62.6,500,64.35,3000,0,107000
RELIANCE30Jan201580PE.NFO,07/01/2020,09:43:55,62.5,62.7,500,64.25,500,0,107000
RELIANCE30Jan201580PE.NFO,07/01/2020,09:43:56,62.5,62.75,1500,64.1,1000,0,107000
RELIANCE30Jan201580PE.NFO,07/01/2020,09:43:57,62.5,62.8,500,64.05,500,0,107000
RELIANCE30Jan201580PE.NFO,07/01/2020,09:43:58,62.5,62,5500,64.25,2000,0,107000
RELIANCE30Jan201580PE.NFO,07/01/2020,09:43:59,62.5,62,5500,64.15,500,0,107000
RELIANCE30Jan201580PE.NFO,07/01/2020,09:44:01,62.5,62,5500,64.1,500,0,107000
RELIANCE30Jan201580PE.NFO,07/01/2020,09:44:02,62.5,62,6000,64.1,500,0,107000
RELIANCE30Jan201580PE.NFO,07/01/2020,09:44:03,62.5,62,6000,64.3,500,0,107000
RELIANCE30Jan201580PE.NFO,07/01/2020,09:44:04,62.5,62.8,1000,64.25,500,0,107000
RELIANCE30Jan201580PE.NFO,07/01/2020,09:44:05,62.5,62.45,500,64.2,500,0,107000
RELIANCE30Jan201580PE.NFO,07/01/2020,09:44:06,62.5,62.45,3000,64.55,500,0,107000
RELIANCE30Jan201580PE.NFO,07/01/2020,09:44:07,62.5,62.95,1000,64.45,500,0,107000
RELIANCE30Jan201580PE.NFO,07/01/2020,09:44:08,62.5,62.75,500,64.4,1000,0,107000
RELIANCE30Jan201580PE.NFO,07/01/2020,09:44:11,62.5,62.85,500,64.25,500,0,107000
RELIANCE30Jan201580PE.NFO,07/01/2020,09:44:12,62.5,63,1500,64.25,500,0,107000
RELIANCE30Jan201580PE.NFO,07/01/2020,09:44:13,62.5,63.15,500,64.6,500,0,107000
RELIANCE30Jan201580PE.NFO,07/01/2020,09:44:13,62.5,63.1,500,64.55,500,0,107000
RELIANCE30Jan201580PE.NFO,07/01/2020,09:44:14,62.5,62.95,500,64.75,500,0,107000
RELIANCE30Jan201580PE.NFO,07/01/2020,09:44:15,62.5,62.95,3000,64.55,500,0,107000
RELIANCE30Jan201580PE.NFO,07/01/2020,09:44:16,62.5,62.95,1000,64.5,500,0,107000
RELIANCE30Jan201580PE.NFO,07/01/2020,09:44:17,62.5,63.05,500,64.7,500,0,107000
RELIANCE30Jan201580PE.NFO,07/01/2020,09:44:18,62.5,63.05,1000,64.5,500,0,107000
RELIANCE30Jan201580PE.NFO,07/01/2020,09:44:19,62.5,63.05,500,64.4,500,0,107000
RELIANCE30Jan201580PE.NFO,07/01/2020,09:44:22,62.5,63.1,500,64.4,500,0,107000
RELIANCE30Jan201580PE.NFO,07/01/2020,09:44:22,62.5,63.15,500,64.45,500,0,107000
RELIANCE30Jan201580PE.NFO,07/01/2020,09:44:23,62.5,63,500,64.4,500,0,107000
RELIANCE30Jan201580PE.NFO,07/01/2020,09:44:24,62.5,63.05,1500,64.35,500,0,107000
RELIANCE30Jan201580PE.NFO,07/01/2020,09:44:25,62.5,63.05,1500,64.3,500,0,107000
RELIANCE30Jan201580PE.NFO,07/01/2020,09:44:26,62.5,62.95,1000,64.3,500,0,107000
RELIANCE30Jan201580PE.NFO,07/01/2020,09:44:27,62.5,62.85,4000,64.8,1500,0,107000
RELIANCE30Jan201580PE.NFO,07/01/2020,09:44:28,62.5,63.25,1000,64.75,500,0,107000
RELIANCE30Jan201580PE.NFO,07/01/2020,09:44:29,62.5,63.3,1500,64.75,500,0,107000
RELIANCE30Jan201580PE.NFO,07/01/2020,09:44:30,62.5,63.1,3000,64.85,500,0,107000
RELIANCE30Jan201580PE.NFO,07/01/2020,09:44:31,62.5,63.1,3000,64.8,500,0,107000
RELIANCE30Jan201580PE.NFO,07/01/2020,09:44:33,62.5,63.1,3000,64.65,1000,0,107000
RELIANCE30Jan201580PE.NFO,07/01/2020,09:44:34,62.5,63.1,3000,64.6,500,0,107000
RELIANCE30Jan201580PE.NFO,07/01/2020,09:44:36,62.5,63.15,500,64.65,500,0,107000
RELIANCE30Jan201580PE.NFO,07/01/2020,09:44:37,62.5,63.25,500,64.6,500,0,107000
RELIANCE30Jan201580PE.NFO,07/01/2020,09:44:38,62.5,63.2,1500,64.5,1000,0,107000
RELIANCE30Jan201580PE.NFO,07/01/2020,09:44:39,62.5,63.25,500,64.45,1000,0,107000
RELIANCE30Jan201580PE.NFO,07/01/2020,09:44:40,62.5,63.3,1500,64.4,500,0,107000
RELIANCE30Jan201580PE.NFO,07/01/2020,09:44:41,62.5,63.25,500,64.7,500,0,107000
RELIANCE30Jan201580PE.NFO,07/01/2020,09:44:42,62.5,63.25,1500,64.55,500,0,107000
RELIANCE30Jan201580PE.NFO,07/01/2020,09:44:44,62.5,63.25,500,64.7,1500,0,107000
RELIANCE30Jan201580PE.NFO,07/01/2020,09:44:45,62.5,63.25,500,64.6,500,0,107000
RELIANCE30Jan201580PE.NFO,07/01/2020,09:44:46,62.5,63.3,500,64.55,1000,0,107000
RELIANCE30Jan201580PE.NFO,07/01/2020,09:44:46,62.5,63.3,500,64.5,500,0,107000
RELIANCE30Jan201580PE.NFO,07/01/2020,09:44:47,62.5,63.25,500,64.5,500,0,107000
RELIANCE30Jan201580PE.NFO,07/01/2020,09:44:53,62.5,63.25,500,64.6,500,0,107000
RELIANCE30Jan201580PE.NFO,07/01/2020,09:44:54,62.5,63.25,500,64.55,500,0,107000
RELIANCE30Jan201580PE.NFO,07/01/2020,09:44:55,62.5,63.4,1500,64.55,500,0,107000
RELIANCE30Jan201580PE.NFO,07/01/2020,09:44:58,62.5,63.4,1500,64.9,2000,0,107000
RELIANCE30Jan201580PE.NFO,07/01/2020,09:45:00,62.5,62.9,3000,64.75,500,0,107000
RELIANCE30Jan201580PE.NFO,07/01/2020,09:45:00,62.5,63,500,64.65,500,0,107000
RELIANCE30Jan201580PE.NFO,07/01/2020,09:45:01,62.5,63.1,500,64.5,1000,0,107000
RELIANCE30Jan201580PE.NFO,07/01/2020,09:45:02,62.5,63.15,1500,64.45,500,0,107000
RELIANCE30Jan201580PE.NFO,07/01/2020,09:45:03,62.5,63.15,1500,64.4,500,0,107000
RELIANCE30Jan201580PE.NFO,07/01/2020,09:45:05,62.5,63.15,1500,64.35,500,0,107000
RELIANCE30Jan201580PE.NFO,07/01/2020,09:45:06,62.5,63.15,1500,64.5,500,0,107000
RELIANCE30Jan201580PE.NFO,07/01/2020,09:45:07,62.5,63.2,500,64.45,500,0,107000
RELIANCE30Jan201580PE.NFO,07/01/2020,09:45:08,62.5,63.3,1000,64.45,500,0,107000
RELIANCE30Jan201580PE.NFO,07/01/2020,09:45:09,62.5,63.25,500,64.9,4000,0,107000
RELIANCE30Jan201580PE.NFO,07/01/2020,09:45:10,62.5,63.25,500,64.75,500,0,107000
RELIANCE30Jan201580PE.NFO,07/01/2020,09:45:19,62.5,62.85,1000,64.5,500,0,107000
RELIANCE30Jan201580PE.NFO,07/01/2020,09:45:25,62.5,62.8,1000,64.8,500,0,107000
RELIANCE30Jan201580PE.NFO,07/01/2020,09:45:31,62.5,63.2,500,64.3,500,0,107000
RELIANCE30Jan201580PE.NFO,07/01/2020,09:45:37,62.5,63.25,500,64.55,500,0,107000
RELIANCE30Jan201580PE.NFO,07/01/2020,09:45:42,62.5,63.1,500,64.3,1000,0,107000
RELIANCE30Jan201580PE.NFO,07/01/2020,09:45:47,62.5,62.55,5000,64.35,500,0,107000
RELIANCE30Jan201580PE.NFO,07/01/2020,09:45:53,62.5,62.55,4500,64.2,500,0,107000
RELIANCE30Jan201580PE.NFO,07/01/2020,09:45:59,62.5,62.9,1500,64.05,1000,0,107000
RELIANCE30Jan201580PE.NFO,07/01/2020,09:46:04,62.5,63,500,64.75,1000,0,107000
RELIANCE30Jan201580PE.NFO,07/01/2020,09:46:10,62.5,63.25,500,64.55,500,0,107000
RELIANCE30Jan201580PE.NFO,07/01/2020,09:46:11,62.5,63.2,500,64.75,2000,0,107000
RELIANCE30Jan201580PE.NFO,07/01/2020,09:46:12,62.5,63.2,500,64.55,500,0,107000
RELIANCE30Jan201580PE.NFO,07/01/2020,09:46:13,62.5,63.25,1000,64.6,500,0,107000
RELIANCE30Jan201580PE.NFO,07/01/2020,09:46:14,62.5,63.35,500,64.75,500,0,107000
RELIANCE30Jan201580PE.NFO,07/01/2020,09:46:15,62.5,63.4,500,64.6,1000,0,107000
RELIANCE30Jan201580PE.NFO,07/01/2020,09:46:16,62.5,63,500,65.1,3000,0,107000
RELIANCE30Jan201580PE.NFO,07/01/2020,09:46:17,62.5,63,1000,65.1,4000,0,107000
RELIANCE30Jan201580PE.NFO,07/01/2020,09:46:18,62.5,63.2,1000,64.9,1000,0,107000
RELIANCE30Jan201580PE.NFO,07/01/2020,09:46:20,62.5,63.4,500,64.75,1000,0,107000
RELIANCE30Jan201580PE.NFO,07/01/2020,09:46:21,62.5,63.4,500,64.7,500,0,107000
RELIANCE30Jan201580PE.NFO,07/01/2020,09:46:24,62.5,63.4,500,64.6,500,0,107000
RELIANCE30Jan201580PE.NFO,07/01/2020,09:46:25,62.5,63.4,500,64.8,500,0,107000
RELIANCE30Jan201580PE.NFO,07/01/2020,09:46:26,62.5,63.15,1000,65.05,1000,0,107000
RELIANCE30Jan201580PE.NFO,07/01/2020,09:46:27,62.5,63.25,1000,65,500,0,107000
RELIANCE30Jan201580PE.NFO,07/01/2020,09:46:28,62.5,63.25,1000,64.95,500,0,107000
RELIANCE30Jan201580PE.NFO,07/01/2020,09:46:30,62.5,63.45,1000,64.85,500,0,107000
RELIANCE30Jan201580PE.NFO,07/01/2020,09:46:31,62.5,63.65,500,64.85,500,0,107000
RELIANCE30Jan201580PE.NFO,07/01/2020,09:46:32,62.5,63.65,500,64.85,1000,0,107000
RELIANCE30Jan201580PE.NFO,07/01/2020,09:46:32,62.5,63.65,500,64.8,500,0,107000
RELIANCE30Jan201580PE.NFO,07/01/2020,09:46:33,62.5,63.25,500,65.35,5000,0,107000
RELIANCE30Jan201580PE.NFO,07/01/2020,09:46:34,62.5,63.4,500,65.35,5000,0,107000
RELIANCE30Jan201580PE.NFO,07/01/2020,09:46:35,62.5,63.15,500,65.15,1000,0,107000
RELIANCE30Jan201580PE.NFO,07/01/2020,09:46:36,62.5,63.15,500,64.95,1000,0,107000
RELIANCE30Jan201580PE.NFO,07/01/2020,09:46:37,62.5,63.35,500,64.85,500,0,107000
RELIANCE30Jan201580PE.NFO,07/01/2020,09:46:38,62.5,63.45,500,64.8,1000,0,107000
RELIANCE30Jan201580PE.NFO,07/01/2020,09:46:39,62.5,63.55,500,65.35,3000,0,107000
RELIANCE30Jan201580PE.NFO,07/01/2020,09:46:40,62.5,63.55,500,65.15,500,0,107000
RELIANCE30Jan201580PE.NFO,07/01/2020,09:46:41,62.5,63.55,500,65.1,1000,0,107000
RELIANCE30Jan201580PE.NFO,07/01/2020,09:46:42,62.5,63.55,500,65,500,0,107000
RELIANCE30Jan201580PE.NFO,07/01/2020,09:46:44,62.5,63.55,500,64.95,1000,0,107000
RELIANCE30Jan201580PE.NFO,07/01/2020,09:46:44,62.5,63.55,500,64.9,1000,0,107000
RELIANCE30Jan201580PE.NFO,07/01/2020,09:46:45,62.5,63.55,500,64.85,500,0,107000
RELIANCE30Jan201580PE.NFO,07/01/2020,09:46:47,62.5,63.65,500,65.25,3000,0,107000
RELIANCE30Jan201580PE.NFO,07/01/2020,09:46:48,62.5,63.7,500,65.15,500,0,107000
RELIANCE30Jan201580PE.NFO,07/01/2020,09:46:48,62.5,63.7,500,65.1,500,0,107000
RELIANCE30Jan201580PE.NFO,07/01/2020,09:46:49,62.5,63.7,500,65,1000,0,107000
RELIANCE30Jan201580PE.NFO,07/01/2020,09:46:50,62.5,63.7,500,64.9,1000,0,107000
RELIANCE30Jan201580PE.NFO,07/01/2020,09:46:51,62.5,63.7,500,64.85,500,0,107000
RELIANCE30Jan201580PE.NFO,07/01/2020,09:46:52,62.5,63.7,500,65,1500,0,107000
RELIANCE30Jan201580PE.NFO,07/01/2020,09:46:53,62.5,63.7,500,64.9,500,0,107000
RELIANCE30Jan201580PE.NFO,07/01/2020,09:46:54,62.5,63.7,500,64.85,500,0,107000
RELIANCE30Jan201580PE.NFO,07/01/2020,09:46:55,62.5,63.7,500,64.85,1000,0,107000
RELIANCE30Jan201580PE.NFO,07/01/2020,09:46:56,62.5,63.55,500,65.15,3000,0,107000
RELIANCE30Jan201580PE.NFO,07/01/2020,09:46:57,62.5,63.45,500,64.95,500,0,107000
RELIANCE30Jan201580PE.NFO,07/01/2020,09:46:58,62.5,63.45,500,64.85,500,0,107000
RELIANCE30Jan201580PE.NFO,07/01/2020,09:46:59,62.5,63.45,500,64.8,500,0,107000
RELIANCE30Jan201580PE.NFO,07/01/2020,09:47:01,62.5,63.45,500,64.75,1000,0,107000
RELIANCE30Jan201580PE.NFO,07/01/2020,09:47:02,62.5,63.45,500,64.6,1500,0,107000
RELIANCE30Jan201580PE.NFO,07/01/2020,09:47:04,62.5,63.25,500,64.45,500,0,107000
RELIANCE30Jan201580PE.NFO,07/01/2020,09:47:06,62.5,63.25,500,64.5,500,0,107000
RELIANCE30Jan201580PE.NFO,07/01/2020,09:47:07,62.5,63.25,500,64.45,500,0,107000
RELIANCE30Jan201580PE.NFO,07/01/2020,09:47:08,62.5,63.25,500,64.9,2500,0,107000
RELIANCE30Jan201580PE.NFO,07/01/2020,09:47:09,62.5,63.25,500,64.8,500,0,107000
RELIANCE30Jan201580PE.NFO,07/01/2020,09:47:09,62.5,63.45,500,64.75,1000,0,107000
RELIANCE30Jan201580PE.NFO,07/01/2020,09:47:10,62.5,63.5,500,64.7,500,0,107000
RELIANCE30Jan201580PE.NFO,07/01/2020,09:47:14,62.5,63.3,1000,64.65,500,0,107000
RELIANCE30Jan201580PE.NFO,07/01/2020,09:47:18,62.5,63.4,1000,64.7,500,0,107000
RELIANCE30Jan201580PE.NFO,07/01/2020,09:47:23,62.5,63.05,500,64.55,500,0,107000
RELIANCE30Jan201580PE.NFO,07/01/2020,09:47:28,62.5,63.35,500,64.7,1500,0,107000
RELIANCE30Jan201580PE.NFO,07/01/2020,09:47:33,62.5,62.9,1000,64.65,500,0,107000
RELIANCE30Jan201580PE.NFO,07/01/2020,09:47:37,62.5,63.3,500,64.5,500,0,107000
RELIANCE30Jan201580PE.NFO,07/01/2020,09:47:41,62.5,63.3,500,64.8,500,0,107000
RELIANCE30Jan201580PE.NFO,07/01/2020,09:47:46,62.5,63.3,500,64.5,1500,0,107000
RELIANCE30Jan201580PE.NFO,07/01/2020,09:47:50,62.5,63.3,500,64.55,500,0,107000
RELIANCE30Jan201580PE.NFO,07/01/2020,09:47:55,62.5,63.05,1000,64.6,500,0,107000
RELIANCE30Jan201580PE.NFO,07/01/2020,09:48:00,62.5,63.45,500,64.8,500,0,107000
RELIANCE30Jan201580PE.NFO,07/01/2020,09:48:05,62.5,63.05,1000,64.6,500,0,107000
RELIANCE30Jan201580PE.NFO,07/01/2020,09:48:09,62.5,63.35,500,65,500,0,107000
RELIANCE30Jan201580PE.NFO,07/01/2020,09:48:14,62.5,63.65,500,64.9,500,0,107000
RELIANCE30Jan201580PE.NFO,07/01/2020,09:48:18,62.5,63.55,500,64.9,2500,0,107000
RELIANCE30Jan201580PE.NFO,07/01/2020,09:48:24,62.5,63.6,1000,65.1,500,0,107000
RELIANCE30Jan201580PE.NFO,07/01/2020,09:48:29,64,63.1,1500,64.8,500,500,107000
RELIANCE30Jan201580PE.NFO,07/01/2020,09:48:35,64,63.7,500,65,500,0,107000
RELIANCE30Jan201580PE.NFO,07/01/2020,09:48:41,64,63.7,500,64.95,500,0,107000
RELIANCE30Jan201580PE.NFO,07/01/2020,09:48:47,64,63.75,500,65.45,500,0,107000
RELIANCE30Jan201580PE.NFO,07/01/2020,09:48:53,64,63.45,1000,65.2,500,0,107000
RELIANCE30Jan201580PE.NFO,07/01/2020,09:49:00,64,63.3,5500,65.2,500,0,107000
RELIANCE30Jan201580PE.NFO,07/01/2020,09:49:06,64,63.55,1000,65.35,500,0,107000
RELIANCE30Jan201580PE.NFO,07/01/2020,09:49:12,64,63.95,500,65.65,500,0,107000
RELIANCE30Jan201580PE.NFO,07/01/2020,09:49:17,64,64.05,500,65.25,500,0,107000
RELIANCE30Jan201580PE.NFO,07/01/2020,09:49:28,64,64,500,65.35,500,0,107000
RELIANCE30Jan201580PE.NFO,07/01/2020,09:49:35,64,64.1,1000,65.35,1000,0,107000
RELIANCE30Jan201580PE.NFO,07/01/2020,09:49:40,64,64.1,500,65.45,500,0,107000
RELIANCE30Jan201580PE.NFO,07/01/2020,09:49:45,64,63.7,1000,65.45,500,0,107000
RELIANCE30Jan201580PE.NFO,07/01/2020,09:49:50,64,63.7,1000,65.45,1500,0,107000
RELIANCE30Jan201580PE.NFO,07/01/2020,09:49:55,64,63.9,1500,65.3,500,0,107000
RELIANCE30Jan201580PE.NFO,07/01/2020,09:50:00,64,63.35,1000,65.05,500,0,107000
RELIANCE30Jan201580PE.NFO,07/01/2020,09:50:05,64,63.1,1500,64.65,500,0,107000
RELIANCE30Jan201580PE.NFO,07/01/2020,09:50:10,64,63.6,500,65.15,500,0,107000
RELIANCE30Jan201580PE.NFO,07/01/2020,09:50:15,64,63.6,500,65,500,0,107000
RELIANCE30Jan201580PE.NFO,07/01/2020,09:50:20,64,63.8,500,65.3,1000,0,107000
RELIANCE30Jan201580PE.NFO,07/01/2020,09:50:26,64,63.75,1000,65.2,1000,0,107000
RELIANCE30Jan201580PE.NFO,07/01/2020,09:50:30,64,63.3,3500,65.05,500,0,107000
RELIANCE30Jan201580PE.NFO,07/01/2020,09:50:34,64,63.6,1000,65,500,0,107000
RELIANCE30Jan201580PE.NFO,07/01/2020,09:50:38,64,64.45,500,65.95,500,0,107000
RELIANCE30Jan201580PE.NFO,07/01/2020,09:50:43,64,63.9,500,65.9,500,0,107000
RELIANCE30Jan201580PE.NFO,07/01/2020,09:50:48,64,64.15,1000,65.6,500,0,107000
RELIANCE30Jan201580PE.NFO,07/01/2020,09:50:53,64,63.85,3500,65.5,1000,0,107000
RELIANCE30Jan201580PE.NFO,07/01/2020,09:50:57,64,64.35,1000,65.7,500,0,107000
RELIANCE30Jan201580PE.NFO,07/01/2020,09:51:02,64,63.6,5500,65.9,2500,0,107000
RELIANCE30Jan201580PE.NFO,07/01/2020,09:51:08,64,63.95,1000,65.8,1500,0,107000
RELIANCE30Jan201580PE.NFO,07/01/2020,09:51:11,64,64.3,1000,65.8,1000,0,107000
RELIANCE30Jan201580PE.NFO,07/01/2020,09:51:12,64,64.35,500,65.75,500,0,107000
RELIANCE30Jan201580PE.NFO,07/01/2020,09:51:13,64,64.4,1000,65.7,1000,0,107000
RELIANCE30Jan201580PE.NFO,07/01/2020,09:51:14,64,64.2,500,66.05,500,0,107000
RELIANCE30Jan201580PE.NFO,07/01/2020,09:51:15,64,64.05,1000,66.05,2000,0,107000
RELIANCE30Jan201580PE.NFO,07/01/2020,09:51:16,64,64.35,500,66,500,0,107000
RELIANCE30Jan201580PE.NFO,07/01/2020,09:51:17,64,64.45,500,65.95,1500,0,107000
RELIANCE30Jan201580PE.NFO,07/01/2020,09:51:18,64,64.55,500,65.95,500,0,107000
RELIANCE30Jan201580PE.NFO,07/01/2020,09:51:19,64,64.5,1500,66.15,2500,0,107000
RELIANCE30Jan201580PE.NFO,07/01/2020,09:51:20,64,64.5,1000,66,2000,0,107000
RELIANCE30Jan201580PE.NFO,07/01/2020,09:51:21,64,64.55,500,65.9,1000,0,107000
RELIANCE30Jan201580PE.NFO,07/01/2020,09:51:24,64,64.5,1000,65.9,1000,0,107000
RELIANCE30Jan201580PE.NFO,07/01/2020,09:51:27,64,64.6,1000,65.8,500,0,107000
RELIANCE30Jan201580PE.NFO,07/01/2020,09:51:27,64,64.6,1000,65.8,1500,0,107000
RELIANCE30Jan201580PE.NFO,07/01/2020,09:51:28,64,64.35,500,65.75,500,0,107000
RELIANCE30Jan201580PE.NFO,07/01/2020,09:51:29,64,64.1,500,65.65,500,0,107000
RELIANCE30Jan201580PE.NFO,07/01/2020,09:51:30,64,64.2,500,65.55,2000,0,107000
RELIANCE30Jan201580PE.NFO,07/01/2020,09:51:31,64,64.15,1000,65.55,2000,0,107000
RELIANCE30Jan201580PE.NFO,07/01/2020,09:51:32,64,64.2,500,65.55,2000,0,107000
RELIANCE30Jan201580PE.NFO,07/01/2020,09:51:34,64,64.2,500,65.5,500,0,107000
RELIANCE30Jan201580PE.NFO,07/01/2020,09:51:35,64,64.15,1000,65.55,1500,0,107000
RELIANCE30Jan201580PE.NFO,07/01/2020,09:51:35,64,64.15,1000,65.5,500,0,107000
RELIANCE30Jan201580PE.NFO,07/01/2020,09:51:38,64,64.25,1500,65.45,500,0,107000
RELIANCE30Jan201580PE.NFO,07/01/2020,09:51:41,64,64.3,500,65.45,500,0,107000
RELIANCE30Jan201580PE.NFO,07/01/2020,09:51:41,64,64.3,500,65.95,4000,0,107000
RELIANCE30Jan201580PE.NFO,07/01/2020,09:51:42,64,63.6,4500,65.85,500,0,107000
RELIANCE30Jan201580PE.NFO,07/01/2020,09:51:43,64,63.6,4500,65.65,500,0,107000
RELIANCE30Jan201580PE.NFO,07/01/2020,09:51:44,64,63.6,4500,65.45,500,0,107000
RELIANCE30Jan201580PE.NFO,07/01/2020,09:51:45,64,63.6,4500,65.4,1500,0,107000
RELIANCE30Jan201580PE.NFO,07/01/2020,09:51:51,64,63.6,4500,65.4,1000,0,107000
RELIANCE30Jan201580PE.NFO,07/01/2020,09:51:53,64,63.6,3500,65.3,500,0,107000
RELIANCE30Jan201580PE.NFO,07/01/2020,09:51:54,64,63.8,500,65.65,500,0,107000
RELIANCE30Jan201580PE.NFO,07/01/2020,09:51:54,64,63.8,500,65.55,500,0,107000
RELIANCE30Jan201580PE.NFO,07/01/2020,09:51:55,64,63.8,1000,65.45,500,0,107000
RELIANCE30Jan201580PE.NFO,07/01/2020,09:51:56,64,63.9,500,65.4,1500,0,107000
RELIANCE30Jan201580PE.NFO,07/01/2020,09:51:57,64,63.95,1500,65.4,1500,0,107000
RELIANCE30Jan201580PE.NFO,07/01/2020,09:51:58,64,63.6,4500,65.95,4000,0,107000
RELIANCE30Jan201580PE.NFO,07/01/2020,09:51:59,64,63.6,4500,65.65,500,0,107000
RELIANCE30Jan201580PE.NFO,07/01/2020,09:52:01,64,63.6,4500,65.45,500,0,107000
RELIANCE30Jan201580PE.NFO,07/01/2020,09:52:02,64,63.6,3500,65.4,500,0,107000
RELIANCE30Jan201580PE.NFO,07/01/2020,09:52:03,64,63.8,1000,65.55,1500,0,107000
RELIANCE30Jan201580PE.NFO,07/01/2020,09:52:03,64,64.1,500,65.5,500,0,107000
RELIANCE30Jan201580PE.NFO,07/01/2020,09:52:04,64,64.2,500,65.5,500,0,107000
RELIANCE30Jan201580PE.NFO,07/01/2020,09:52:06,64,64,500,65.65,1500,0,107000
RELIANCE30Jan201580PE.NFO,07/01/2020,09:52:06,64,64,500,65.6,500,0,107000
RELIANCE30Jan201580PE.NFO,07/01/2020,09:52:08,64,63.6,4500,65.45,1500,0,107000
RELIANCE30Jan201580PE.NFO,07/01/2020,09:52:15,64,63.6,4500,65.45,1000,0,107000
RELIANCE30Jan201580PE.NFO,07/01/2020,09:52:17,64,63.7,1000,65.45,1000,0,107000
RELIANCE30Jan201580PE.NFO,07/01/2020,09:52:18,64,63.8,1000,65.45,1000,0,107000
RELIANCE30Jan201580PE.NFO,07/01/2020,09:52:18,64,63.9,500,65.45,1000,0,107000
RELIANCE30Jan201580PE.NFO,07/01/2020,09:52:20,64,64,1000,65.95,2500,0,107000
RELIANCE30Jan201580PE.NFO,07/01/2020,09:52:21,64,64.1,500,65.85,500,0,107000
RELIANCE30Jan201580PE.NFO,07/01/2020,09:52:23,64,64.25,500,65.7,2000,0,107000
RELIANCE30Jan201580PE.NFO,07/01/2020,09:52:24,64,64.15,1000,65.7,1000,0,107000
RELIANCE30Jan201580PE.NFO,07/01/2020,09:52:25,64,64.2,500,65.65,500,0,107000
RELIANCE30Jan201580PE.NFO,07/01/2020,09:52:26,64,64.25,1000,65.6,1000,0,107000
RELIANCE30Jan201580PE.NFO,07/01/2020,09:52:26,64,63.65,500,65.85,2500,0,107000
RELIANCE30Jan201580PE.NFO,07/01/2020,09:52:28,64,64.3,500,65.8,500,0,107000
RELIANCE30Jan201580PE.NFO,07/01/2020,09:52:29,64,64.45,1000,65.7,500,0,107000
RELIANCE30Jan201580PE.NFO,07/01/2020,09:52:31,64,64.25,500,65.65,500,0,107000
RELIANCE30Jan201580PE.NFO,07/01/2020,09:52:31,64,64.25,500,65.7,500,0,107000
RELIANCE30Jan201580PE.NFO,07/01/2020,09:52:32,64,64.3,1500,65.7,500,0,107000
RELIANCE30Jan201580PE.NFO,07/01/2020,09:52:33,64,64.35,500,65.7,500,0,107000
RELIANCE30Jan201580PE.NFO,07/01/2020,09:52:35,64,64.35,500,65.6,500,0,107000
RELIANCE30Jan201580PE.NFO,07/01/2020,09:52:37,64,63.85,1000,65.75,1000,0,107000
RELIANCE30Jan201580PE.NFO,07/01/2020,09:52:38,64,63.95,1000,65.7,500,0,107000
RELIANCE30Jan201580PE.NFO,07/01/2020,09:52:39,64,64.05,1000,65.7,500,0,107000
RELIANCE30Jan201580PE.NFO,07/01/2020,09:52:40,64,64.2,1000,65.7,500,0,107000
RELIANCE30Jan201580PE.NFO,07/01/2020,09:52:40,64,64.2,1500,65.7,500,0,107000
RELIANCE30Jan201580PE.NFO,07/01/2020,09:52:43,64,64.2,1500,65.65,500,0,107000
RELIANCE30Jan201580PE.NFO,07/01/2020,09:52:43,64,64.2,1500,65.6,500,0,107000
RELIANCE30Jan201580PE.NFO,07/01/2020,09:52:44,64,64.2,1500,65.65,1000,0,107000
RELIANCE30Jan201580PE.NFO,07/01/2020,09:52:46,64,64.25,500,65.6,500,0,107000
RELIANCE30Jan201580PE.NFO,07/01/2020,09:52:47,64,64.3,500,65.6,500,0,107000
RELIANCE30Jan201580PE.NFO,07/01/2020,09:52:52,64,64.35,500,65.6,500,0,107000
RELIANCE30Jan201580PE.NFO,07/01/2020,09:52:52,64,64.35,500,65.95,3500,0,107000
RELIANCE30Jan201580PE.NFO,07/01/2020,09:52:53,64,64.15,2500,65.75,500,0,107000
RELIANCE30Jan201580PE.NFO,07/01/2020,09:52:54,64,64.25,500,65.7,500,0,107000
RELIANCE30Jan201580PE.NFO,07/01/2020,09:52:55,64,64.3,1500,65.75,500,0,107000
RELIANCE30Jan201580PE.NFO,07/01/2020,09:52:56,64,64.35,500,65.75,500,0,107000
RELIANCE30Jan201580PE.NFO,07/01/2020,09:52:57,64,64.4,1500,65.75,500,0,107000
RELIANCE30Jan201580PE.NFO,07/01/2020,09:52:59,64,64.25,1500,65.75,500,0,107000
RELIANCE30Jan201580PE.NFO,07/01/2020,09:52:59,64,64.3,500,65.65,500,0,107000
RELIANCE30Jan201580PE.NFO,07/01/2020,09:53:01,64,64.25,1500,65.65,500,0,107000
RELIANCE30Jan201580PE.NFO,07/01/2020,09:53:03,64,64.3,500,65.65,500,0,107000
RELIANCE30Jan201580PE.NFO,07/01/2020,09:53:04,64,64.25,1500,65.65,500,0,107000
RELIANCE30Jan201580PE.NFO,07/01/2020,09:53:05,64,64.3,1000,65.65,500,0,107000
RELIANCE30Jan201580PE.NFO,07/01/2020,09:53:06,64,64.35,1500,65.65,500,0,107000
RELIANCE30Jan201580PE.NFO,07/01/2020,09:53:07,64,64.25,2500,65.65,500,0,107000
RELIANCE30Jan201580PE.NFO,07/01/2020,09:53:20,64,64.4,1500,65.85,500,0,107000
RELIANCE30Jan201580PE.NFO,07/01/2020,09:53:25,64,64.4,1500,65.7,500,0,107000
RELIANCE30Jan201580PE.NFO,07/01/2020,09:53:29,64,64.4,1500,65.6,500,0,107000
RELIANCE30Jan201580PE.NFO,07/01/2020,09:53:34,64,63.85,4500,65.75,500,0,107000
RELIANCE30Jan201580PE.NFO,07/01/2020,09:53:39,64,63.95,1000,65.6,1500,0,107000
RELIANCE30Jan201580PE.NFO,07/01/2020,09:53:44,64,63.85,1000,65.85,500,0,107000
RELIANCE30Jan201580PE.NFO,07/01/2020,09:53:49,64,64.15,500,65.8,1000,0,107000
RELIANCE30Jan201580PE.NFO,07/01/2020,09:53:54,64,63.85,4500,66.2,500,0,107000
RELIANCE30Jan201580PE.NFO,07/01/2020,09:53:59,64,64.05,1000,66.05,500,0,107000
RELIANCE30Jan201580PE.NFO,07/01/2020,09:54:04,64,64.25,1000,66,500,0,107000
RELIANCE30Jan201580PE.NFO,07/01/2020,09:54:10,64,64.7,500,66.15,500,0,107000
RELIANCE30Jan201580PE.NFO,07/01/2020,09:54:12,64,64.75,1500,66.15,500,0,107000
RELIANCE30Jan201580PE.NFO,07/01/2020,09:54:13,64,64.75,1500,66.1,500,0,107000
RELIANCE30Jan201580PE.NFO,07/01/2020,09:54:14,64,64.3,1000,66.15,500,0,107000
RELIANCE30Jan201580PE.NFO,07/01/2020,09:54:15,64,64.4,500,66.1,1000,0,107000
RELIANCE30Jan201580PE.NFO,07/01/2020,09:54:16,64,64.6,500,66.1,500,0,107000
RELIANCE30Jan201580PE.NFO,07/01/2020,09:54:17,64,64.45,500,66.35,500,0,107000
RELIANCE30Jan201580PE.NFO,07/01/2020,09:54:19,64,64.7,1500,66,1500,0,107000
RELIANCE30Jan201580PE.NFO,07/01/2020,09:54:20,64,64.55,500,66,1500,0,107000
RELIANCE30Jan201580PE.NFO,07/01/2020,09:54:21,64,64.65,500,66,1500,0,107000
RELIANCE30Jan201580PE.NFO,07/01/2020,09:54:22,64,64.1,5000,66,1500,0,107000
RELIANCE30Jan201580PE.NFO,07/01/2020,09:54:23,64,64.1,4500,66,1500,0,107000
RELIANCE30Jan201580PE.NFO,07/01/2020,09:54:25,64,64.1,4500,65.85,500,0,107000
RELIANCE30Jan201580PE.NFO,07/01/2020,09:54:26,64,64.1,4500,65.8,1000,0,107000
RELIANCE30Jan201580PE.NFO,07/01/2020,09:54:28,64,64.1,4500,65.8,500,0,107000
RELIANCE30Jan201580PE.NFO,07/01/2020,09:54:29,64,64.1,4500,65.95,500,0,107000
RELIANCE30Jan201580PE.NFO,07/01/2020,09:54:30,64,64.1,4500,65.9,500,0,107000
RELIANCE30Jan201580PE.NFO,07/01/2020,09:54:31,64,64.3,1000,66.45,2500,0,107000
RELIANCE30Jan201580PE.NFO,07/01/2020,09:54:32,64,64.4,500,66.1,500,0,107000
RELIANCE30Jan201580PE.NFO,07/01/2020,09:54:33,64,64.5,500,66.05,1500,0,107000
RELIANCE30Jan201580PE.NFO,07/01/2020,09:54:35,64,64.5,500,66.2,2000,0,107000
RELIANCE30Jan201580PE.NFO,07/01/2020,09:54:36,64,64.3,500,66.05,2000,0,107000
RELIANCE30Jan201580PE.NFO,07/01/2020,09:54:37,64,64.4,500,66,500,0,107000
RELIANCE30Jan201580PE.NFO,07/01/2020,09:54:38,64,64.3,2000,65.9,500,0,107000
RELIANCE30Jan201580PE.NFO,07/01/2020,09:54:38,64,64.3,2000,65.95,500,0,107000
RELIANCE30Jan201580PE.NFO,07/01/2020,09:54:39,64,64.3,2000,65.85,500,0,107000
RELIANCE30Jan201580PE.NFO,07/01/2020,09:54:41,64,64.4,500,66.05,500,0,107000
RELIANCE30Jan201580PE.NFO,07/01/2020,09:54:42,64,64.4,500,65.95,500,0,107000
RELIANCE30Jan201580PE.NFO,07/01/2020,09:54:43,64,64.4,500,65.9,2000,0,107000
RELIANCE30Jan201580PE.NFO,07/01/2020,09:54:44,64,64.4,500,65.8,500,0,107000
RELIANCE30Jan201580PE.NFO,07/01/2020,09:54:46,64,64.4,500,66.05,500,0,107000
RELIANCE30Jan201580PE.NFO,07/01/2020,09:54:47,64,64.45,500,65.95,500,0,107000
RELIANCE30Jan201580PE.NFO,07/01/2020,09:54:47,64,64.45,500,65.9,1500,0,107000
RELIANCE30Jan201580PE.NFO,07/01/2020,09:54:49,64,64.4,500,65.9,1500,0,107000
RELIANCE30Jan201580PE.NFO,07/01/2020,09:54:51,64,64.4,500,65.7,500,0,107000
RELIANCE30Jan201580PE.NFO,07/01/2020,09:54:52,64,64.4,500,65.7,1500,0,107000
RELIANCE30Jan201580PE.NFO,07/01/2020,09:54:52,64,64.4,500,65.7,1000,0,107000
RELIANCE30Jan201580PE.NFO,07/01/2020,09:54:54,64,64.4,500,65.65,500,0,107000
RELIANCE30Jan201580PE.NFO,07/01/2020,09:54:55,64,64.35,500,66,2500,0,107000
RELIANCE30Jan201580PE.NFO,07/01/2020,09:54:56,64,64,1000,65.75,500,0,107000
RELIANCE30Jan201580PE.NFO,07/01/2020,09:54:57,64,64.1,500,65.65,500,0,107000
RELIANCE30Jan201580PE.NFO,07/01/2020,09:54:58,64,64.15,1500,65.5,500,0,107000
RELIANCE30Jan201580PE.NFO,07/01/2020,09:55:00,64,64.15,1500,65.5,1000,0,107000
RELIANCE30Jan201580PE.NFO,07/01/2020,09:55:01,64,64.15,1500,65.4,500,0,107000
RELIANCE30Jan201580PE.NFO,07/01/2020,09:55:02,64,63.9,500,65.35,500,0,107000
RELIANCE30Jan201580PE.NFO,07/01/2020,09:55:03,64,63.4,1000,65.1,500,0,107000
RELIANCE30Jan201580PE.NFO,07/01/2020,09:55:04,64,63.5,1000,65.05,1500,0,107000
RELIANCE30Jan201580PE.NFO,07/01/2020,09:55:05,64,63.7,500,65.15,500,0,107000
RELIANCE30Jan201580PE.NFO,07/01/2020,09:55:05,64,63.75,1500,65.65,4000,0,107000
RELIANCE30Jan201580PE.NFO,07/01/2020,09:55:06,64,63.8,500,65.55,500,0,107000
RELIANCE30Jan201580PE.NFO,07/01/2020,09:55:07,64,63.9,1000,65.35,500,0,107000
RELIANCE30Jan201580PE.NFO,07/01/2020,09:55:08,64,63.9,500,65.25,500,0,107000
RELIANCE30Jan201580PE.NFO,07/01/2020,09:55:10,64,63.95,500,65.65,2000,0,107000
RELIANCE30Jan201580PE.NFO,07/01/2020,09:55:11,64,63.95,500,65.55,500,0,107000
RELIANCE30Jan201580PE.NFO,07/01/2020,09:55:12,64,64,500,65.35,500,0,107000
RELIANCE30Jan201580PE.NFO,07/01/2020,09:55:18,64,63.6,1500,64.95,500,0,107000
RELIANCE30Jan201580PE.NFO,07/01/2020,09:55:24,64,63.7,500,64.95,500,0,107000
RELIANCE30Jan201580PE.NFO,07/01/2020,09:55:29,64,63.6,1000,65.25,1500,0,107000
RELIANCE30Jan201580PE.NFO,07/01/2020,09:55:35,64,63.5,1000,65.15,1000,0,107000
RELIANCE30Jan201580PE.NFO,07/01/2020,09:55:40,64,63.55,1500,65.3,1000,0,107000
RELIANCE30Jan201580PE.NFO,07/01/2020,09:55:44,64,63.5,1000,64.8,500,0,107000
RELIANCE30Jan201580PE.NFO,07/01/2020,09:55:48,64,63.5,500,64.95,500,0,107000
RELIANCE30Jan201580PE.NFO,07/01/2020,09:55:52,64,63.25,500,64.7,1500,0,107000
RELIANCE30Jan201580PE.NFO,07/01/2020,09:55:57,64,63,1000,64.65,500,0,107000
RELIANCE30Jan201580PE.NFO,07/01/2020,09:56:02,64,63.25,500,64.65,2000,0,107000
RELIANCE30Jan201580PE.NFO,07/01/2020,09:56:06,64,63.15,500,64.9,3500,0,107000
RELIANCE30Jan201580PE.NFO,07/01/2020,09:56:13,64,63.15,500,64.8,2000,0,107000
RELIANCE30Jan201580PE.NFO,07/01/2020,09:56:20,64,62.95,500,64.65,500,0,107000
RELIANCE30Jan201580PE.NFO,07/01/2020,09:56:27,64,62.85,1000,64.85,500,0,107000
RELIANCE30Jan201580PE.NFO,07/01/2020,09:56:33,64,62.9,500,64.2,500,0,107000
RELIANCE30Jan201580PE.NFO,07/01/2020,09:56:38,64,62.9,1500,64.15,500,0,107000
RELIANCE30Jan201580PE.NFO,07/01/2020,09:56:43,64,62.95,1000,64.1,500,0,107000
RELIANCE30Jan201580PE.NFO,07/01/2020,09:56:48,64,62.85,500,64.2,500,0,107000
RELIANCE30Jan201580PE.NFO,07/01/2020,09:56:52,64,62.7,1000,64.55,500,0,107000
RELIANCE30Jan201580PE.NFO,07/01/2020,09:56:56,64,63.15,1500,64.45,500,0,107000
RELIANCE30Jan201580PE.NFO,07/01/2020,09:57:00,64,63.2,500,64.45,500,0,107000
RELIANCE30Jan201580PE.NFO,07/01/2020,09:57:05,64,63.15,1000,64.55,500,0,107000
RELIANCE30Jan201580PE.NFO,07/01/2020,09:57:10,64,63.15,1000,64.45,500,0,107000
RELIANCE30Jan201580PE.NFO,07/01/2020,09:57:11,64,63.2,500,64.45,500,0,107000
RELIANCE30Jan201580PE.NFO,07/01/2020,09:57:12,64,63.2,500,64.4,500,0,107000
RELIANCE30Jan201580PE.NFO,07/01/2020,09:57:14,64,63.15,1000,64.4,500,0,107000
RELIANCE30Jan201580PE.NFO,07/01/2020,09:57:15,64,63.2,2000,64.4,500,0,107000
RELIANCE30Jan201580PE.NFO,07/01/2020,09:57:16,64,63.2,2000,64.65,1000,0,107000
RELIANCE30Jan201580PE.NFO,07/01/2020,09:57:17,64,63.2,2000,64.6,500,0,107000
RELIANCE30Jan201580PE.NFO,07/01/2020,09:57:36,64,63,1000,64.6,500,0,107000
RELIANCE30Jan201580PE.NFO,07/01/2020,09:57:37,64,63.1,1000,64.55,500,0,107000
RELIANCE30Jan201580PE.NFO,07/01/2020,09:57:38,64,63.15,1500,64.5,500,0,107000
RELIANCE30Jan201580PE.NFO,07/01/2020,09:57:40,64,63.25,1500,64.5,500,0,107000
RELIANCE30Jan201580PE.NFO,07/01/2020,09:57:42,64,63.25,500,64.6,500,0,107000
RELIANCE30Jan201580PE.NFO,07/01/2020,09:57:43,64,63.3,500,64.6,500,0,107000
RELIANCE30Jan201580PE.NFO,07/01/2020,09:57:43,64,63.25,500,64.6,500,0,107000
RELIANCE30Jan201580PE.NFO,07/01/2020,09:57:45,64,63.4,500,64.6,500,0,107000
RELIANCE30Jan201580PE.NFO,07/01/2020,09:57:46,64,63.2,1000,64.6,500,0,107000
RELIANCE30Jan201580PE.NFO,07/01/2020,09:57:48,64,63.3,1000,64.6,500,0,107000
RELIANCE30Jan201580PE.NFO,07/01/2020,09:57:49,64,63.4,500,65.1,2500,0,107000
RELIANCE30Jan201580PE.NFO,07/01/2020,09:57:49,64,63.55,500,65.05,500,0,107000
RELIANCE30Jan201580PE.NFO,07/01/2020,09:57:52,64,63.5,500,65,500,0,107000
RELIANCE30Jan201580PE.NFO,07/01/2020,09:57:53,64,63.45,1000,64.95,1000,0,107000
RELIANCE30Jan201580PE.NFO,07/01/2020,09:57:54,64,63.5,500,64.85,500,0,107000
RELIANCE30Jan201580PE.NFO,07/01/2020,09:57:55,64,63.45,1000,64.85,1000,0,107000
RELIANCE30Jan201580PE.NFO,07/01/2020,09:57:56,64,63.5,500,64.95,500,0,107000
RELIANCE30Jan201580PE.NFO,07/01/2020,09:57:57,64,62.95,1000,65.1,2500,0,107000
RELIANCE30Jan201580PE.NFO,07/01/2020,09:57:58,64,63.05,1000,65,500,0,107000
RELIANCE30Jan201580PE.NFO,07/01/2020,09:57:59,64,63.15,1000,65,500,0,107000
RELIANCE30Jan201580PE.NFO,07/01/2020,09:58:00,64,63.25,1000,64.9,1500,0,107000
RELIANCE30Jan201580PE.NFO,07/01/2020,09:58:01,64,63.35,500,64.9,1500,0,107000
RELIANCE30Jan201580PE.NFO,07/01/2020,09:58:01,64,63.05,500,64.75,500,0,107000
RELIANCE30Jan201580PE.NFO,07/01/2020,09:58:03,64,63.25,500,64.6,1500,0,107000
RELIANCE30Jan201580PE.NFO,07/01/2020,09:58:04,64,63.35,500,64.55,500,0,107000
RELIANCE30Jan201580PE.NFO,07/01/2020,09:58:05,64,62.85,5000,64.55,500,0,107000
RELIANCE30Jan201580PE.NFO,07/01/2020,09:58:05,64,62.95,1000,65.1,2500,0,107000
RELIANCE30Jan201580PE.NFO,07/01/2020,09:58:06,64,63.05,1000,65.05,500,0,107000
RELIANCE30Jan201580PE.NFO,07/01/2020,09:58:08,64,63.15,1000,64.9,500,0,107000
RELIANCE30Jan201580PE.NFO,07/01/2020,09:58:08,64,63.35,500,64.85,500,0,107000
RELIANCE30Jan201580PE.NFO,07/01/2020,09:58:09,64,63.35,500,65.1,2500,0,107000
RELIANCE30Jan201580PE.NFO,07/01/2020,09:58:10,64,63.4,500,64.8,500,0,107000
RELIANCE30Jan201580PE.NFO,07/01/2020,09:58:14,64,62.8,5000,64.5,500,0,107000
RELIANCE30Jan201580PE.NFO,07/01/2020,09:58:19,64,63.3,500,64.7,500,0,107000
RELIANCE30Jan201580PE.NFO,07/01/2020,09:58:24,64,63.15,500,64.65,500,0,107000
RELIANCE30Jan201580PE.NFO,07/01/2020,09:58:29,64,63.2,1000,64.6,500,0,107000
RELIANCE30Jan201580PE.NFO,07/01/2020,09:58:38,64,62.8,4500,64.65,500,0,107000
RELIANCE30Jan201580PE.NFO,07/01/2020,09:58:43,64,62.95,1000,64.7,500,0,107000
RELIANCE30Jan201580PE.NFO,07/01/2020,09:58:48,64,63,1000,65.1,2000,0,107000
RELIANCE30Jan201580PE.NFO,07/01/2020,09:58:53,64,62.8,5500,65.05,500,0,107000
RELIANCE30Jan201580PE.NFO,07/01/2020,09:58:59,64,62.95,500,64.5,500,0,107000
RELIANCE30Jan201580PE.NFO,07/01/2020,09:59:05,64,62.55,5000,64.4,500,0,107000
RELIANCE30Jan201580PE.NFO,07/01/2020,09:59:11,64,63.45,1000,65.1,2000,0,107000
RELIANCE30Jan201580PE.NFO,07/01/2020,09:59:17,64,62.8,5500,65,500,0,107000
RELIANCE30Jan201580PE.NFO,07/01/2020,09:59:23,64,63.2,500,64.7,500,0,107000
RELIANCE30Jan201580PE.NFO,07/01/2020,09:59:29,64,63.5,500,65.1,2500,0,107000
RELIANCE30Jan201580PE.NFO,07/01/2020,09:59:34,64,62.9,1000,64.9,500,0,107000
RELIANCE30Jan201580PE.NFO,07/01/2020,09:59:38,64,63.35,1500,65.1,2500,0,107000
RELIANCE30Jan201580PE.NFO,07/01/2020,09:59:43,64,62.8,5000,64.9,500,0,107000
RELIANCE30Jan201580PE.NFO,07/01/2020,09:59:48,64,62.8,5000,64.85,500,0,107000
RELIANCE30Jan201580PE.NFO,07/01/2020,09:59:56,64,63.1,1000,64.6,1000,0,107000
RELIANCE30Jan201580PE.NFO,07/01/2020,10:00:00,64,63.35,1500,64.9,1000,0,107000
RELIANCE30Jan201580PE.NFO,07/01/2020,10:00:05,64,63.4,500,64.85,500,0,107000
RELIANCE30Jan201580PE.NFO,07/01/2020,10:00:09,64,63.4,500,64.75,500,0,107000
RELIANCE30Jan201580PE.NFO,07/01/2020,10:00:11,64,63,4500,64.75,500,0,107000
RELIANCE30Jan201580PE.NFO,07/01/2020,10:00:16,64,63,4500,65,500,0,107000
RELIANCE30Jan201580PE.NFO,07/01/2020,10:00:17,64,63,4500,64.75,1000,0,107000
RELIANCE30Jan201580PE.NFO,07/01/2020,10:00:18,64,63,4500,64.75,1500,0,107000
RELIANCE30Jan201580PE.NFO,07/01/2020,10:00:19,64,63,4500,65,2000,0,107000
RELIANCE30Jan201580PE.NFO,07/01/2020,10:00:20,64,63,4500,64.8,500,0,107000
RELIANCE30Jan201580PE.NFO,07/01/2020,10:00:21,64,63,4500,64.75,1000,0,107000
RELIANCE30Jan201580PE.NFO,07/01/2020,10:00:22,64,63.1,1000,65,2000,0,107000
RELIANCE30Jan201580PE.NFO,07/01/2020,10:00:23,64,63.2,1000,64.95,500,0,107000
RELIANCE30Jan201580PE.NFO,07/01/2020,10:00:23,64,63.3,1000,64.9,500,0,107000
RELIANCE30Jan201580PE.NFO,07/01/2020,10:00:24,64,63.4,1000,64.85,500,0,107000
RELIANCE30Jan201580PE.NFO,07/01/2020,10:00:25,64,63.5,500,64.95,500,0,107000
RELIANCE30Jan201580PE.NFO,07/01/2020,10:00:26,64,63.55,1500,65.1,2500,0,107000
RELIANCE30Jan201580PE.NFO,07/01/2020,10:00:27,64,63.1,4500,65.05,500,0,107000
RELIANCE30Jan201580PE.NFO,07/01/2020,10:00:28,64,63.2,1000,65,500,0,107000
RELIANCE30Jan201580PE.NFO,07/01/2020,10:00:29,64,63.3,1000,64.95,500,0,107000
RELIANCE30Jan201580PE.NFO,07/01/2020,10:00:30,64,63.5,500,64.95,500,0,107000
RELIANCE30Jan201580PE.NFO,07/01/2020,10:00:31,64,63.7,500,64.95,500,0,107000
RELIANCE30Jan201580PE.NFO,07/01/2020,10:00:32,64,63.75,1500,64.95,500,0,107000
RELIANCE30Jan201580PE.NFO,07/01/2020,10:00:34,64,63.6,500,65.05,500,0,107000
RELIANCE30Jan201580PE.NFO,07/01/2020,10:00:35,64,63.65,500,65.05,500,0,107000
RELIANCE30Jan201580PE.NFO,07/01/2020,10:00:37,64,63.75,1500,65.05,500,0,107000
RELIANCE30Jan201580PE.NFO,07/01/2020,10:00:38,64,63.75,1500,65,500,0,107000
RELIANCE30Jan201580PE.NFO,07/01/2020,10:00:39,64,63.45,2000,64.95,500,0,107000
