Ticker,Date,Time,LTP,BuyPrice,BuyQty,SellPrice,SellQty,LTQ,OpenInterest
RELIANCE27Feb201660CE.NFO,07/01/2020,09:22:23,17.5,16.35,1000,18.05,500,1000,27500
RELIANCE27Feb201660CE.NFO,07/01/2020,09:22:23,17.5,16.35,1000,18.05,500,0,27500
RELIANCE27Feb201660CE.NFO,07/01/2020,09:22:23,17.5,16.35,1000,18.05,500,0,27500
RELIANCE27Feb201660CE.NFO,07/01/2020,09:22:23,17.5,16.35,1000,18.05,500,0,27500
RELIANCE27Feb201660CE.NFO,07/01/2020,09:22:31,17.5,16.35,1000,17.95,500,0,27500
RELIANCE27Feb201660CE.NFO,07/01/2020,09:22:59,17.5,17,1000,17.95,500,0,27500
RELIANCE27Feb201660CE.NFO,07/01/2020,09:23:07,17.5,16.5,500,18.45,500,0,27500
RELIANCE27Feb201660CE.NFO,07/01/2020,09:23:15,17.5,16.5,500,18.05,500,0,27500
RELIANCE27Feb201660CE.NFO,07/01/2020,09:23:21,17.5,16.5,500,18,500,0,27500
RELIANCE27Feb201660CE.NFO,07/01/2020,09:23:28,17.5,16.6,500,19.45,1000,0,27500
RELIANCE27Feb201660CE.NFO,07/01/2020,09:23:47,17.5,16.6,1000,19.45,1000,0,27500
RELIANCE27Feb201660CE.NFO,07/01/2020,09:23:53,17.5,16.6,500,19.45,1000,0,27500
RELIANCE27Feb201660CE.NFO,07/01/2020,09:24:00,17.5,16.7,500,19.45,1000,0,27500
RELIANCE27Feb201660CE.NFO,07/01/2020,09:26:06,17.5,16.7,500,18.95,1000,0,27500
RELIANCE27Feb201660CE.NFO,07/01/2020,09:32:19,17.5,16.7,500,18.95,500,0,27500
RELIANCE27Feb201660CE.NFO,07/01/2020,09:32:33,17.5,16.9,500,19,1000,0,27500
RELIANCE27Feb201660CE.NFO,07/01/2020,09:32:39,17.5,16.9,1000,19,1000,0,27500
RELIANCE27Feb201660CE.NFO,07/01/2020,09:32:46,17.5,17,500,19,1000,0,27500
RELIANCE27Feb201660CE.NFO,07/01/2020,09:32:52,17.5,17,1000,19,1000,0,27500
RELIANCE27Feb201660CE.NFO,07/01/2020,09:33:03,17.5,17.1,500,19,1000,0,27500
RELIANCE27Feb201660CE.NFO,07/01/2020,09:33:09,17.5,17.2,1000,19,1000,0,27500
RELIANCE27Feb201660CE.NFO,07/01/2020,09:33:15,17.5,17.2,500,18.95,500,0,27500
RELIANCE27Feb201660CE.NFO,07/01/2020,09:33:28,17.5,17.3,500,18.95,500,0,27500
RELIANCE27Feb201660CE.NFO,07/01/2020,09:33:45,17.5,17.3,500,18.9,500,0,27500
RELIANCE27Feb201660CE.NFO,07/01/2020,09:33:55,17.5,17.3,500,19,1000,0,27500
RELIANCE27Feb201660CE.NFO,07/01/2020,09:34:01,18.95,17.3,500,19,1000,1000,27500
RELIANCE27Feb201660CE.NFO,07/01/2020,09:34:01,18.95,17.3,500,19,1000,0,27500
RELIANCE27Feb201660CE.NFO,07/01/2020,09:34:06,18.95,17.3,500,19,1000,0,27500
RELIANCE27Feb201660CE.NFO,07/01/2020,09:34:12,18.95,17.3,500,19,1000,500,27500
RELIANCE27Feb201660CE.NFO,07/01/2020,09:34:18,18.95,17.3,500,19,1000,0,27500
RELIANCE27Feb201660CE.NFO,07/01/2020,09:34:24,19,17.3,500,19,500,500,27500
RELIANCE27Feb201660CE.NFO,07/01/2020,09:34:24,19,17.3,500,19,500,0,27500
RELIANCE27Feb201660CE.NFO,07/01/2020,09:34:30,19,17.3,500,19,500,0,27500
RELIANCE27Feb201660CE.NFO,07/01/2020,09:34:37,19,17.3,500,18.9,500,0,27500
RELIANCE27Feb201660CE.NFO,07/01/2020,09:34:43,19,17.3,500,18.8,3000,0,27500
RELIANCE27Feb201660CE.NFO,07/01/2020,09:34:49,19,17,1000,18.75,3000,0,27500
RELIANCE27Feb201660CE.NFO,07/01/2020,09:34:54,19,17,500,18.75,3000,0,27500
RELIANCE27Feb201660CE.NFO,07/01/2020,09:35:00,19,17,500,18.8,3000,0,27500
RELIANCE27Feb201660CE.NFO,07/01/2020,09:35:05,19,17,1000,18.85,3000,0,27500
RELIANCE27Feb201660CE.NFO,07/01/2020,09:35:21,18.75,17.1,500,19,500,3000,28000
RELIANCE27Feb201660CE.NFO,07/01/2020,09:35:26,18.75,17.1,500,19,500,0,28000
RELIANCE27Feb201660CE.NFO,07/01/2020,09:35:46,18.65,17.5,500,18.65,500,4500,28000
RELIANCE27Feb201660CE.NFO,07/01/2020,09:35:55,19,18,500,19.5,1000,1000,28000
RELIANCE27Feb201660CE.NFO,07/01/2020,09:36:02,19,18.25,500,19.5,1000,0,28000
RELIANCE27Feb201660CE.NFO,07/01/2020,09:36:15,19,18.25,500,20,1000,0,28000
RELIANCE27Feb201660CE.NFO,07/01/2020,09:36:20,19,18.25,500,19.9,500,0,28000
RELIANCE27Feb201660CE.NFO,07/01/2020,09:36:48,19,18.3,500,19.9,500,0,28000
RELIANCE27Feb201660CE.NFO,07/01/2020,09:36:54,19,18.3,500,20,1000,0,28000
RELIANCE27Feb201660CE.NFO,07/01/2020,09:37:10,19,18.3,500,19.7,1000,0,28000
RELIANCE27Feb201660CE.NFO,07/01/2020,09:37:16,19.7,18.3,500,20,1000,1000,28000
RELIANCE27Feb201660CE.NFO,07/01/2020,09:37:16,19.7,18.3,500,20,1000,0,28000
RELIANCE27Feb201660CE.NFO,07/01/2020,09:37:20,19.7,18.3,500,20,1000,0,28000
RELIANCE27Feb201660CE.NFO,07/01/2020,09:38:21,19.7,18.65,500,20,1000,0,28000
RELIANCE27Feb201660CE.NFO,07/01/2020,09:38:26,19.7,18.75,500,20,1000,0,28000
RELIANCE27Feb201660CE.NFO,07/01/2020,09:38:30,19.7,18.8,500,20,1000,0,28000
RELIANCE27Feb201660CE.NFO,07/01/2020,09:38:35,19.7,19,500,20,1000,0,28000
RELIANCE27Feb201660CE.NFO,07/01/2020,09:39:10,19.7,19,3500,20,1000,0,28000
RELIANCE27Feb201660CE.NFO,07/01/2020,09:39:15,20,19.05,3500,25.35,3500,1000,37500
RELIANCE27Feb201660CE.NFO,07/01/2020,09:39:15,20,19.05,3500,25.35,3500,0,37500
RELIANCE27Feb201660CE.NFO,07/01/2020,09:39:20,20,19.05,3000,24.35,500,0,37500
RELIANCE27Feb201660CE.NFO,07/01/2020,09:39:26,20,19.2,3000,24.75,500,0,37500
RELIANCE27Feb201660CE.NFO,07/01/2020,09:39:31,20,19.2,3000,24.45,500,0,37500
RELIANCE27Feb201660CE.NFO,07/01/2020,09:39:36,20,19.5,500,24.45,500,0,37500
RELIANCE27Feb201660CE.NFO,07/01/2020,09:39:41,20,19.5,500,24.85,500,0,37500
RELIANCE27Feb201660CE.NFO,07/01/2020,09:39:47,20,19.5,500,24.3,500,0,37500
RELIANCE27Feb201660CE.NFO,07/01/2020,09:39:52,20,19.5,500,24.75,1500,0,37500
RELIANCE27Feb201660CE.NFO,07/01/2020,09:39:57,20,19.3,3000,24.75,500,0,37500
RELIANCE27Feb201660CE.NFO,07/01/2020,09:40:02,20,19.35,500,28.45,7500,0,37500
RELIANCE27Feb201660CE.NFO,07/01/2020,09:40:08,20,19.45,3500,26.15,2500,0,37500
RELIANCE27Feb201660CE.NFO,07/01/2020,09:40:15,20,19.45,500,25.05,500,0,37500
RELIANCE27Feb201660CE.NFO,07/01/2020,09:40:21,20,19.4,3000,21.9,500,0,37500
RELIANCE27Feb201660CE.NFO,07/01/2020,09:40:26,20,19.35,3000,21.9,500,0,37500
RELIANCE27Feb201660CE.NFO,07/01/2020,09:40:32,20,19.25,3000,21.9,500,0,37500
RELIANCE27Feb201660CE.NFO,07/01/2020,09:40:38,20,19,3000,21,1000,0,37500
RELIANCE27Feb201660CE.NFO,07/01/2020,09:40:54,20,18.9,3000,21,1000,0,37500
RELIANCE27Feb201660CE.NFO,07/01/2020,09:40:59,20,18.95,3000,21,1000,0,37500
RELIANCE27Feb201660CE.NFO,07/01/2020,09:41:05,20,18.9,3000,21,1000,0,37500
RELIANCE27Feb201660CE.NFO,07/01/2020,09:41:11,20,18.85,500,21,1000,0,37500
RELIANCE27Feb201660CE.NFO,07/01/2020,09:41:16,20,18.85,3000,21,1000,0,37500
RELIANCE27Feb201660CE.NFO,07/01/2020,09:41:21,20,18.9,500,21,1000,0,37500
RELIANCE27Feb201660CE.NFO,07/01/2020,09:41:36,20,18.95,500,21,1000,0,37500
RELIANCE27Feb201660CE.NFO,07/01/2020,09:41:41,20,18.9,500,21,1000,0,37500
RELIANCE27Feb201660CE.NFO,07/01/2020,09:41:59,20,18.85,500,21,1000,0,37500
RELIANCE27Feb201660CE.NFO,07/01/2020,09:42:14,20,18.8,500,21,1000,0,37500
RELIANCE27Feb201660CE.NFO,07/01/2020,09:42:21,20,18.9,3000,21,1000,0,37500
RELIANCE27Feb201660CE.NFO,07/01/2020,09:42:26,20,18.95,500,21,1000,0,37500
RELIANCE27Feb201660CE.NFO,07/01/2020,09:42:33,20,19.3,3000,21,1000,0,37500
RELIANCE27Feb201660CE.NFO,07/01/2020,09:42:41,20,19.1,3000,21,1000,0,37500
RELIANCE27Feb201660CE.NFO,07/01/2020,09:42:48,20,19.25,3000,21,1000,0,37500
RELIANCE27Feb201660CE.NFO,07/01/2020,09:43:01,20,19.3,3000,21,1000,0,37500
RELIANCE27Feb201660CE.NFO,07/01/2020,09:43:07,20,19.2,3000,21,1000,0,37500
RELIANCE27Feb201660CE.NFO,07/01/2020,09:43:16,20,19.25,3000,21,1000,0,37500
RELIANCE27Feb201660CE.NFO,07/01/2020,09:43:21,20,19.3,3000,21,1000,0,37500
RELIANCE27Feb201660CE.NFO,07/01/2020,09:43:27,20,19.2,3000,21,1000,0,37500
RELIANCE27Feb201660CE.NFO,07/01/2020,09:43:32,20,19.25,3000,21,1000,0,37500
RELIANCE27Feb201660CE.NFO,07/01/2020,09:43:37,20,19.2,3000,21,1000,0,37500
RELIANCE27Feb201660CE.NFO,07/01/2020,09:44:21,20,19.05,3000,21,1000,0,37500
RELIANCE27Feb201660CE.NFO,07/01/2020,09:45:28,20,19,3000,21,1000,0,37500
RELIANCE27Feb201660CE.NFO,07/01/2020,09:45:55,20,19.05,3000,21,1000,0,37500
RELIANCE27Feb201660CE.NFO,07/01/2020,09:46:17,20,18.85,3000,21,1000,0,37500
RELIANCE27Feb201660CE.NFO,07/01/2020,09:46:28,20,18.7,3000,21,1000,0,37500
RELIANCE27Feb201660CE.NFO,07/01/2020,09:46:33,20,18.75,3500,21,1000,0,37500
RELIANCE27Feb201660CE.NFO,07/01/2020,09:46:40,20,18.85,500,21,1000,0,37500
RELIANCE27Feb201660CE.NFO,07/01/2020,09:47:01,20,18.85,3500,21,1000,0,37500
RELIANCE27Feb201660CE.NFO,07/01/2020,09:47:30,20,18.85,500,21,1000,0,37500
RELIANCE27Feb201660CE.NFO,07/01/2020,09:48:07,20,18.85,500,20.5,500,0,37500
RELIANCE27Feb201660CE.NFO,07/01/2020,09:48:21,20,18.85,500,21,1000,0,37500
RELIANCE27Feb201660CE.NFO,07/01/2020,09:48:38,20,18.85,500,20.9,500,0,37500
RELIANCE27Feb201660CE.NFO,07/01/2020,09:54:43,20,18.85,500,20.5,1000,0,37500
RELIANCE27Feb201660CE.NFO,07/01/2020,09:56:35,20,18.85,3500,20.5,1000,0,37500
RELIANCE27Feb201660CE.NFO,07/01/2020,09:56:49,20,18.95,500,20.5,1000,0,37500
RELIANCE27Feb201660CE.NFO,07/01/2020,10:03:28,20,18.5,500,20.5,1000,0,37500
RELIANCE27Feb201660CE.NFO,07/01/2020,10:10:45,20,18.5,3500,20.5,1000,0,37500
RELIANCE27Feb201660CE.NFO,07/01/2020,10:10:50,20,18.6,500,20.5,1000,0,37500
RELIANCE27Feb201660CE.NFO,07/01/2020,10:11:09,20,18.7,500,20.5,1000,0,37500
RELIANCE27Feb201660CE.NFO,07/01/2020,10:11:14,20,18.8,500,20.5,1000,0,37500
RELIANCE27Feb201660CE.NFO,07/01/2020,10:11:41,20,18.8,3500,20.5,1000,0,37500
RELIANCE27Feb201660CE.NFO,07/01/2020,10:11:47,20,18.9,500,20.5,1000,0,37500
RELIANCE27Feb201660CE.NFO,07/01/2020,10:11:53,20,20.2,2500,20.5,1000,0,37500
RELIANCE27Feb201660CE.NFO,07/01/2020,10:12:00,20,20.15,2500,20.5,1000,0,37500
RELIANCE27Feb201660CE.NFO,07/01/2020,10:12:38,20,19,500,20.5,1000,0,37500
RELIANCE27Feb201660CE.NFO,07/01/2020,10:12:54,20,19,3500,20.5,1000,0,37500
RELIANCE27Feb201660CE.NFO,07/01/2020,10:13:05,20,20.05,2500,20.5,3500,0,37500
RELIANCE27Feb201660CE.NFO,07/01/2020,10:13:11,20,20.05,2500,20.5,1000,0,37500
RELIANCE27Feb201660CE.NFO,07/01/2020,10:13:24,20,20,2500,20.5,1000,0,37500
RELIANCE27Feb201660CE.NFO,07/01/2020,10:14:09,20,20.05,2500,20.5,3500,0,37500
RELIANCE27Feb201660CE.NFO,07/01/2020,10:14:15,20,20.05,2500,20.5,1000,0,37500
RELIANCE27Feb201660CE.NFO,07/01/2020,10:14:20,20,20,2500,20.5,1000,0,37500
RELIANCE27Feb201660CE.NFO,07/01/2020,10:14:26,20,19.95,2500,20.5,1000,0,37500
RELIANCE27Feb201660CE.NFO,07/01/2020,10:15:49,20,19.9,2500,20.5,1000,0,37500
RELIANCE27Feb201660CE.NFO,07/01/2020,10:16:32,20,18.75,500,20.5,1000,0,37500
RELIANCE27Feb201660CE.NFO,07/01/2020,10:16:42,20,18.75,3500,20.5,1000,0,37500
RELIANCE27Feb201660CE.NFO,07/01/2020,10:16:52,20,18.85,500,20.5,1000,0,37500
RELIANCE27Feb201660CE.NFO,07/01/2020,10:17:02,20,20.1,2500,20.5,1000,0,37500
RELIANCE27Feb201660CE.NFO,07/01/2020,10:17:09,20,20.05,2500,20.5,1000,0,37500
RELIANCE27Feb201660CE.NFO,07/01/2020,10:17:20,20,18.9,500,20.5,1000,0,37500
RELIANCE27Feb201660CE.NFO,07/01/2020,10:21:46,20,18.9,500,20.9,500,0,37500
RELIANCE27Feb201660CE.NFO,07/01/2020,10:24:41,20,18.9,500,20,1000,0,37500
RELIANCE27Feb201660CE.NFO,07/01/2020,10:25:02,20,18.9,500,20.5,1000,0,37500
RELIANCE27Feb201660CE.NFO,07/01/2020,10:26:52,20,18.9,500,20,1000,0,37500
RELIANCE27Feb201660CE.NFO,07/01/2020,10:28:27,20,18.9,500,20.5,1000,1000,38500
RELIANCE27Feb201660CE.NFO,07/01/2020,10:28:31,20,18.9,500,20.5,1000,0,38500
RELIANCE27Feb201660CE.NFO,07/01/2020,10:28:39,20,18.9,500,25.15,8500,0,38500
RELIANCE27Feb201660CE.NFO,07/01/2020,10:28:43,20,18.9,500,23.95,500,0,38500
RELIANCE27Feb201660CE.NFO,07/01/2020,10:29:03,20,18.9,500,21,1000,0,38500
RELIANCE27Feb201660CE.NFO,07/01/2020,10:29:17,20,18.9,500,20.9,500,0,38500
RELIANCE27Feb201660CE.NFO,07/01/2020,10:30:22,20,18.9,500,23.95,500,0,38500
RELIANCE27Feb201660CE.NFO,07/01/2020,10:30:36,20,18.9,500,24.05,500,0,38500
RELIANCE27Feb201660CE.NFO,07/01/2020,10:30:47,20,18.9,500,24.35,2500,0,38500
RELIANCE27Feb201660CE.NFO,07/01/2020,10:30:51,20,18.9,500,23.95,500,0,38500
RELIANCE27Feb201660CE.NFO,07/01/2020,10:31:28,20,19.15,2000,23.95,500,0,38500
RELIANCE27Feb201660CE.NFO,07/01/2020,10:31:32,20,18.75,500,23.85,500,0,38500
RELIANCE27Feb201660CE.NFO,07/01/2020,10:31:52,20,18.75,500,23.95,1000,0,38500
RELIANCE27Feb201660CE.NFO,07/01/2020,10:31:55,20,18.75,500,23.9,500,0,38500
RELIANCE27Feb201660CE.NFO,07/01/2020,10:32:00,20,18.75,500,23.85,500,0,38500
RELIANCE27Feb201660CE.NFO,07/01/2020,10:32:05,20,18.75,500,23.75,500,0,38500
RELIANCE27Feb201660CE.NFO,07/01/2020,10:32:09,20,18.75,500,23.85,500,0,38500
RELIANCE27Feb201660CE.NFO,07/01/2020,10:32:14,20,18.75,500,24.1,1500,0,38500
RELIANCE27Feb201660CE.NFO,07/01/2020,10:32:19,20,18.75,500,23.7,500,0,38500
RELIANCE27Feb201660CE.NFO,07/01/2020,10:32:28,20,18.75,500,23.8,500,0,38500
RELIANCE27Feb201660CE.NFO,07/01/2020,10:32:32,20,18.75,500,23.6,500,0,38500
RELIANCE27Feb201660CE.NFO,07/01/2020,10:32:37,20,18.75,500,23.8,500,0,38500
RELIANCE27Feb201660CE.NFO,07/01/2020,10:32:41,20,18.75,500,23.7,500,0,38500
RELIANCE27Feb201660CE.NFO,07/01/2020,10:32:51,20,18.75,500,23.8,500,0,38500
RELIANCE27Feb201660CE.NFO,07/01/2020,10:32:56,20,18.75,500,23.7,500,0,38500
RELIANCE27Feb201660CE.NFO,07/01/2020,10:33:03,20,18.75,500,23.6,500,0,38500
RELIANCE27Feb201660CE.NFO,07/01/2020,10:33:06,20,18.75,500,23.65,500,0,38500
RELIANCE27Feb201660CE.NFO,07/01/2020,10:33:12,20,18.75,500,24,500,0,38500
RELIANCE27Feb201660CE.NFO,07/01/2020,10:33:15,20,18.75,500,23.7,500,0,38500
RELIANCE27Feb201660CE.NFO,07/01/2020,10:33:36,20,18.75,500,23.9,1500,0,38500
RELIANCE27Feb201660CE.NFO,07/01/2020,10:33:40,20,18.75,500,23.6,500,0,38500
RELIANCE27Feb201660CE.NFO,07/01/2020,10:33:51,20,18.75,500,24.3,3500,0,38500
RELIANCE27Feb201660CE.NFO,07/01/2020,10:33:55,20,18.75,500,23.8,500,0,38500
RELIANCE27Feb201660CE.NFO,07/01/2020,10:33:57,20,18.75,500,23.7,500,0,38500
RELIANCE27Feb201660CE.NFO,07/01/2020,10:34:03,20,18.75,500,23.8,500,0,38500
RELIANCE27Feb201660CE.NFO,07/01/2020,10:34:09,20,18.75,500,24.2,2500,0,38500
RELIANCE27Feb201660CE.NFO,07/01/2020,10:34:13,20,18.75,500,23.8,500,0,38500
RELIANCE27Feb201660CE.NFO,07/01/2020,10:34:17,20,18.75,500,23.85,500,0,38500
RELIANCE27Feb201660CE.NFO,07/01/2020,10:34:25,20,18.75,500,23.9,500,0,38500
RELIANCE27Feb201660CE.NFO,07/01/2020,10:34:46,20,18.75,500,24,500,0,38500
RELIANCE27Feb201660CE.NFO,07/01/2020,10:34:55,20,18.75,3500,24,500,0,38500
RELIANCE27Feb201660CE.NFO,07/01/2020,10:35:00,20,18.85,500,24,500,0,38500
RELIANCE27Feb201660CE.NFO,07/01/2020,10:35:20,20,18.85,500,24.1,500,0,38500
RELIANCE27Feb201660CE.NFO,07/01/2020,10:35:34,20,18.85,500,24,500,0,38500
RELIANCE27Feb201660CE.NFO,07/01/2020,10:35:43,20,18.85,500,24.8,2500,0,38500
RELIANCE27Feb201660CE.NFO,07/01/2020,10:35:45,20,18.85,500,24.2,1500,0,38500
RELIANCE27Feb201660CE.NFO,07/01/2020,10:35:48,20,18.85,500,24,500,0,38500
RELIANCE27Feb201660CE.NFO,07/01/2020,10:35:58,20,18.85,500,24.1,500,0,38500
RELIANCE27Feb201660CE.NFO,07/01/2020,10:36:05,20,18.85,500,24,500,0,38500
RELIANCE27Feb201660CE.NFO,07/01/2020,10:36:15,20,18.85,500,24.3,1500,0,38500
RELIANCE27Feb201660CE.NFO,07/01/2020,10:36:19,20,18.85,500,24,500,0,38500
RELIANCE27Feb201660CE.NFO,07/01/2020,10:36:37,20,18.85,500,24.3,1500,0,38500
RELIANCE27Feb201660CE.NFO,07/01/2020,10:36:40,20,18.85,500,24,500,0,38500
RELIANCE27Feb201660CE.NFO,07/01/2020,10:36:42,20,18.85,500,24.2,1500,0,38500
RELIANCE27Feb201660CE.NFO,07/01/2020,10:36:46,20,18.85,500,24.05,500,0,38500
RELIANCE27Feb201660CE.NFO,07/01/2020,10:36:50,20,18.85,3500,24.35,1500,0,38500
RELIANCE27Feb201660CE.NFO,07/01/2020,10:36:53,20,18.85,3500,24.15,500,0,38500
RELIANCE27Feb201660CE.NFO,07/01/2020,10:37:04,20,18.85,500,24.15,500,0,38500
RELIANCE27Feb201660CE.NFO,07/01/2020,10:37:08,20,18.85,500,24.05,500,0,38500
RELIANCE27Feb201660CE.NFO,07/01/2020,10:37:12,20,18.85,3500,24.05,500,0,38500
RELIANCE27Feb201660CE.NFO,07/01/2020,10:37:15,20,18.85,3500,24.1,500,0,38500
RELIANCE27Feb201660CE.NFO,07/01/2020,10:37:59,20,18.95,500,24.1,500,0,38500
RELIANCE27Feb201660CE.NFO,07/01/2020,10:38:02,20,18.95,500,24.4,1500,0,38500
RELIANCE27Feb201660CE.NFO,07/01/2020,10:38:06,20,18.95,500,24.2,500,0,38500
RELIANCE27Feb201660CE.NFO,07/01/2020,10:38:18,20,18.95,500,24.3,1500,0,38500
RELIANCE27Feb201660CE.NFO,07/01/2020,10:38:21,20,18.95,500,24.1,500,0,38500
RELIANCE27Feb201660CE.NFO,07/01/2020,10:38:55,20,18.95,500,24,500,0,38500
RELIANCE27Feb201660CE.NFO,07/01/2020,10:39:35,20,18.95,500,23.9,500,0,38500
RELIANCE27Feb201660CE.NFO,07/01/2020,10:39:41,20,18.95,500,24,500,0,38500
RELIANCE27Feb201660CE.NFO,07/01/2020,10:39:45,20,18.95,500,23.9,500,0,38500
RELIANCE27Feb201660CE.NFO,07/01/2020,10:39:52,20,18.95,500,23.8,500,0,38500
RELIANCE27Feb201660CE.NFO,07/01/2020,10:40:17,20,18.95,500,23.9,500,0,38500
RELIANCE27Feb201660CE.NFO,07/01/2020,10:40:29,20,18.95,500,23.85,500,0,38500
RELIANCE27Feb201660CE.NFO,07/01/2020,10:40:48,20,18.95,500,23.9,500,0,38500
RELIANCE27Feb201660CE.NFO,07/01/2020,10:40:57,20,18.95,500,24.2,2500,0,38500
RELIANCE27Feb201660CE.NFO,07/01/2020,10:41:00,20,18.95,500,23.9,500,0,38500
RELIANCE27Feb201660CE.NFO,07/01/2020,10:41:03,20,18.95,500,24,500,0,38500
RELIANCE27Feb201660CE.NFO,07/01/2020,10:41:10,20,18.95,500,23.9,500,0,38500
RELIANCE27Feb201660CE.NFO,07/01/2020,10:41:22,20,18.95,500,24.1,500,0,38500
RELIANCE27Feb201660CE.NFO,07/01/2020,10:41:29,20,18.95,500,24,500,0,38500
RELIANCE27Feb201660CE.NFO,07/01/2020,10:42:33,20,18.95,500,24,1000,0,38500
RELIANCE27Feb201660CE.NFO,07/01/2020,10:42:50,20,18.95,500,23.9,500,0,38500
RELIANCE27Feb201660CE.NFO,07/01/2020,10:42:55,20,18.95,500,24,1000,0,38500
RELIANCE27Feb201660CE.NFO,07/01/2020,10:43:09,20,18.95,500,24,2000,0,38500
RELIANCE27Feb201660CE.NFO,07/01/2020,10:43:25,20,18.95,500,24,1000,0,38500
RELIANCE27Feb201660CE.NFO,07/01/2020,10:43:34,20,18.95,500,23.9,500,0,38500
RELIANCE27Feb201660CE.NFO,07/01/2020,10:44:22,20,18.95,500,23.8,500,0,38500
RELIANCE27Feb201660CE.NFO,07/01/2020,10:44:51,20,18.95,500,23.9,500,0,38500
RELIANCE27Feb201660CE.NFO,07/01/2020,10:45:08,20,18.95,500,23.8,500,0,38500
RELIANCE27Feb201660CE.NFO,07/01/2020,10:45:13,20,18.95,500,23.9,500,0,38500
RELIANCE27Feb201660CE.NFO,07/01/2020,10:46:20,20,18.95,500,24,500,0,38500
RELIANCE27Feb201660CE.NFO,07/01/2020,10:46:23,20,18.95,500,24.5,2000,0,38500
RELIANCE27Feb201660CE.NFO,07/01/2020,10:46:27,20,18.95,500,24.05,1500,0,38500
RELIANCE27Feb201660CE.NFO,07/01/2020,10:46:30,20,18.95,500,23.95,500,0,38500
RELIANCE27Feb201660CE.NFO,07/01/2020,10:47:01,20,18.95,500,23.85,500,0,38500
RELIANCE27Feb201660CE.NFO,07/01/2020,10:47:18,20,18.95,500,23.95,500,0,38500
RELIANCE27Feb201660CE.NFO,07/01/2020,10:47:35,20,18.95,500,24,500,0,38500
RELIANCE27Feb201660CE.NFO,07/01/2020,10:47:57,20,18.95,500,23.9,500,0,38500
RELIANCE27Feb201660CE.NFO,07/01/2020,10:48:01,20,18.95,500,27.75,8000,0,38500
RELIANCE27Feb201660CE.NFO,07/01/2020,10:48:05,20,18.95,500,27,9500,0,38500
RELIANCE27Feb201660CE.NFO,07/01/2020,10:48:09,20,18.95,500,24.9,1500,0,38500
RELIANCE27Feb201660CE.NFO,07/01/2020,10:48:14,20,18.95,500,24.7,4000,0,38500
RELIANCE27Feb201660CE.NFO,07/01/2020,10:48:18,20,18.95,500,23.95,500,0,38500
RELIANCE27Feb201660CE.NFO,07/01/2020,10:49:20,20,18.95,500,24.25,500,0,38500
RELIANCE27Feb201660CE.NFO,07/01/2020,10:49:23,20,18.95,500,24.05,2500,0,38500
RELIANCE27Feb201660CE.NFO,07/01/2020,10:49:30,20,18.95,500,23.95,1500,0,38500
RELIANCE27Feb201660CE.NFO,07/01/2020,10:49:36,20,18.95,500,23.85,500,0,38500
RELIANCE27Feb201660CE.NFO,07/01/2020,10:49:52,20,18.95,500,23.75,500,0,38500
RELIANCE27Feb201660CE.NFO,07/01/2020,10:50:02,20,18.95,500,23.8,500,0,38500
RELIANCE27Feb201660CE.NFO,07/01/2020,10:50:08,20,18.95,500,24.45,4000,0,38500
RELIANCE27Feb201660CE.NFO,07/01/2020,10:50:13,20,18.95,500,23.95,500,0,38500
RELIANCE27Feb201660CE.NFO,07/01/2020,10:50:19,20,18.95,500,24.2,2500,0,38500
RELIANCE27Feb201660CE.NFO,07/01/2020,10:50:24,20,18.95,500,23.9,500,0,38500
RELIANCE27Feb201660CE.NFO,07/01/2020,10:50:35,20,18.95,500,23.8,500,0,38500
RELIANCE27Feb201660CE.NFO,07/01/2020,10:50:40,20,18.95,500,23.9,500,0,38500
RELIANCE27Feb201660CE.NFO,07/01/2020,10:51:06,20,18.95,500,24,1000,0,38500
RELIANCE27Feb201660CE.NFO,07/01/2020,10:51:10,20,18.95,500,23.85,500,0,38500
RELIANCE27Feb201660CE.NFO,07/01/2020,10:51:22,20,18.95,500,23.9,500,0,38500
RELIANCE27Feb201660CE.NFO,07/01/2020,10:51:26,20,18.95,500,24,500,0,38500
RELIANCE27Feb201660CE.NFO,07/01/2020,10:51:30,20,18.95,500,27.3,9500,0,38500
RELIANCE27Feb201660CE.NFO,07/01/2020,10:51:34,20,18.95,500,26.15,9500,0,38500
RELIANCE27Feb201660CE.NFO,07/01/2020,10:51:37,20,18.95,500,24.75,4500,0,38500
RELIANCE27Feb201660CE.NFO,07/01/2020,10:51:41,20,18.95,500,24.25,2500,0,38500
RELIANCE27Feb201660CE.NFO,07/01/2020,10:51:46,20,18.95,500,24.15,500,0,38500
RELIANCE27Feb201660CE.NFO,07/01/2020,10:51:50,20,19,3000,24.35,500,0,38500
RELIANCE27Feb201660CE.NFO,07/01/2020,10:51:55,20,19.05,500,24.35,500,0,38500
RELIANCE27Feb201660CE.NFO,07/01/2020,10:52:03,20,19.05,500,24.65,2500,0,38500
RELIANCE27Feb201660CE.NFO,07/01/2020,10:52:06,20,19.05,500,24.3,500,0,38500
RELIANCE27Feb201660CE.NFO,07/01/2020,10:52:11,20,19.05,500,24.25,500,0,38500
RELIANCE27Feb201660CE.NFO,07/01/2020,10:52:16,20,19.05,500,24.95,2500,0,38500
RELIANCE27Feb201660CE.NFO,07/01/2020,10:52:21,20,19.05,500,24.35,500,0,38500
RELIANCE27Feb201660CE.NFO,07/01/2020,10:52:30,20,19.05,3500,24.35,500,0,38500
RELIANCE27Feb201660CE.NFO,07/01/2020,10:52:34,20,19.05,500,24.35,500,0,38500
RELIANCE27Feb201660CE.NFO,07/01/2020,10:52:37,20,19.05,3500,24.65,1000,0,38500
RELIANCE27Feb201660CE.NFO,07/01/2020,10:52:42,20,19.1,3000,24.45,500,0,38500
RELIANCE27Feb201660CE.NFO,07/01/2020,10:52:46,20,19.15,3000,21,1000,0,38500
RELIANCE27Feb201660CE.NFO,07/01/2020,10:52:50,20,19.2,3000,21,1000,0,38500
RELIANCE27Feb201660CE.NFO,07/01/2020,10:53:13,20,19.15,3000,21,1000,0,38500
RELIANCE27Feb201660CE.NFO,07/01/2020,10:53:20,20,19.1,3000,21,1000,0,38500
RELIANCE27Feb201660CE.NFO,07/01/2020,10:53:26,20,19,3000,21,1000,0,38500
RELIANCE27Feb201660CE.NFO,07/01/2020,10:53:31,20,19.05,3000,21,1000,0,38500
RELIANCE27Feb201660CE.NFO,07/01/2020,10:53:36,20,19,3000,21,1000,0,38500
RELIANCE27Feb201660CE.NFO,07/01/2020,10:53:48,20,19,3000,20.9,500,0,38500
RELIANCE27Feb201660CE.NFO,07/01/2020,10:53:54,20,18.95,3000,20.9,500,0,38500
RELIANCE27Feb201660CE.NFO,07/01/2020,10:54:01,20,18.8,3000,20.9,500,0,38500
RELIANCE27Feb201660CE.NFO,07/01/2020,10:54:53,20,19.05,3000,21,1000,0,38500
RELIANCE27Feb201660CE.NFO,07/01/2020,10:54:57,20,19.1,3000,21,1000,0,38500
RELIANCE27Feb201660CE.NFO,07/01/2020,10:55:01,20,19,3000,21,1000,0,38500
RELIANCE27Feb201660CE.NFO,07/01/2020,10:55:06,20,19.05,3000,21,1000,0,38500
RELIANCE27Feb201660CE.NFO,07/01/2020,10:55:15,20,19,3000,21,1000,0,38500
RELIANCE27Feb201660CE.NFO,07/01/2020,10:55:19,20,19.05,3000,21,1000,0,38500
RELIANCE27Feb201660CE.NFO,07/01/2020,10:55:28,20,19.05,3000,20.9,500,0,38500
RELIANCE27Feb201660CE.NFO,07/01/2020,10:55:34,20,19.1,3000,20.9,500,0,38500
RELIANCE27Feb201660CE.NFO,07/01/2020,10:55:48,20,19.05,3000,20.9,500,0,38500
RELIANCE27Feb201660CE.NFO,07/01/2020,10:56:19,20,19.05,3000,21,1000,0,38500
RELIANCE27Feb201660CE.NFO,07/01/2020,10:56:23,20,19.05,3000,20.9,500,0,38500
RELIANCE27Feb201660CE.NFO,07/01/2020,10:57:08,20,18.9,3000,20.9,500,0,38500
RELIANCE27Feb201660CE.NFO,07/01/2020,10:57:29,20,18.95,3000,20.9,500,0,38500
RELIANCE27Feb201660CE.NFO,07/01/2020,10:57:57,20,19,3000,20.9,500,0,38500
RELIANCE27Feb201660CE.NFO,07/01/2020,10:58:27,20,18.9,3000,20.9,500,0,38500
RELIANCE27Feb201660CE.NFO,07/01/2020,10:58:38,20,18.85,3500,20.9,500,0,38500
RELIANCE27Feb201660CE.NFO,07/01/2020,10:58:43,20,18.85,500,20.9,500,0,38500
RELIANCE27Feb201660CE.NFO,07/01/2020,10:58:50,20,18.95,500,20.9,500,0,38500
RELIANCE27Feb201660CE.NFO,07/01/2020,10:59:54,20,18.95,500,27.3,9500,0,38500
RELIANCE27Feb201660CE.NFO,07/01/2020,11:00:00,20,18.5,500,25.45,3500,0,38500
RELIANCE27Feb201660CE.NFO,07/01/2020,11:00:05,20,18.35,500,23.65,500,0,38500
RELIANCE27Feb201660CE.NFO,07/01/2020,11:00:12,20,18.4,500,23.75,500,0,38500
RELIANCE27Feb201660CE.NFO,07/01/2020,11:00:19,20,18.4,3500,23.75,500,0,38500
RELIANCE27Feb201660CE.NFO,07/01/2020,11:00:25,20,18.4,3500,23.85,1500,0,38500
RELIANCE27Feb201660CE.NFO,07/01/2020,11:00:32,20,18.4,500,23.65,500,0,38500
RELIANCE27Feb201660CE.NFO,07/01/2020,11:00:39,20,18.35,500,23.6,500,0,38500
RELIANCE27Feb201660CE.NFO,07/01/2020,11:00:46,20,18.35,500,22,500,0,38500
RELIANCE27Feb201660CE.NFO,07/01/2020,11:00:52,20,18.35,500,21.9,500,0,38500
RELIANCE27Feb201660CE.NFO,07/01/2020,11:01:08,20,18.2,500,21.9,500,0,38500
RELIANCE27Feb201660CE.NFO,07/01/2020,11:01:15,20,18.15,1000,21.9,500,0,38500
RELIANCE27Feb201660CE.NFO,07/01/2020,11:01:23,20,18.2,500,21.9,500,0,38500
RELIANCE27Feb201660CE.NFO,07/01/2020,11:08:54,20,18.2,500,22,500,0,38500
RELIANCE27Feb201660CE.NFO,07/01/2020,11:09:18,20,18.2,500,21.9,500,0,38500
RELIANCE27Feb201660CE.NFO,07/01/2020,11:09:49,20,19.05,2500,19.6,2500,0,38500
RELIANCE27Feb201660CE.NFO,07/01/2020,11:09:57,20,17.9,500,21.9,500,0,38500
RELIANCE27Feb201660CE.NFO,07/01/2020,11:10:15,20,17.9,500,22,500,0,38500
RELIANCE27Feb201660CE.NFO,07/01/2020,11:10:25,20,18.9,2500,19.45,2500,0,38500
RELIANCE27Feb201660CE.NFO,07/01/2020,11:10:36,20,18.85,2500,19.45,2500,0,38500
RELIANCE27Feb201660CE.NFO,07/01/2020,11:10:40,20,18.8,2500,19.45,2500,0,38500
RELIANCE27Feb201660CE.NFO,07/01/2020,11:10:47,20,18.75,2500,19.45,2500,0,38500
RELIANCE27Feb201660CE.NFO,07/01/2020,11:11:05,20,18.3,2500,19.15,2500,0,38500
RELIANCE27Feb201660CE.NFO,07/01/2020,11:11:10,20,18.6,2500,19.3,2500,0,38500
RELIANCE27Feb201660CE.NFO,07/01/2020,11:11:15,20,18.55,2500,19.3,2500,0,38500
RELIANCE27Feb201660CE.NFO,07/01/2020,11:11:46,20,18.8,2500,19.35,2500,0,38500
RELIANCE27Feb201660CE.NFO,07/01/2020,11:11:52,20,18.8,2500,19.4,2500,0,38500
RELIANCE27Feb201660CE.NFO,07/01/2020,11:11:58,20,17.55,500,21.95,500,0,38500
RELIANCE27Feb201660CE.NFO,07/01/2020,11:12:07,20,17.65,500,21.9,500,0,38500
RELIANCE27Feb201660CE.NFO,07/01/2020,11:12:33,20,18.9,2500,19.5,2500,0,38500
RELIANCE27Feb201660CE.NFO,07/01/2020,11:12:38,20,18.85,2500,19.5,2500,0,38500
RELIANCE27Feb201660CE.NFO,07/01/2020,11:12:50,20,18.8,2500,19.5,2500,0,38500
RELIANCE27Feb201660CE.NFO,07/01/2020,11:13:00,20,17.55,500,21.9,500,0,38500
RELIANCE27Feb201660CE.NFO,07/01/2020,11:13:21,20,17.65,500,21.9,500,0,38500
RELIANCE27Feb201660CE.NFO,07/01/2020,11:14:16,20,17.65,1000,21.9,500,0,38500
RELIANCE27Feb201660CE.NFO,07/01/2020,11:14:26,20,17.75,1000,21.9,500,0,38500
RELIANCE27Feb201660CE.NFO,07/01/2020,11:14:36,20,17.9,500,21.9,500,0,38500
RELIANCE27Feb201660CE.NFO,07/01/2020,11:17:18,20,18.15,500,21.9,500,0,38500
RELIANCE27Feb201660CE.NFO,07/01/2020,11:18:56,20,18.3,500,21.9,500,0,38500
RELIANCE27Feb201660CE.NFO,07/01/2020,11:19:02,20,18.4,500,21.9,500,0,38500
RELIANCE27Feb201660CE.NFO,07/01/2020,11:20:16,20,18.9,1000,21.9,500,0,38500
RELIANCE27Feb201660CE.NFO,07/01/2020,11:20:22,20,18.9,500,21.9,500,0,38500
RELIANCE27Feb201660CE.NFO,07/01/2020,11:20:26,20,18.9,1000,21.9,500,0,38500
RELIANCE27Feb201660CE.NFO,07/01/2020,11:20:33,20,18.9,500,21.9,500,0,38500
RELIANCE27Feb201660CE.NFO,07/01/2020,11:21:15,20,18.9,1000,21.9,500,0,38500
RELIANCE27Feb201660CE.NFO,07/01/2020,11:21:24,20,18.9,500,21.9,500,0,38500
RELIANCE27Feb201660CE.NFO,07/01/2020,11:23:02,20,18.9,500,22,500,0,38500
RELIANCE27Feb201660CE.NFO,07/01/2020,11:23:22,20,19,500,22,500,0,38500
RELIANCE27Feb201660CE.NFO,07/01/2020,11:23:45,20,19,1000,22,500,0,38500
RELIANCE27Feb201660CE.NFO,07/01/2020,11:23:49,20,19.1,1000,22,500,0,38500
RELIANCE27Feb201660CE.NFO,07/01/2020,11:23:53,20,19.1,500,22,500,0,38500
RELIANCE27Feb201660CE.NFO,07/01/2020,11:23:57,20,19.2,1000,22,500,0,38500
RELIANCE27Feb201660CE.NFO,07/01/2020,11:24:02,20,19.3,500,22,500,0,38500
RELIANCE27Feb201660CE.NFO,07/01/2020,11:24:07,20,19.4,500,22,500,0,38500
RELIANCE27Feb201660CE.NFO,07/01/2020,11:24:21,20,19.4,500,21.9,500,0,38500
RELIANCE27Feb201660CE.NFO,07/01/2020,11:24:26,20,19.5,500,20.9,500,0,38500
RELIANCE27Feb201660CE.NFO,07/01/2020,11:24:40,20,18.95,500,20.9,500,0,38500
RELIANCE27Feb201660CE.NFO,07/01/2020,11:24:44,20,19.1,500,20.9,500,0,38500
RELIANCE27Feb201660CE.NFO,07/01/2020,11:24:49,20,19.55,500,20.9,500,0,38500
RELIANCE27Feb201660CE.NFO,07/01/2020,11:24:54,20,19.55,500,20.5,1000,0,38500
RELIANCE27Feb201660CE.NFO,07/01/2020,11:25:02,20,19.55,1000,20.5,1000,0,38500
RELIANCE27Feb201660CE.NFO,07/01/2020,11:25:07,20,19.55,500,20.5,1000,0,38500
RELIANCE27Feb201660CE.NFO,07/01/2020,11:25:45,20,19.55,1000,20.5,1000,0,38500
RELIANCE27Feb201660CE.NFO,07/01/2020,11:25:50,20,19.55,500,20.5,1000,0,38500
RELIANCE27Feb201660CE.NFO,07/01/2020,11:26:01,20,19.55,500,20.4,500,0,38500
RELIANCE27Feb201660CE.NFO,07/01/2020,11:26:21,20,19.55,500,20.5,1000,0,38500
RELIANCE27Feb201660CE.NFO,07/01/2020,11:27:36,20,19.55,500,20.4,500,0,38500
RELIANCE27Feb201660CE.NFO,07/01/2020,11:27:43,20,19.55,500,20.5,1000,0,38500
RELIANCE27Feb201660CE.NFO,07/01/2020,11:28:13,20,19.55,500,20.4,500,0,38500
RELIANCE27Feb201660CE.NFO,07/01/2020,11:28:17,20,19.55,500,20.5,1000,0,38500
RELIANCE27Feb201660CE.NFO,07/01/2020,11:28:40,20,19.55,500,20.4,500,0,38500
RELIANCE27Feb201660CE.NFO,07/01/2020,11:29:12,20,19.55,500,20.5,1000,0,38500
RELIANCE27Feb201660CE.NFO,07/01/2020,11:31:23,20,19.65,1000,20.5,1000,0,38500
RELIANCE27Feb201660CE.NFO,07/01/2020,11:31:28,20,19.75,500,20.5,1000,0,38500
RELIANCE27Feb201660CE.NFO,07/01/2020,11:31:44,20,19.75,1000,20.5,1000,0,38500
RELIANCE27Feb201660CE.NFO,07/01/2020,11:31:49,20,19.85,500,20.5,1000,0,38500
RELIANCE27Feb201660CE.NFO,07/01/2020,11:32:50,19.85,18.85,500,20.5,1000,500,39500
RELIANCE27Feb201660CE.NFO,07/01/2020,11:32:54,19.85,18.85,500,20.5,1000,0,39500
RELIANCE27Feb201660CE.NFO,07/01/2020,11:32:58,19.85,18.75,500,20.45,500,0,39500
RELIANCE27Feb201660CE.NFO,07/01/2020,11:33:02,19.85,18.8,500,20.45,500,0,39500
RELIANCE27Feb201660CE.NFO,07/01/2020,11:33:12,19.85,18.85,500,20.45,500,0,39500
RELIANCE27Feb201660CE.NFO,07/01/2020,11:33:26,19.85,19.1,500,20.45,500,0,39500
RELIANCE27Feb201660CE.NFO,07/01/2020,11:33:29,19.85,18.9,500,20.45,500,0,39500
RELIANCE27Feb201660CE.NFO,07/01/2020,11:33:32,19.85,18.95,500,20.45,500,0,39500
RELIANCE27Feb201660CE.NFO,07/01/2020,11:33:37,19.85,18.9,500,20.45,500,0,39500
RELIANCE27Feb201660CE.NFO,07/01/2020,11:33:59,19.85,18.95,500,20.45,500,0,39500
RELIANCE27Feb201660CE.NFO,07/01/2020,11:34:20,19.85,19,500,20.45,500,0,39500
RELIANCE27Feb201660CE.NFO,07/01/2020,11:34:32,19.85,19.8,500,20.45,500,0,39500
RELIANCE27Feb201660CE.NFO,07/01/2020,11:34:38,19.85,19.45,500,20.45,500,0,39500
RELIANCE27Feb201660CE.NFO,07/01/2020,11:34:45,19.85,19.25,500,20.45,500,0,39500
RELIANCE27Feb201660CE.NFO,07/01/2020,11:34:51,19.85,19.5,500,20.45,500,0,39500
RELIANCE27Feb201660CE.NFO,07/01/2020,11:34:57,19.85,19.35,500,20.45,500,0,39500
RELIANCE27Feb201660CE.NFO,07/01/2020,11:35:02,19.85,19.6,500,20.45,500,0,39500
RELIANCE27Feb201660CE.NFO,07/01/2020,11:35:09,19.85,19.05,500,20.45,500,0,39500
RELIANCE27Feb201660CE.NFO,07/01/2020,11:35:28,19.85,19.15,500,20.45,500,0,39500
RELIANCE27Feb201660CE.NFO,07/01/2020,11:35:33,19.85,19.6,500,20.45,500,0,39500
RELIANCE27Feb201660CE.NFO,07/01/2020,11:35:39,19.85,19.65,500,20.45,500,0,39500
RELIANCE27Feb201660CE.NFO,07/01/2020,11:35:46,19.85,19.25,500,20.45,500,0,39500
RELIANCE27Feb201660CE.NFO,07/01/2020,11:35:51,19.85,19.6,500,20.5,1000,0,39500
RELIANCE27Feb201660CE.NFO,07/01/2020,11:35:57,19.85,19.7,500,20.45,500,0,39500
RELIANCE27Feb201660CE.NFO,07/01/2020,11:36:02,19.85,19.15,500,20.45,500,0,39500
RELIANCE27Feb201660CE.NFO,07/01/2020,11:36:07,19.85,19.65,500,20.45,500,0,39500
RELIANCE27Feb201660CE.NFO,07/01/2020,11:36:11,19.85,19.35,500,20.45,500,0,39500
RELIANCE27Feb201660CE.NFO,07/01/2020,11:36:14,19.85,19.4,500,20.45,500,0,39500
RELIANCE27Feb201660CE.NFO,07/01/2020,11:36:14,19.85,19.15,500,20.45,500,0,39500
RELIANCE27Feb201660CE.NFO,07/01/2020,11:36:16,19.85,19.35,500,20.45,500,0,39500
RELIANCE27Feb201660CE.NFO,07/01/2020,11:36:16,19.85,19.55,500,20.45,500,0,39500
RELIANCE27Feb201660CE.NFO,07/01/2020,11:36:18,19.85,19.5,500,20.45,500,0,39500
RELIANCE27Feb201660CE.NFO,07/01/2020,11:36:18,19.85,19.45,500,20.45,500,0,39500
RELIANCE27Feb201660CE.NFO,07/01/2020,11:36:19,19.85,19.15,500,20.45,500,0,39500
RELIANCE27Feb201660CE.NFO,07/01/2020,11:36:20,19.85,19.55,500,20.45,500,0,39500
RELIANCE27Feb201660CE.NFO,07/01/2020,11:36:21,19.85,19.25,500,20.45,500,0,39500
RELIANCE27Feb201660CE.NFO,07/01/2020,11:36:22,19.85,19.6,500,20.45,500,0,39500
RELIANCE27Feb201660CE.NFO,07/01/2020,11:36:24,19.85,19.15,500,20.45,500,0,39500
RELIANCE27Feb201660CE.NFO,07/01/2020,11:36:25,19.85,19.5,500,20.45,500,0,39500
RELIANCE27Feb201660CE.NFO,07/01/2020,11:36:27,19.85,19.25,500,20.45,500,0,39500
RELIANCE27Feb201660CE.NFO,07/01/2020,11:36:27,19.85,19.45,500,20.45,500,0,39500
RELIANCE27Feb201660CE.NFO,07/01/2020,11:36:28,19.85,19.5,500,20.45,500,0,39500
RELIANCE27Feb201660CE.NFO,07/01/2020,11:36:29,19.85,19.25,500,20.45,500,0,39500
RELIANCE27Feb201660CE.NFO,07/01/2020,11:36:30,19.85,19.55,500,20.45,500,0,39500
RELIANCE27Feb201660CE.NFO,07/01/2020,11:36:31,19.85,19.15,500,20.45,500,0,39500
RELIANCE27Feb201660CE.NFO,07/01/2020,11:36:32,19.85,19.45,500,20.45,500,0,39500
RELIANCE27Feb201660CE.NFO,07/01/2020,11:36:35,19.85,19.15,500,20.45,500,0,39500
RELIANCE27Feb201660CE.NFO,07/01/2020,11:36:37,19.85,19.35,500,20.45,500,0,39500
RELIANCE27Feb201660CE.NFO,07/01/2020,11:36:39,19.85,19.15,500,20.45,500,0,39500
RELIANCE27Feb201660CE.NFO,07/01/2020,11:36:40,19.85,19.55,500,20.45,500,0,39500
RELIANCE27Feb201660CE.NFO,07/01/2020,11:36:40,19.85,19.35,500,20.45,500,0,39500
RELIANCE27Feb201660CE.NFO,07/01/2020,11:36:41,19.85,19.6,500,20.45,500,0,39500
RELIANCE27Feb201660CE.NFO,07/01/2020,11:36:42,19.85,19.5,500,20.5,1000,0,39500
RELIANCE27Feb201660CE.NFO,07/01/2020,11:36:43,19.85,19.5,500,20.45,500,0,39500
RELIANCE27Feb201660CE.NFO,07/01/2020,11:36:45,19.85,19.25,500,20.45,500,0,39500
RELIANCE27Feb201660CE.NFO,07/01/2020,11:36:45,19.85,19.55,1000,20.45,500,0,39500
RELIANCE27Feb201660CE.NFO,07/01/2020,11:36:46,19.85,19.45,500,20.5,1000,0,39500
RELIANCE27Feb201660CE.NFO,07/01/2020,11:36:47,19.85,19.6,500,20.45,500,0,39500
RELIANCE27Feb201660CE.NFO,07/01/2020,11:36:49,19.85,19.25,500,20.45,500,0,39500
RELIANCE27Feb201660CE.NFO,07/01/2020,11:36:49,19.85,19.45,500,20.45,500,0,39500
RELIANCE27Feb201660CE.NFO,07/01/2020,11:36:50,19.85,19.45,500,20.5,1000,0,39500
RELIANCE27Feb201660CE.NFO,07/01/2020,11:36:52,19.85,19.1,500,20.5,1000,0,39500
RELIANCE27Feb201660CE.NFO,07/01/2020,11:36:53,19.85,19.3,500,20.45,500,0,39500
RELIANCE27Feb201660CE.NFO,07/01/2020,11:36:53,19.85,19.45,500,20.45,500,0,39500
RELIANCE27Feb201660CE.NFO,07/01/2020,11:36:54,19.85,19.55,500,20.45,500,0,39500
RELIANCE27Feb201660CE.NFO,07/01/2020,11:36:56,19.85,19.1,500,20.45,500,0,39500
RELIANCE27Feb201660CE.NFO,07/01/2020,11:36:56,19.85,19.3,500,20.45,500,0,39500
RELIANCE27Feb201660CE.NFO,07/01/2020,11:36:57,19.85,19.55,500,20.45,500,0,39500
RELIANCE27Feb201660CE.NFO,07/01/2020,11:36:58,19.85,19.2,500,20.5,1000,0,39500
RELIANCE27Feb201660CE.NFO,07/01/2020,11:36:59,19.85,19.4,500,20.45,500,0,39500
RELIANCE27Feb201660CE.NFO,07/01/2020,11:37:00,19.85,19.45,500,20.45,500,0,39500
RELIANCE27Feb201660CE.NFO,07/01/2020,11:37:01,19.85,19.3,500,20.45,500,0,39500
RELIANCE27Feb201660CE.NFO,07/01/2020,11:37:03,19.85,19.15,500,20.45,500,0,39500
RELIANCE27Feb201660CE.NFO,07/01/2020,11:37:04,19.85,19.75,500,20.45,500,0,39500
RELIANCE27Feb201660CE.NFO,07/01/2020,11:37:04,19.85,19.3,500,20.5,1000,0,39500
RELIANCE27Feb201660CE.NFO,07/01/2020,11:37:06,19.85,19.65,500,20.45,500,0,39500
RELIANCE27Feb201660CE.NFO,07/01/2020,11:37:06,19.85,19.3,500,20.5,1000,0,39500
RELIANCE27Feb201660CE.NFO,07/01/2020,11:37:07,19.85,19.55,500,20.45,500,0,39500
RELIANCE27Feb201660CE.NFO,07/01/2020,11:37:10,19.85,19.65,500,20.45,500,0,39500
RELIANCE27Feb201660CE.NFO,07/01/2020,11:37:11,19.85,19.45,500,20.45,500,0,39500
RELIANCE27Feb201660CE.NFO,07/01/2020,11:37:12,19.85,19.2,500,20.5,1000,0,39500
RELIANCE27Feb201660CE.NFO,07/01/2020,11:37:13,19.85,19.4,500,20.45,500,0,39500
RELIANCE27Feb201660CE.NFO,07/01/2020,11:37:14,19.85,19.65,500,20.45,500,0,39500
RELIANCE27Feb201660CE.NFO,07/01/2020,11:37:16,19.85,19.2,500,20.5,1000,0,39500
RELIANCE27Feb201660CE.NFO,07/01/2020,11:37:16,19.85,19.3,500,20.45,500,0,39500
RELIANCE27Feb201660CE.NFO,07/01/2020,11:37:17,19.85,19.65,500,20.45,500,0,39500
RELIANCE27Feb201660CE.NFO,07/01/2020,11:37:18,19.85,19.3,500,20.45,500,0,39500
RELIANCE27Feb201660CE.NFO,07/01/2020,11:37:20,19.85,19.6,500,20.45,500,0,39500
RELIANCE27Feb201660CE.NFO,07/01/2020,11:37:21,19.85,19.05,500,20.45,500,0,39500
RELIANCE27Feb201660CE.NFO,07/01/2020,11:37:22,19.85,19.1,500,20.45,500,0,39500
RELIANCE27Feb201660CE.NFO,07/01/2020,11:37:23,19.85,19.25,500,20.45,500,0,39500
RELIANCE27Feb201660CE.NFO,07/01/2020,11:37:24,19.85,19.2,500,20.45,500,0,39500
RELIANCE27Feb201660CE.NFO,07/01/2020,11:37:26,19.85,19.6,500,20.45,500,0,39500
RELIANCE27Feb201660CE.NFO,07/01/2020,11:37:28,19.85,19.45,500,20.5,1000,0,39500
RELIANCE27Feb201660CE.NFO,07/01/2020,11:37:28,19.85,19.55,500,20.45,500,0,39500
RELIANCE27Feb201660CE.NFO,07/01/2020,11:37:30,19.85,19.5,500,20.45,500,0,39500
RELIANCE27Feb201660CE.NFO,07/01/2020,11:37:30,19.85,19.2,500,20.45,500,0,39500
RELIANCE27Feb201660CE.NFO,07/01/2020,11:37:32,19.85,19.1,500,20.45,500,0,39500
RELIANCE27Feb201660CE.NFO,07/01/2020,11:37:33,19.85,19.6,500,20.45,500,0,39500
RELIANCE27Feb201660CE.NFO,07/01/2020,11:37:33,19.85,19.7,500,20.45,500,0,39500
RELIANCE27Feb201660CE.NFO,07/01/2020,11:37:34,19.85,19.3,500,20.45,500,0,39500
RELIANCE27Feb201660CE.NFO,07/01/2020,11:37:35,19.85,19.35,500,20.45,500,0,39500
RELIANCE27Feb201660CE.NFO,07/01/2020,11:37:36,19.85,19.15,500,20.45,500,0,39500
RELIANCE27Feb201660CE.NFO,07/01/2020,11:37:38,19.85,19.25,500,20.45,500,0,39500
RELIANCE27Feb201660CE.NFO,07/01/2020,11:37:39,19.85,19.45,500,20.45,500,0,39500
RELIANCE27Feb201660CE.NFO,07/01/2020,11:37:40,19.85,19.05,500,20.45,500,0,39500
RELIANCE27Feb201660CE.NFO,07/01/2020,11:37:42,19.85,19.2,500,20.45,500,0,39500
RELIANCE27Feb201660CE.NFO,07/01/2020,11:37:43,19.85,19.15,500,20.45,500,0,39500
RELIANCE27Feb201660CE.NFO,07/01/2020,11:37:43,19.85,19.25,500,20.45,500,0,39500
RELIANCE27Feb201660CE.NFO,07/01/2020,11:37:44,19.85,19.35,500,20.45,500,0,39500
RELIANCE27Feb201660CE.NFO,07/01/2020,11:37:45,19.85,19.15,500,20.45,500,0,39500
RELIANCE27Feb201660CE.NFO,07/01/2020,11:37:47,19.85,19.4,500,20.45,500,0,39500
RELIANCE27Feb201660CE.NFO,07/01/2020,11:37:47,19.85,19.35,500,20.45,500,0,39500
RELIANCE27Feb201660CE.NFO,07/01/2020,11:37:48,19.85,19.45,500,20.45,500,0,39500
RELIANCE27Feb201660CE.NFO,07/01/2020,11:37:49,19.85,19.2,500,20.45,500,0,39500
RELIANCE27Feb201660CE.NFO,07/01/2020,11:37:51,19.85,19.3,500,20.45,500,0,39500
RELIANCE27Feb201660CE.NFO,07/01/2020,11:37:52,19.85,19.45,500,20.45,500,0,39500
RELIANCE27Feb201660CE.NFO,07/01/2020,11:37:53,19.85,19.4,500,20.45,500,0,39500
RELIANCE27Feb201660CE.NFO,07/01/2020,11:37:55,19.85,19.3,500,20.45,500,0,39500
RELIANCE27Feb201660CE.NFO,07/01/2020,11:37:56,19.85,19.15,500,20.45,500,0,39500
RELIANCE27Feb201660CE.NFO,07/01/2020,11:37:57,19.85,19,500,20.45,500,0,39500
RELIANCE27Feb201660CE.NFO,07/01/2020,11:37:58,19.85,19.35,500,20.45,500,0,39500
RELIANCE27Feb201660CE.NFO,07/01/2020,11:37:59,19.85,19.3,500,20.45,500,0,39500
RELIANCE27Feb201660CE.NFO,07/01/2020,11:38:00,19.85,19.05,500,20.45,500,0,39500
RELIANCE27Feb201660CE.NFO,07/01/2020,11:38:01,19.85,19.3,500,20.45,500,0,39500
RELIANCE27Feb201660CE.NFO,07/01/2020,11:38:02,19.85,19.1,500,20.45,500,0,39500
RELIANCE27Feb201660CE.NFO,07/01/2020,11:38:03,19.85,19.2,500,20.45,500,0,39500
RELIANCE27Feb201660CE.NFO,07/01/2020,11:38:05,19.85,19,500,20.45,500,0,39500
RELIANCE27Feb201660CE.NFO,07/01/2020,11:38:06,19.85,19.35,500,20.45,500,0,39500
RELIANCE27Feb201660CE.NFO,07/01/2020,11:38:07,19.85,19.1,500,20.45,500,0,39500
RELIANCE27Feb201660CE.NFO,07/01/2020,11:38:09,19.85,19.2,500,20.45,500,0,39500
RELIANCE27Feb201660CE.NFO,07/01/2020,11:38:10,19.85,19.1,500,20.45,500,0,39500
RELIANCE27Feb201660CE.NFO,07/01/2020,11:38:11,19.85,19.35,500,20.45,500,0,39500
RELIANCE27Feb201660CE.NFO,07/01/2020,11:38:12,19.85,19.5,500,20.45,500,0,39500
RELIANCE27Feb201660CE.NFO,07/01/2020,11:38:13,19.85,19.05,500,20.45,500,0,39500
RELIANCE27Feb201660CE.NFO,07/01/2020,11:38:14,19.85,19.45,500,20.45,500,0,39500
RELIANCE27Feb201660CE.NFO,07/01/2020,11:38:16,19.85,19.1,500,20.45,500,0,39500
RELIANCE27Feb201660CE.NFO,07/01/2020,11:38:16,19.85,19.5,500,20.45,500,0,39500
RELIANCE27Feb201660CE.NFO,07/01/2020,11:38:17,19.85,19.1,500,20.45,500,0,39500
RELIANCE27Feb201660CE.NFO,07/01/2020,11:38:20,19.85,19.25,500,20.45,500,0,39500
RELIANCE27Feb201660CE.NFO,07/01/2020,11:38:21,19.85,19.4,500,20.45,500,0,39500
RELIANCE27Feb201660CE.NFO,07/01/2020,11:38:23,19.85,19.1,500,20.45,500,0,39500
RELIANCE27Feb201660CE.NFO,07/01/2020,11:38:23,19.85,19.45,500,20.45,500,0,39500
RELIANCE27Feb201660CE.NFO,07/01/2020,11:38:24,19.85,19.4,500,20.45,500,0,39500
RELIANCE27Feb201660CE.NFO,07/01/2020,11:38:25,19.85,19.55,500,20.45,500,0,39500
RELIANCE27Feb201660CE.NFO,07/01/2020,11:38:26,19.85,19.6,500,20.45,500,0,39500
RELIANCE27Feb201660CE.NFO,07/01/2020,11:38:27,19.85,19.45,500,20.45,500,0,39500
RELIANCE27Feb201660CE.NFO,07/01/2020,11:38:28,19.85,19.2,500,20.45,500,0,39500
RELIANCE27Feb201660CE.NFO,07/01/2020,11:38:29,19.85,19.1,500,20.45,500,0,39500
RELIANCE27Feb201660CE.NFO,07/01/2020,11:38:30,19.85,19.2,500,20.45,500,0,39500
RELIANCE27Feb201660CE.NFO,07/01/2020,11:38:31,19.85,19,500,20.45,500,0,39500
RELIANCE27Feb201660CE.NFO,07/01/2020,11:38:34,19.85,19.25,500,20.45,500,0,39500
RELIANCE27Feb201660CE.NFO,07/01/2020,11:38:34,19.85,19.45,500,20.45,500,0,39500
RELIANCE27Feb201660CE.NFO,07/01/2020,11:38:35,19.85,19.4,500,20.45,500,0,39500
RELIANCE27Feb201660CE.NFO,07/01/2020,11:38:36,19.85,19,500,20.45,500,0,39500
RELIANCE27Feb201660CE.NFO,07/01/2020,11:38:37,19.85,19.4,500,20.45,500,0,39500
RELIANCE27Feb201660CE.NFO,07/01/2020,11:38:38,19.85,19.3,500,20.45,500,0,39500
RELIANCE27Feb201660CE.NFO,07/01/2020,11:38:39,19.85,19.5,500,20.45,500,0,39500
RELIANCE27Feb201660CE.NFO,07/01/2020,11:38:40,19.85,19.4,500,20.45,500,0,39500
RELIANCE27Feb201660CE.NFO,07/01/2020,11:38:41,19.85,18.95,500,20.45,500,0,39500
RELIANCE27Feb201660CE.NFO,07/01/2020,11:38:42,19.85,19.2,500,20.45,500,0,39500
RELIANCE27Feb201660CE.NFO,07/01/2020,11:38:43,19.85,19.35,500,20.45,500,0,39500
RELIANCE27Feb201660CE.NFO,07/01/2020,11:38:46,19.85,19.2,500,20.45,500,0,39500
RELIANCE27Feb201660CE.NFO,07/01/2020,11:38:47,19.85,19.45,500,20.45,500,0,39500
RELIANCE27Feb201660CE.NFO,07/01/2020,11:38:49,19.85,19.1,500,20.45,500,0,39500
RELIANCE27Feb201660CE.NFO,07/01/2020,11:38:49,19.85,19.3,500,20.45,500,0,39500
RELIANCE27Feb201660CE.NFO,07/01/2020,11:38:50,19.85,19.05,500,20.45,500,0,39500
RELIANCE27Feb201660CE.NFO,07/01/2020,11:38:51,19.85,19.15,500,20.45,500,0,39500
RELIANCE27Feb201660CE.NFO,07/01/2020,11:38:52,19.85,19.25,500,20.45,500,0,39500
RELIANCE27Feb201660CE.NFO,07/01/2020,11:38:53,19.85,19.35,500,20.45,500,0,39500
RELIANCE27Feb201660CE.NFO,07/01/2020,11:38:55,19.85,18.95,500,20.45,500,0,39500
RELIANCE27Feb201660CE.NFO,07/01/2020,11:38:56,19.85,19.1,500,20.45,500,0,39500
RELIANCE27Feb201660CE.NFO,07/01/2020,11:38:57,19.85,19.35,500,20.45,500,0,39500
RELIANCE27Feb201660CE.NFO,07/01/2020,11:38:59,19.85,19.3,500,20.45,500,0,39500
RELIANCE27Feb201660CE.NFO,07/01/2020,11:39:00,19.85,19.1,500,20.45,500,0,39500
RELIANCE27Feb201660CE.NFO,07/01/2020,11:39:01,19.85,19.2,500,20.45,500,0,39500
RELIANCE27Feb201660CE.NFO,07/01/2020,11:39:03,19.85,19.35,500,20.45,500,0,39500
RELIANCE27Feb201660CE.NFO,07/01/2020,11:39:03,19.85,19.1,500,20.45,500,0,39500
RELIANCE27Feb201660CE.NFO,07/01/2020,11:39:04,19.85,18.95,500,20.45,500,0,39500
RELIANCE27Feb201660CE.NFO,07/01/2020,11:39:05,19.85,19.25,500,20.45,500,0,39500
RELIANCE27Feb201660CE.NFO,07/01/2020,11:39:07,19.85,19.1,500,20.45,500,0,39500
RELIANCE27Feb201660CE.NFO,07/01/2020,11:39:08,19.85,19.25,500,20.45,500,0,39500
RELIANCE27Feb201660CE.NFO,07/01/2020,11:39:09,19.85,19.45,500,20.45,500,0,39500
RELIANCE27Feb201660CE.NFO,07/01/2020,11:39:10,19.85,18.95,500,20.45,500,0,39500
RELIANCE27Feb201660CE.NFO,07/01/2020,11:39:12,19.85,19.4,500,20.45,500,0,39500
RELIANCE27Feb201660CE.NFO,07/01/2020,11:39:13,19.85,19,500,20.45,500,0,39500
RELIANCE27Feb201660CE.NFO,07/01/2020,11:39:14,19.85,19.2,500,20.45,500,0,39500
RELIANCE27Feb201660CE.NFO,07/01/2020,11:39:15,19.85,19.45,500,20.45,500,0,39500
RELIANCE27Feb201660CE.NFO,07/01/2020,11:39:16,19.85,19,500,20.45,500,0,39500
RELIANCE27Feb201660CE.NFO,07/01/2020,11:39:18,19.85,19.15,500,20.45,500,0,39500
RELIANCE27Feb201660CE.NFO,07/01/2020,11:39:18,19.85,18.95,500,20.45,500,0,39500
RELIANCE27Feb201660CE.NFO,07/01/2020,11:39:20,19.85,19.1,500,20.45,500,0,39500
RELIANCE27Feb201660CE.NFO,07/01/2020,11:39:21,19.85,19.5,500,20.45,500,0,39500
RELIANCE27Feb201660CE.NFO,07/01/2020,11:39:22,19.85,19.1,500,20.45,500,0,39500
RELIANCE27Feb201660CE.NFO,07/01/2020,11:39:22,19.85,19.25,500,20.45,500,0,39500
RELIANCE27Feb201660CE.NFO,07/01/2020,11:39:24,19.85,19.2,500,20.45,500,0,39500
RELIANCE27Feb201660CE.NFO,07/01/2020,11:39:24,19.85,19.4,500,20.45,500,0,39500
RELIANCE27Feb201660CE.NFO,07/01/2020,11:39:25,19.85,19.35,500,20.45,500,0,39500
RELIANCE27Feb201660CE.NFO,07/01/2020,11:39:26,19.85,19.1,500,20.45,500,0,39500
RELIANCE27Feb201660CE.NFO,07/01/2020,11:39:27,19.85,19.5,500,20.45,500,0,39500
RELIANCE27Feb201660CE.NFO,07/01/2020,11:39:28,19.85,19.2,500,20.5,1000,0,39500
RELIANCE27Feb201660CE.NFO,07/01/2020,11:39:29,19.85,19.25,500,20.45,500,0,39500
RELIANCE27Feb201660CE.NFO,07/01/2020,11:39:30,19.85,19.2,500,20.45,500,0,39500
RELIANCE27Feb201660CE.NFO,07/01/2020,11:39:31,19.85,19.1,500,20.45,500,0,39500
RELIANCE27Feb201660CE.NFO,07/01/2020,11:39:32,19.85,18.95,500,20.45,500,0,39500
RELIANCE27Feb201660CE.NFO,07/01/2020,11:39:33,19.85,19.5,500,20.45,500,0,39500
RELIANCE27Feb201660CE.NFO,07/01/2020,11:39:34,19.85,19.35,500,20.45,500,0,39500
RELIANCE27Feb201660CE.NFO,07/01/2020,11:39:35,19.85,19.3,500,20.45,500,0,39500
RELIANCE27Feb201660CE.NFO,07/01/2020,11:39:36,19.85,19.4,500,20.45,500,0,39500
RELIANCE27Feb201660CE.NFO,07/01/2020,11:39:37,19.85,19.05,500,20.45,500,0,39500
RELIANCE27Feb201660CE.NFO,07/01/2020,11:39:39,19.85,19.1,500,20.45,500,0,39500
RELIANCE27Feb201660CE.NFO,07/01/2020,11:39:40,19.85,19.4,500,20.45,500,0,39500
RELIANCE27Feb201660CE.NFO,07/01/2020,11:39:42,19.85,19.1,500,20.45,500,0,39500
RELIANCE27Feb201660CE.NFO,07/01/2020,11:39:42,19.85,18.95,500,20.45,500,0,39500
RELIANCE27Feb201660CE.NFO,07/01/2020,11:39:43,19.85,19.2,500,20.45,500,0,39500
RELIANCE27Feb201660CE.NFO,07/01/2020,11:39:45,19.85,19.35,500,20.45,500,0,39500
RELIANCE27Feb201660CE.NFO,07/01/2020,11:39:45,19.85,19.1,500,20.45,500,0,39500
RELIANCE27Feb201660CE.NFO,07/01/2020,11:39:46,19.85,19.35,500,20.45,500,0,39500
RELIANCE27Feb201660CE.NFO,07/01/2020,11:39:47,19.85,19.2,500,20.45,500,0,39500
RELIANCE27Feb201660CE.NFO,07/01/2020,11:39:48,19.85,19.4,1000,20.45,500,0,39500
RELIANCE27Feb201660CE.NFO,07/01/2020,11:39:49,19.85,19.3,500,20.45,500,0,39500
RELIANCE27Feb201660CE.NFO,07/01/2020,11:39:50,19.85,19.5,500,20.45,500,0,39500
RELIANCE27Feb201660CE.NFO,07/01/2020,11:39:51,19.85,19.2,500,20.45,500,0,39500
RELIANCE27Feb201660CE.NFO,07/01/2020,11:39:52,19.85,19.55,500,20.45,500,0,39500
RELIANCE27Feb201660CE.NFO,07/01/2020,11:39:54,19.85,19.3,500,20.45,500,0,39500
RELIANCE27Feb201660CE.NFO,07/01/2020,11:39:55,19.85,19.4,500,20.45,500,0,39500
RELIANCE27Feb201660CE.NFO,07/01/2020,11:39:56,19.85,19.3,500,20.45,500,0,39500
RELIANCE27Feb201660CE.NFO,07/01/2020,11:39:57,19.85,19.5,500,20.45,500,0,39500
RELIANCE27Feb201660CE.NFO,07/01/2020,11:39:59,19.85,19,500,20.45,500,0,39500
RELIANCE27Feb201660CE.NFO,07/01/2020,11:39:59,19.85,19.35,500,20.45,500,0,39500
RELIANCE27Feb201660CE.NFO,07/01/2020,11:40:01,19.85,19.1,500,20.45,500,0,39500
RELIANCE27Feb201660CE.NFO,07/01/2020,11:40:01,19.85,19.3,500,20.45,500,0,39500
RELIANCE27Feb201660CE.NFO,07/01/2020,11:40:02,19.85,19.4,500,20.45,500,0,39500
RELIANCE27Feb201660CE.NFO,07/01/2020,11:40:03,19.85,19,500,20.45,500,0,39500
RELIANCE27Feb201660CE.NFO,07/01/2020,11:40:06,19.85,19.5,500,20.45,500,0,39500
RELIANCE27Feb201660CE.NFO,07/01/2020,11:40:06,19.85,18.95,500,20.45,500,0,39500
RELIANCE27Feb201660CE.NFO,07/01/2020,11:40:08,19.85,19.25,500,20.45,500,0,39500
RELIANCE27Feb201660CE.NFO,07/01/2020,11:40:08,19.85,19,500,20.45,500,0,39500
RELIANCE27Feb201660CE.NFO,07/01/2020,11:40:10,19.85,19.3,500,20.45,500,0,39500
RELIANCE27Feb201660CE.NFO,07/01/2020,11:40:13,19.85,19.15,500,20.45,500,0,39500
RELIANCE27Feb201660CE.NFO,07/01/2020,11:40:14,19.85,19.3,500,20.45,500,0,39500
RELIANCE27Feb201660CE.NFO,07/01/2020,11:40:15,19.85,19.35,500,20.45,500,0,39500
RELIANCE27Feb201660CE.NFO,07/01/2020,11:40:16,19.85,19,500,20.45,500,0,39500
RELIANCE27Feb201660CE.NFO,07/01/2020,11:40:18,19.85,19.1,500,20.45,500,0,39500
RELIANCE27Feb201660CE.NFO,07/01/2020,11:40:18,19.85,19.3,500,20.45,500,0,39500
RELIANCE27Feb201660CE.NFO,07/01/2020,11:40:19,19.85,19.15,500,20.45,500,0,39500
RELIANCE27Feb201660CE.NFO,07/01/2020,11:40:20,19.85,19.35,500,20.45,500,0,39500
RELIANCE27Feb201660CE.NFO,07/01/2020,11:40:23,19.85,19.3,500,20.45,500,0,39500
RELIANCE27Feb201660CE.NFO,07/01/2020,11:40:23,19.85,19,500,20.45,500,0,39500
RELIANCE27Feb201660CE.NFO,07/01/2020,11:40:25,19.85,19.35,500,20.45,500,0,39500
RELIANCE27Feb201660CE.NFO,07/01/2020,11:40:26,19.85,19.15,500,20.45,500,0,39500
RELIANCE27Feb201660CE.NFO,07/01/2020,11:40:27,19.85,19.3,500,20.45,500,0,39500
RELIANCE27Feb201660CE.NFO,07/01/2020,11:40:29,19.85,19.45,500,20.45,500,0,39500
RELIANCE27Feb201660CE.NFO,07/01/2020,11:40:30,19.85,19.1,500,20.45,500,0,39500
RELIANCE27Feb201660CE.NFO,07/01/2020,11:40:31,19.85,19.4,500,20.45,500,0,39500
RELIANCE27Feb201660CE.NFO,07/01/2020,11:40:33,19.85,19.35,500,20.45,500,0,39500
RELIANCE27Feb201660CE.NFO,07/01/2020,11:40:33,19.85,19.1,500,20.45,500,0,39500
RELIANCE27Feb201660CE.NFO,07/01/2020,11:40:34,19.85,19.3,500,20.45,500,0,39500
RELIANCE27Feb201660CE.NFO,07/01/2020,11:40:35,19.85,19.1,500,20.45,500,0,39500
RELIANCE27Feb201660CE.NFO,07/01/2020,11:40:36,19.85,19.4,500,20.45,500,0,39500
RELIANCE27Feb201660CE.NFO,07/01/2020,11:40:37,19.85,19,500,20.45,500,0,39500
RELIANCE27Feb201660CE.NFO,07/01/2020,11:40:38,19.85,19.3,500,20.45,500,0,39500
RELIANCE27Feb201660CE.NFO,07/01/2020,11:40:40,19.85,19.05,500,20.45,500,0,39500
RELIANCE27Feb201660CE.NFO,07/01/2020,11:40:41,19.85,19.15,500,20.45,500,0,39500
RELIANCE27Feb201660CE.NFO,07/01/2020,11:40:42,19.85,19.3,500,20.45,500,0,39500
RELIANCE27Feb201660CE.NFO,07/01/2020,11:40:43,19.85,19,500,20.45,500,0,39500
RELIANCE27Feb201660CE.NFO,07/01/2020,11:40:44,19.85,19.1,500,20.45,500,0,39500
RELIANCE27Feb201660CE.NFO,07/01/2020,11:40:45,19.85,19.35,500,20.45,500,0,39500
RELIANCE27Feb201660CE.NFO,07/01/2020,11:40:47,19.85,19.15,500,20.45,500,0,39500
RELIANCE27Feb201660CE.NFO,07/01/2020,11:40:48,19.85,18.95,500,20.45,500,0,39500
RELIANCE27Feb201660CE.NFO,07/01/2020,11:40:49,19.85,19.05,500,20.45,500,0,39500
RELIANCE27Feb201660CE.NFO,07/01/2020,11:40:50,19.85,19.2,500,20.45,500,0,39500
RELIANCE27Feb201660CE.NFO,07/01/2020,11:40:51,19.85,19.1,500,20.45,500,0,39500
RELIANCE27Feb201660CE.NFO,07/01/2020,11:40:53,19.85,19.4,500,20.45,500,0,39500
RELIANCE27Feb201660CE.NFO,07/01/2020,11:40:54,19.85,19.15,500,20.45,500,0,39500
RELIANCE27Feb201660CE.NFO,07/01/2020,11:40:54,19.85,19.1,500,20.45,500,0,39500
RELIANCE27Feb201660CE.NFO,07/01/2020,11:40:55,19.85,19.2,500,20.45,500,0,39500
RELIANCE27Feb201660CE.NFO,07/01/2020,11:40:56,19.85,19.45,500,20.45,500,0,39500
RELIANCE27Feb201660CE.NFO,07/01/2020,11:41:00,19.85,19.1,500,20.45,500,0,39500
RELIANCE27Feb201660CE.NFO,07/01/2020,11:41:00,19.85,19.2,500,20.45,500,0,39500
RELIANCE27Feb201660CE.NFO,07/01/2020,11:41:01,19.85,18.95,500,20.45,500,0,39500
RELIANCE27Feb201660CE.NFO,07/01/2020,11:41:02,19.85,19.3,500,20.45,500,0,39500
RELIANCE27Feb201660CE.NFO,07/01/2020,11:41:03,19.85,19.2,500,20.45,500,0,39500
RELIANCE27Feb201660CE.NFO,07/01/2020,11:41:04,19.85,19.4,500,20.45,500,0,39500
RELIANCE27Feb201660CE.NFO,07/01/2020,11:41:06,19.85,19.45,500,20.45,500,0,39500
RELIANCE27Feb201660CE.NFO,07/01/2020,11:41:07,19.85,18.95,500,20.45,500,0,39500
RELIANCE27Feb201660CE.NFO,07/01/2020,11:41:07,19.85,19.4,500,20.45,500,0,39500
RELIANCE27Feb201660CE.NFO,07/01/2020,11:41:08,19.85,19,500,20.45,500,0,39500
RELIANCE27Feb201660CE.NFO,07/01/2020,11:41:09,19.85,18.95,500,20.45,500,0,39500
RELIANCE27Feb201660CE.NFO,07/01/2020,11:41:10,19.85,19.45,500,20.45,500,0,39500
RELIANCE27Feb201660CE.NFO,07/01/2020,11:41:11,19.85,19.2,500,20.45,500,0,39500
RELIANCE27Feb201660CE.NFO,07/01/2020,11:41:14,19.85,19.35,500,20.45,500,0,39500
RELIANCE27Feb201660CE.NFO,07/01/2020,11:41:15,19.85,19.25,500,20.45,500,0,39500
RELIANCE27Feb201660CE.NFO,07/01/2020,11:41:16,19.85,19,500,20.45,500,0,39500
RELIANCE27Feb201660CE.NFO,07/01/2020,11:41:17,19.85,19.25,500,20.45,500,0,39500
RELIANCE27Feb201660CE.NFO,07/01/2020,11:41:18,19.85,19.35,500,20.45,500,0,39500
RELIANCE27Feb201660CE.NFO,07/01/2020,11:41:20,19.85,19.2,500,20.45,500,0,39500
RELIANCE27Feb201660CE.NFO,07/01/2020,11:41:22,19.85,19.05,500,20.45,500,0,39500
RELIANCE27Feb201660CE.NFO,07/01/2020,11:41:22,19.85,19.25,500,20.45,500,0,39500
RELIANCE27Feb201660CE.NFO,07/01/2020,11:41:23,19.85,19.1,500,20.45,500,0,39500
RELIANCE27Feb201660CE.NFO,07/01/2020,11:41:24,19.85,19.35,500,20.45,500,0,39500
RELIANCE27Feb201660CE.NFO,07/01/2020,11:41:25,19.85,19.1,500,20.45,500,0,39500
RELIANCE27Feb201660CE.NFO,07/01/2020,11:41:26,19.85,19.2,500,20.45,500,0,39500
RELIANCE27Feb201660CE.NFO,07/01/2020,11:41:28,19.85,19,500,20.45,500,0,39500
RELIANCE27Feb201660CE.NFO,07/01/2020,11:41:29,19.85,19.35,500,20.45,500,0,39500
RELIANCE27Feb201660CE.NFO,07/01/2020,11:41:30,19.85,19.2,500,20.45,500,0,39500
RELIANCE27Feb201660CE.NFO,07/01/2020,11:41:31,19.85,19,500,20.45,500,0,39500
RELIANCE27Feb201660CE.NFO,07/01/2020,11:41:32,19.85,19.4,500,20.45,500,0,39500
RELIANCE27Feb201660CE.NFO,07/01/2020,11:41:33,19.85,19.2,500,20.45,500,0,39500
RELIANCE27Feb201660CE.NFO,07/01/2020,11:41:34,19.85,19.35,500,20.45,500,0,39500
RELIANCE27Feb201660CE.NFO,07/01/2020,11:41:36,19.85,19,500,20.45,500,0,39500
RELIANCE27Feb201660CE.NFO,07/01/2020,11:41:36,19.85,19.15,500,20.45,500,0,39500
RELIANCE27Feb201660CE.NFO,07/01/2020,11:41:37,19.85,19.1,500,20.45,500,0,39500
RELIANCE27Feb201660CE.NFO,07/01/2020,11:41:38,19.85,19.25,500,20.45,500,0,39500
RELIANCE27Feb201660CE.NFO,07/01/2020,11:41:39,19.85,19,500,20.45,500,0,39500
RELIANCE27Feb201660CE.NFO,07/01/2020,11:41:40,19.85,19.2,500,20.45,500,0,39500
RELIANCE27Feb201660CE.NFO,07/01/2020,11:41:41,19.85,19.05,500,20.45,500,0,39500
RELIANCE27Feb201660CE.NFO,07/01/2020,11:41:43,19.85,19.25,500,20.45,500,0,39500
RELIANCE27Feb201660CE.NFO,07/01/2020,11:41:44,19.85,19.2,500,20.45,500,0,39500
RELIANCE27Feb201660CE.NFO,07/01/2020,11:41:45,19.85,19.25,500,20.45,500,0,39500
RELIANCE27Feb201660CE.NFO,07/01/2020,11:41:47,19.85,19.2,500,20.45,500,0,39500
RELIANCE27Feb201660CE.NFO,07/01/2020,11:41:49,19.85,19.1,500,20.45,500,0,39500
RELIANCE27Feb201660CE.NFO,07/01/2020,11:41:50,19.85,19.3,500,20.45,500,0,39500
RELIANCE27Feb201660CE.NFO,07/01/2020,11:41:51,19.85,19.25,500,20.45,500,0,39500
RELIANCE27Feb201660CE.NFO,07/01/2020,11:41:52,19.85,19.2,500,20.45,500,0,39500
RELIANCE27Feb201660CE.NFO,07/01/2020,11:41:53,19.85,19.1,500,20.45,500,0,39500
RELIANCE27Feb201660CE.NFO,07/01/2020,11:41:54,19.85,19.25,500,20.45,500,0,39500
RELIANCE27Feb201660CE.NFO,07/01/2020,11:41:56,19.85,18.95,500,20.45,500,0,39500
RELIANCE27Feb201660CE.NFO,07/01/2020,11:41:56,19.85,19.25,500,20.45,500,0,39500
RELIANCE27Feb201660CE.NFO,07/01/2020,11:41:57,19.85,18.75,500,20.45,500,0,39500
RELIANCE27Feb201660CE.NFO,07/01/2020,11:41:58,19.85,18.95,500,20.35,500,0,39500
RELIANCE27Feb201660CE.NFO,07/01/2020,11:41:59,19.85,18.7,500,21.25,500,0,39500
RELIANCE27Feb201660CE.NFO,07/01/2020,11:42:00,19.85,18.95,500,21.85,500,0,39500
RELIANCE27Feb201660CE.NFO,07/01/2020,11:42:01,19.85,18.85,500,21.25,500,0,39500
RELIANCE27Feb201660CE.NFO,07/01/2020,11:42:02,19.85,18.8,500,20.55,500,0,39500
RELIANCE27Feb201660CE.NFO,07/01/2020,11:42:03,19.85,19.05,500,21.25,500,0,39500
RELIANCE27Feb201660CE.NFO,07/01/2020,11:42:04,19.85,19.05,500,21.85,500,0,39500
RELIANCE27Feb201660CE.NFO,07/01/2020,11:42:06,19.85,18.85,500,20.95,500,0,39500
RELIANCE27Feb201660CE.NFO,07/01/2020,11:42:06,19.85,18.9,500,20.55,500,0,39500
RELIANCE27Feb201660CE.NFO,07/01/2020,11:42:07,19.85,19,500,21.25,500,0,39500
RELIANCE27Feb201660CE.NFO,07/01/2020,11:42:08,19.85,19.1,500,21.7,500,0,39500
RELIANCE27Feb201660CE.NFO,07/01/2020,11:42:09,19.85,19.25,500,20.95,500,0,39500
RELIANCE27Feb201660CE.NFO,07/01/2020,11:42:10,19.85,19.25,500,21.7,500,0,39500
RELIANCE27Feb201660CE.NFO,07/01/2020,11:42:11,19.85,18.75,500,21.1,500,0,39500
RELIANCE27Feb201660CE.NFO,07/01/2020,11:42:12,19.85,19.05,500,20.55,500,0,39500
RELIANCE27Feb201660CE.NFO,07/01/2020,11:42:14,19.85,19.15,500,21.1,500,0,39500
RELIANCE27Feb201660CE.NFO,07/01/2020,11:42:14,19.85,18.75,500,21.85,500,0,39500
RELIANCE27Feb201660CE.NFO,07/01/2020,11:42:16,19.85,19,500,21.1,500,0,39500
RELIANCE27Feb201660CE.NFO,07/01/2020,11:42:17,19.85,19.05,500,21.7,500,0,39500
RELIANCE27Feb201660CE.NFO,07/01/2020,11:42:17,19.85,18.95,500,21.4,500,0,39500
RELIANCE27Feb201660CE.NFO,07/01/2020,11:42:18,19.85,18.95,500,20.8,500,0,39500
RELIANCE27Feb201660CE.NFO,07/01/2020,11:42:19,19.85,18.85,500,21.4,500,0,39500
RELIANCE27Feb201660CE.NFO,07/01/2020,11:42:20,19.85,18.85,500,20.7,500,0,39500
RELIANCE27Feb201660CE.NFO,07/01/2020,11:42:21,19.85,18.75,500,21.4,500,0,39500
RELIANCE27Feb201660CE.NFO,07/01/2020,11:42:22,19.85,18.95,500,20.7,500,0,39500
RELIANCE27Feb201660CE.NFO,07/01/2020,11:42:23,19.85,18.9,500,21.25,500,0,39500
RELIANCE27Feb201660CE.NFO,07/01/2020,11:42:24,19.85,19.05,500,21.85,500,0,39500
RELIANCE27Feb201660CE.NFO,07/01/2020,11:42:26,19.85,18.85,500,21.25,500,0,39500
RELIANCE27Feb201660CE.NFO,07/01/2020,11:42:26,19.85,19.1,500,20.95,500,0,39500
RELIANCE27Feb201660CE.NFO,07/01/2020,11:42:27,19.85,18.95,500,21.7,500,0,39500
RELIANCE27Feb201660CE.NFO,07/01/2020,11:42:28,19.85,19.1,500,21.1,500,0,39500
RELIANCE27Feb201660CE.NFO,07/01/2020,11:42:29,19.85,18.8,500,20.65,500,0,39500
RELIANCE27Feb201660CE.NFO,07/01/2020,11:42:30,19.85,18.7,500,21.4,500,0,39500
RELIANCE27Feb201660CE.NFO,07/01/2020,11:42:31,19.85,18.6,500,20.85,500,0,39500
RELIANCE27Feb201660CE.NFO,07/01/2020,11:42:32,19.85,18.8,500,21.4,500,0,39500
RELIANCE27Feb201660CE.NFO,07/01/2020,11:42:33,19.85,19.25,500,20.8,500,0,39500
RELIANCE27Feb201660CE.NFO,07/01/2020,11:42:34,19.85,19.1,500,21.85,500,0,39500
RELIANCE27Feb201660CE.NFO,07/01/2020,11:42:36,19.85,18.6,500,21.25,500,0,39500
RELIANCE27Feb201660CE.NFO,07/01/2020,11:42:36,19.85,18.9,500,20.8,500,0,39500
RELIANCE27Feb201660CE.NFO,07/01/2020,11:42:37,19.85,19.1,500,21.7,500,0,39500
RELIANCE27Feb201660CE.NFO,07/01/2020,11:42:38,19.85,18.7,500,21.25,500,0,39500
RELIANCE27Feb201660CE.NFO,07/01/2020,11:42:39,19.85,18.8,500,20.7,500,0,39500
RELIANCE27Feb201660CE.NFO,07/01/2020,11:42:40,19.85,19.3,500,21.55,500,0,39500
RELIANCE27Feb201660CE.NFO,07/01/2020,11:42:41,19.85,18.85,500,20.95,500,0,39500
RELIANCE27Feb201660CE.NFO,07/01/2020,11:42:43,19.85,18.65,500,21.7,500,0,39500
RELIANCE27Feb201660CE.NFO,07/01/2020,11:42:43,19.85,18.8,500,21.4,500,0,39500
RELIANCE27Feb201660CE.NFO,07/01/2020,11:42:44,19.85,18.95,500,20.8,500,0,39500
RELIANCE27Feb201660CE.NFO,07/01/2020,11:42:45,19.85,18.65,500,21.85,500,0,39500
RELIANCE27Feb201660CE.NFO,07/01/2020,11:42:46,19.85,18.95,500,21.25,500,0,39500
RELIANCE27Feb201660CE.NFO,07/01/2020,11:42:47,19.85,19,1000,20.55,500,0,39500
RELIANCE27Feb201660CE.NFO,07/01/2020,11:42:48,19.85,18.6,500,21.4,500,0,39500
RELIANCE27Feb201660CE.NFO,07/01/2020,11:42:49,19.85,19.1,500,20.95,500,0,39500
RELIANCE27Feb201660CE.NFO,07/01/2020,11:42:51,19.85,18.85,500,21.7,500,0,39500
RELIANCE27Feb201660CE.NFO,07/01/2020,11:42:52,19.85,18.6,500,21.1,500,0,39500
RELIANCE27Feb201660CE.NFO,07/01/2020,11:42:52,19.85,18.75,500,20.8,500,0,39500
RELIANCE27Feb201660CE.NFO,07/01/2020,11:42:53,19.85,18.8,500,21.55,500,0,39500
RELIANCE27Feb201660CE.NFO,07/01/2020,11:42:54,19.85,19.05,500,20.8,500,0,39500
RELIANCE27Feb201660CE.NFO,07/01/2020,11:42:55,19.85,19.05,500,21.85,500,0,39500
RELIANCE27Feb201660CE.NFO,07/01/2020,11:42:56,19.85,19.05,500,21.25,500,0,39500
RELIANCE27Feb201660CE.NFO,07/01/2020,11:42:57,19.85,19,500,20.65,500,0,39500
RELIANCE27Feb201660CE.NFO,07/01/2020,11:42:58,19.85,19,500,21.7,500,0,39500
RELIANCE27Feb201660CE.NFO,07/01/2020,11:43:00,19.85,18.5,500,20.8,500,0,39500
RELIANCE27Feb201660CE.NFO,07/01/2020,11:43:01,19.85,18.95,500,21.25,500,0,39500
RELIANCE27Feb201660CE.NFO,07/01/2020,11:43:02,19.85,18.65,500,20.65,500,0,39500
RELIANCE27Feb201660CE.NFO,07/01/2020,11:43:03,19.85,18.75,500,21.25,500,0,39500
RELIANCE27Feb201660CE.NFO,07/01/2020,11:43:04,19.85,18.8,500,20.65,500,0,39500
RELIANCE27Feb201660CE.NFO,07/01/2020,11:43:05,19.85,18.65,500,21.85,500,0,39500
RELIANCE27Feb201660CE.NFO,07/01/2020,11:43:06,19.85,18.9,500,21.25,500,0,39500
RELIANCE27Feb201660CE.NFO,07/01/2020,11:43:08,19.85,18.95,500,21.85,500,0,39500
RELIANCE27Feb201660CE.NFO,07/01/2020,11:43:08,19.85,18.5,500,21.55,500,0,39500
RELIANCE27Feb201660CE.NFO,07/01/2020,11:43:09,19.85,18.55,500,20.95,500,0,39500
RELIANCE27Feb201660CE.NFO,07/01/2020,11:43:10,19.85,18.7,500,21.85,500,0,39500
RELIANCE27Feb201660CE.NFO,07/01/2020,11:43:11,19.85,18.45,500,21.25,500,0,39500
RELIANCE27Feb201660CE.NFO,07/01/2020,11:43:12,19.85,18.9,500,20.65,500,0,39500
RELIANCE27Feb201660CE.NFO,07/01/2020,11:43:13,19.85,18.7,500,21.7,500,0,39500
RELIANCE27Feb201660CE.NFO,07/01/2020,11:43:14,19.85,18.6,500,21.1,500,0,39500
RELIANCE27Feb201660CE.NFO,07/01/2020,11:43:16,19.85,18.8,500,20.4,500,0,39500
RELIANCE27Feb201660CE.NFO,07/01/2020,11:43:16,19.85,18.8,500,21.7,500,0,39500
RELIANCE27Feb201660CE.NFO,07/01/2020,11:43:17,19.85,18.65,500,21.1,500,0,39500
RELIANCE27Feb201660CE.NFO,07/01/2020,11:43:18,19.85,18.65,500,20.4,500,0,39500
RELIANCE27Feb201660CE.NFO,07/01/2020,11:43:19,19.85,19.1,500,21.25,500,0,39500
RELIANCE27Feb201660CE.NFO,07/01/2020,11:43:20,19.85,19.05,500,20.65,500,0,39500
RELIANCE27Feb201660CE.NFO,07/01/2020,11:43:21,19.85,18.8,500,21.7,500,0,39500
RELIANCE27Feb201660CE.NFO,07/01/2020,11:43:22,19.85,19.25,500,20.95,500,0,39500
RELIANCE27Feb201660CE.NFO,07/01/2020,11:43:23,19.85,18.75,500,21.85,500,0,39500
RELIANCE27Feb201660CE.NFO,07/01/2020,11:43:24,19.85,18.85,500,21.4,500,0,39500
RELIANCE27Feb201660CE.NFO,07/01/2020,11:43:26,19.85,19.05,500,20.7,500,0,39500
RELIANCE27Feb201660CE.NFO,07/01/2020,11:43:26,19.85,19.2,500,21.7,500,0,39500
RELIANCE27Feb201660CE.NFO,07/01/2020,11:43:27,19.85,18.95,500,21.25,500,0,39500
RELIANCE27Feb201660CE.NFO,07/01/2020,11:43:28,19.85,18.55,500,20.65,500,0,39500
RELIANCE27Feb201660CE.NFO,07/01/2020,11:43:29,19.85,18.85,500,21.55,500,0,39500
RELIANCE27Feb201660CE.NFO,07/01/2020,11:43:30,19.85,18.45,500,20.85,500,0,39500
RELIANCE27Feb201660CE.NFO,07/01/2020,11:43:31,19.85,19.1,500,21.55,500,0,39500
RELIANCE27Feb201660CE.NFO,07/01/2020,11:43:32,19.85,18.8,500,20.85,500,0,39500
RELIANCE27Feb201660CE.NFO,07/01/2020,11:43:33,19.85,18.65,500,21.85,500,0,39500
RELIANCE27Feb201660CE.NFO,07/01/2020,11:43:34,19.85,18.45,500,21.25,500,0,39500
RELIANCE27Feb201660CE.NFO,07/01/2020,11:43:36,19.85,18.75,500,21.85,500,0,39500
RELIANCE27Feb201660CE.NFO,07/01/2020,11:43:37,19.85,18.65,500,21.1,500,0,39500
RELIANCE27Feb201660CE.NFO,07/01/2020,11:43:37,19.85,19.15,500,20.8,500,0,39500
RELIANCE27Feb201660CE.NFO,07/01/2020,11:43:38,19.85,19.05,500,21.7,500,0,39500
RELIANCE27Feb201660CE.NFO,07/01/2020,11:43:39,19.85,18.5,500,20.95,500,0,39500
RELIANCE27Feb201660CE.NFO,07/01/2020,11:43:40,19.85,18.55,500,21.85,500,0,39500
RELIANCE27Feb201660CE.NFO,07/01/2020,11:43:41,19.85,18.55,500,21.55,500,0,39500
RELIANCE27Feb201660CE.NFO,07/01/2020,11:43:42,19.85,19.1,500,20.95,500,0,39500
RELIANCE27Feb201660CE.NFO,07/01/2020,11:43:44,19.85,18.75,500,21.55,500,0,39500
RELIANCE27Feb201660CE.NFO,07/01/2020,11:43:44,19.85,19.1,500,21.25,500,0,39500
RELIANCE27Feb201660CE.NFO,07/01/2020,11:43:45,19.85,19.2,500,21.25,500,0,39500
RELIANCE27Feb201660CE.NFO,07/01/2020,11:43:46,19.85,18.65,500,21.7,500,0,39500
RELIANCE27Feb201660CE.NFO,07/01/2020,11:43:48,19.85,19,500,20.95,500,0,39500
RELIANCE27Feb201660CE.NFO,07/01/2020,11:43:49,19.85,18.9,500,21.7,500,0,39500
RELIANCE27Feb201660CE.NFO,07/01/2020,11:43:49,19.85,18.9,500,21.25,500,0,39500
RELIANCE27Feb201660CE.NFO,07/01/2020,11:43:50,19.85,18.6,500,21.85,500,0,39500
RELIANCE27Feb201660CE.NFO,07/01/2020,11:43:51,19.85,19.05,500,21,500,0,39500
RELIANCE27Feb201660CE.NFO,07/01/2020,11:43:52,19.85,18.7,500,21.4,500,0,39500
RELIANCE27Feb201660CE.NFO,07/01/2020,11:43:54,19.85,19.15,500,21.7,500,0,39500
RELIANCE27Feb201660CE.NFO,07/01/2020,11:43:54,19.85,19.15,500,21.4,500,0,39500
RELIANCE27Feb201660CE.NFO,07/01/2020,11:43:55,19.85,19.1,500,20.95,500,0,39500
RELIANCE27Feb201660CE.NFO,07/01/2020,11:43:56,19.85,19,500,21.85,1000,0,39500
RELIANCE27Feb201660CE.NFO,07/01/2020,11:43:57,19.85,19.2,500,21.1,500,0,39500
RELIANCE27Feb201660CE.NFO,07/01/2020,11:43:58,19.85,18.85,500,21.85,500,0,39500
RELIANCE27Feb201660CE.NFO,07/01/2020,11:43:59,19.85,19.15,500,21.25,500,0,39500
RELIANCE27Feb201660CE.NFO,07/01/2020,11:44:01,19.85,18.8,500,21.85,500,0,39500
RELIANCE27Feb201660CE.NFO,07/01/2020,11:44:02,19.85,19.35,500,21.1,500,0,39500
RELIANCE27Feb201660CE.NFO,07/01/2020,11:44:03,19.85,18.7,500,21.7,500,0,39500
RELIANCE27Feb201660CE.NFO,07/01/2020,11:44:04,19.85,18.9,500,21.1,500,0,39500
RELIANCE27Feb201660CE.NFO,07/01/2020,11:44:05,19.85,19.1,500,21.7,500,0,39500
RELIANCE27Feb201660CE.NFO,07/01/2020,11:44:06,19.85,18.9,500,21.1,500,0,39500
RELIANCE27Feb201660CE.NFO,07/01/2020,11:44:07,19.85,18.9,500,21.7,500,0,39500
RELIANCE27Feb201660CE.NFO,07/01/2020,11:44:07,19.85,18.7,500,21.4,500,0,39500
RELIANCE27Feb201660CE.NFO,07/01/2020,11:44:08,19.85,19.35,500,21.85,500,0,39500
RELIANCE27Feb201660CE.NFO,07/01/2020,11:44:10,19.85,19.2,500,21.3,500,0,39500
RELIANCE27Feb201660CE.NFO,07/01/2020,11:44:11,19.85,18.95,500,21.3,500,0,39500
RELIANCE27Feb201660CE.NFO,07/01/2020,11:44:12,19.85,19.05,500,21.4,500,0,39500
RELIANCE27Feb201660CE.NFO,07/01/2020,11:44:12,19.85,19,500,21.7,500,0,39500
RELIANCE27Feb201660CE.NFO,07/01/2020,11:44:13,19.85,18.75,500,21.1,500,0,39500
RELIANCE27Feb201660CE.NFO,07/01/2020,11:44:15,19.85,19.05,500,21.55,500,0,39500
RELIANCE27Feb201660CE.NFO,07/01/2020,11:44:16,19.85,19.3,500,21.85,500,0,39500
RELIANCE27Feb201660CE.NFO,07/01/2020,11:44:17,19.85,19.15,500,21.4,500,0,39500
RELIANCE27Feb201660CE.NFO,07/01/2020,11:44:17,19.85,18.85,500,21,500,0,39500
RELIANCE27Feb201660CE.NFO,07/01/2020,11:44:18,19.85,19.05,500,21.55,500,0,39500
RELIANCE27Feb201660CE.NFO,07/01/2020,11:44:19,19.85,18.95,500,21.15,500,0,39500
RELIANCE27Feb201660CE.NFO,07/01/2020,11:44:20,19.85,19.35,500,21.25,500,0,39500
RELIANCE27Feb201660CE.NFO,07/01/2020,11:44:21,19.85,18.95,500,21.1,500,0,39500
RELIANCE27Feb201660CE.NFO,07/01/2020,11:44:22,19.85,18.85,500,21.85,500,0,39500
RELIANCE27Feb201660CE.NFO,07/01/2020,11:44:23,19.85,18.9,500,21.85,500,0,39500
RELIANCE27Feb201660CE.NFO,07/01/2020,11:44:24,19.85,19.05,500,21.4,500,0,39500
RELIANCE27Feb201660CE.NFO,07/01/2020,11:44:26,19.85,19.35,500,21.55,500,0,39500
RELIANCE27Feb201660CE.NFO,07/01/2020,11:44:28,19.85,19.4,500,21.85,500,0,39500
RELIANCE27Feb201660CE.NFO,07/01/2020,11:44:29,19.85,19.45,500,21.1,500,0,39500
RELIANCE27Feb201660CE.NFO,07/01/2020,11:44:29,19.85,18.9,500,21.85,500,0,39500
RELIANCE27Feb201660CE.NFO,07/01/2020,11:44:30,19.85,19.2,500,21.25,500,0,39500
RELIANCE27Feb201660CE.NFO,07/01/2020,11:44:31,19.85,19.45,500,21.3,500,0,39500
RELIANCE27Feb201660CE.NFO,07/01/2020,11:44:33,19.85,18.95,500,21.25,500,0,39500
RELIANCE27Feb201660CE.NFO,07/01/2020,11:44:34,19.85,19.4,500,21.7,500,0,39500
RELIANCE27Feb201660CE.NFO,07/01/2020,11:44:35,19.85,18.85,500,21.85,500,0,39500
RELIANCE27Feb201660CE.NFO,07/01/2020,11:44:36,19.85,19.2,500,21.25,500,0,39500
RELIANCE27Feb201660CE.NFO,07/01/2020,11:44:36,19.85,18.95,500,21,500,0,39500
RELIANCE27Feb201660CE.NFO,07/01/2020,11:44:37,19.85,18.95,500,21.7,500,0,39500
RELIANCE27Feb201660CE.NFO,07/01/2020,11:44:39,19.85,19.25,1000,21.1,500,0,39500
RELIANCE27Feb201660CE.NFO,07/01/2020,11:44:40,19.85,19.25,500,21.55,500,0,39500
RELIANCE27Feb201660CE.NFO,07/01/2020,11:44:40,19.85,19.25,500,21.4,500,0,39500
RELIANCE27Feb201660CE.NFO,07/01/2020,11:44:41,19.85,19.25,500,21.85,500,0,39500
RELIANCE27Feb201660CE.NFO,07/01/2020,11:44:42,19.85,19.25,500,21.55,500,0,39500
RELIANCE27Feb201660CE.NFO,07/01/2020,11:44:43,19.85,19.25,500,21.85,500,0,39500
RELIANCE27Feb201660CE.NFO,07/01/2020,11:44:45,19.85,19.25,500,21.25,500,0,39500
RELIANCE27Feb201660CE.NFO,07/01/2020,11:44:46,19.85,19.25,500,21.1,500,0,39500
RELIANCE27Feb201660CE.NFO,07/01/2020,11:44:47,19.85,19.25,500,21.85,500,0,39500
RELIANCE27Feb201660CE.NFO,07/01/2020,11:44:47,19.85,19.25,500,21.55,500,0,39500
RELIANCE27Feb201660CE.NFO,07/01/2020,11:44:48,19.85,19.35,500,21,500,0,39500
RELIANCE27Feb201660CE.NFO,07/01/2020,11:44:49,19.85,19.35,500,21.55,500,0,39500
RELIANCE27Feb201660CE.NFO,07/01/2020,11:44:50,19.85,19.35,500,21.85,500,0,39500
RELIANCE27Feb201660CE.NFO,07/01/2020,11:44:52,19.85,19.35,500,21.25,500,0,39500
RELIANCE27Feb201660CE.NFO,07/01/2020,11:44:53,19.85,19.35,500,21.1,500,0,39500
RELIANCE27Feb201660CE.NFO,07/01/2020,11:44:55,19.85,19.35,500,21,500,0,39500
RELIANCE27Feb201660CE.NFO,07/01/2020,11:44:57,19.85,19.35,500,21.25,500,0,39500
RELIANCE27Feb201660CE.NFO,07/01/2020,11:44:58,19.85,19.35,500,21.85,500,0,39500
RELIANCE27Feb201660CE.NFO,07/01/2020,11:44:59,19.85,19.35,500,21.15,500,0,39500
RELIANCE27Feb201660CE.NFO,07/01/2020,11:45:00,19.85,19.35,500,21.55,500,0,39500
RELIANCE27Feb201660CE.NFO,07/01/2020,11:45:00,19.85,19.35,500,21.25,500,0,39500
RELIANCE27Feb201660CE.NFO,07/01/2020,11:45:01,19.85,19.35,500,21.55,500,0,39500
RELIANCE27Feb201660CE.NFO,07/01/2020,11:45:02,19.85,19.35,500,21.85,500,0,39500
RELIANCE27Feb201660CE.NFO,07/01/2020,11:45:03,19.85,19.35,500,21.7,500,0,39500
RELIANCE27Feb201660CE.NFO,07/01/2020,11:45:09,19.85,19.35,500,21.55,500,0,39500
RELIANCE27Feb201660CE.NFO,07/01/2020,11:45:09,19.85,19.35,500,21.25,500,0,39500
RELIANCE27Feb201660CE.NFO,07/01/2020,11:45:10,19.85,19.35,500,21.55,500,0,39500
RELIANCE27Feb201660CE.NFO,07/01/2020,11:45:11,19.85,19.35,500,21.7,500,0,39500
RELIANCE27Feb201660CE.NFO,07/01/2020,11:45:12,19.85,19.35,500,21,500,0,39500
RELIANCE27Feb201660CE.NFO,07/01/2020,11:45:14,19.85,19.35,500,21.25,500,0,39500
RELIANCE27Feb201660CE.NFO,07/01/2020,11:45:14,19.85,19.35,500,21.7,500,0,39500
RELIANCE27Feb201660CE.NFO,07/01/2020,11:45:15,19.85,19.35,500,21.85,500,0,39500
RELIANCE27Feb201660CE.NFO,07/01/2020,11:45:16,19.85,19.35,500,21.4,500,0,39500
RELIANCE27Feb201660CE.NFO,07/01/2020,11:45:18,19.85,19.35,500,21.85,500,0,39500
RELIANCE27Feb201660CE.NFO,07/01/2020,11:45:20,19.85,19.35,500,21.15,500,0,39500
RELIANCE27Feb201660CE.NFO,07/01/2020,11:45:21,19.85,19.35,500,21.25,500,0,39500
RELIANCE27Feb201660CE.NFO,07/01/2020,11:45:22,19.85,19.35,500,21.85,500,0,39500
RELIANCE27Feb201660CE.NFO,07/01/2020,11:45:23,19.85,19.35,500,21.3,500,0,39500
RELIANCE27Feb201660CE.NFO,07/01/2020,11:45:24,19.85,19.35,500,21.25,500,0,39500
RELIANCE27Feb201660CE.NFO,07/01/2020,11:45:26,19.85,19.35,500,21.5,500,0,39500
RELIANCE27Feb201660CE.NFO,07/01/2020,11:45:27,19.85,19.35,500,21.7,500,0,39500
RELIANCE27Feb201660CE.NFO,07/01/2020,11:45:27,19.85,19.35,500,21.4,500,0,39500
RELIANCE27Feb201660CE.NFO,07/01/2020,11:45:28,19.85,19.35,500,21.25,500,0,39500
RELIANCE27Feb201660CE.NFO,07/01/2020,11:45:33,19.85,19.35,500,21.4,500,0,39500
RELIANCE27Feb201660CE.NFO,07/01/2020,11:45:33,19.85,19.35,500,21.85,500,0,39500
RELIANCE27Feb201660CE.NFO,07/01/2020,11:45:34,19.85,19.35,500,21.25,500,0,39500
RELIANCE27Feb201660CE.NFO,07/01/2020,11:45:35,19.85,19.35,500,21.4,500,0,39500
RELIANCE27Feb201660CE.NFO,07/01/2020,11:45:36,19.85,19.35,500,21.1,500,0,39500
RELIANCE27Feb201660CE.NFO,07/01/2020,11:45:38,19.85,19.35,500,21.4,500,0,39500
RELIANCE27Feb201660CE.NFO,07/01/2020,11:45:39,19.85,19.35,500,21.7,500,0,39500
RELIANCE27Feb201660CE.NFO,07/01/2020,11:45:40,19.85,19.35,500,21.85,500,0,39500
RELIANCE27Feb201660CE.NFO,07/01/2020,11:45:41,19.85,19.35,500,21.3,500,0,39500
RELIANCE27Feb201660CE.NFO,07/01/2020,11:45:42,19.85,19.35,500,21.85,500,0,39500
RELIANCE27Feb201660CE.NFO,07/01/2020,11:45:43,19.85,19.35,500,21.3,500,0,39500
RELIANCE27Feb201660CE.NFO,07/01/2020,11:45:44,19.85,19.35,500,21.1,500,0,39500
RELIANCE27Feb201660CE.NFO,07/01/2020,11:45:44,19.85,19.35,500,21.85,500,0,39500
RELIANCE27Feb201660CE.NFO,07/01/2020,11:45:46,19.85,19.35,500,21.55,500,0,39500
RELIANCE27Feb201660CE.NFO,07/01/2020,11:45:47,19.85,19.35,500,21.25,500,0,39500
RELIANCE27Feb201660CE.NFO,07/01/2020,11:45:48,19.85,19.35,500,21.55,500,0,39500
RELIANCE27Feb201660CE.NFO,07/01/2020,11:45:49,19.85,19.35,500,21.25,500,0,39500
RELIANCE27Feb201660CE.NFO,07/01/2020,11:45:50,19.85,19.35,500,21.55,500,0,39500
RELIANCE27Feb201660CE.NFO,07/01/2020,11:45:51,19.85,19.35,500,21,500,0,39500
RELIANCE27Feb201660CE.NFO,07/01/2020,11:45:52,19.85,19.35,500,21.85,500,0,39500
RELIANCE27Feb201660CE.NFO,07/01/2020,11:45:57,19.85,19.35,500,21.55,500,0,39500
RELIANCE27Feb201660CE.NFO,07/01/2020,11:45:58,19.85,19.35,500,21.85,500,0,39500
RELIANCE27Feb201660CE.NFO,07/01/2020,11:46:00,19.85,19.35,500,21.15,500,0,39500
RELIANCE27Feb201660CE.NFO,07/01/2020,11:46:00,19.85,19.35,500,21.1,500,0,39500
RELIANCE27Feb201660CE.NFO,07/01/2020,11:46:02,19.85,19.35,500,21.8,500,0,39500
RELIANCE27Feb201660CE.NFO,07/01/2020,11:46:10,19.35,18.45,500,21.65,500,500,39000
RELIANCE27Feb201660CE.NFO,07/01/2020,11:46:11,19.35,18.45,500,20.95,500,0,39000
RELIANCE27Feb201660CE.NFO,07/01/2020,11:46:14,19.35,18.45,500,21.1,500,0,39000
RELIANCE27Feb201660CE.NFO,07/01/2020,11:46:18,19.35,18.45,500,20.95,500,0,39000
RELIANCE27Feb201660CE.NFO,07/01/2020,11:46:21,19.35,18.45,500,21.25,500,0,39000
RELIANCE27Feb201660CE.NFO,07/01/2020,11:46:25,19.35,18.45,500,21.1,500,0,39000
RELIANCE27Feb201660CE.NFO,07/01/2020,11:46:28,19.35,18.45,500,21.55,500,0,39000
RELIANCE27Feb201660CE.NFO,07/01/2020,11:46:34,19.35,18.45,500,21.85,500,0,39000
RELIANCE27Feb201660CE.NFO,07/01/2020,11:46:38,19.35,18.45,500,21.25,500,0,39000
RELIANCE27Feb201660CE.NFO,07/01/2020,11:46:41,19.35,18.4,500,20.95,500,0,39000
RELIANCE27Feb201660CE.NFO,07/01/2020,11:46:44,19.35,18.4,500,21.4,500,0,39000
RELIANCE27Feb201660CE.NFO,07/01/2020,11:46:48,19.35,18.4,500,21.25,500,0,39000
RELIANCE27Feb201660CE.NFO,07/01/2020,11:47:03,19.35,18.4,500,21.55,500,0,39000
RELIANCE27Feb201660CE.NFO,07/01/2020,11:47:06,19.35,18.4,500,21.7,500,0,39000
RELIANCE27Feb201660CE.NFO,07/01/2020,11:47:10,19.35,18.4,500,21.25,500,0,39000
RELIANCE27Feb201660CE.NFO,07/01/2020,11:47:13,19.35,18.4,500,20.8,500,0,39000
RELIANCE27Feb201660CE.NFO,07/01/2020,11:47:18,19.35,18.4,500,20.95,500,0,39000
RELIANCE27Feb201660CE.NFO,07/01/2020,11:47:22,19.35,18.35,500,21.1,500,0,39000
RELIANCE27Feb201660CE.NFO,07/01/2020,11:47:26,19.35,18.35,500,21.05,500,0,39000
RELIANCE27Feb201660CE.NFO,07/01/2020,11:47:30,19.35,18.25,500,21.55,500,0,39000
RELIANCE27Feb201660CE.NFO,07/01/2020,11:47:35,19.35,18.25,500,21.85,500,0,39000
RELIANCE27Feb201660CE.NFO,07/01/2020,11:47:40,19.35,18.3,500,20.8,500,0,39000
RELIANCE27Feb201660CE.NFO,07/01/2020,11:47:44,19.35,18.3,500,21.7,500,0,39000
RELIANCE27Feb201660CE.NFO,07/01/2020,11:47:47,19.35,18.3,500,21.2,500,0,39000
RELIANCE27Feb201660CE.NFO,07/01/2020,11:47:51,19.35,18.2,500,21.7,500,0,39000
RELIANCE27Feb201660CE.NFO,07/01/2020,11:47:54,19.35,18.2,500,21.4,500,0,39000
RELIANCE27Feb201660CE.NFO,07/01/2020,11:48:01,19.35,18.1,500,20.65,500,0,39000
RELIANCE27Feb201660CE.NFO,07/01/2020,11:48:05,19.35,18,500,21.4,500,0,39000
RELIANCE27Feb201660CE.NFO,07/01/2020,11:48:10,19.35,18,500,20.95,500,0,39000
RELIANCE27Feb201660CE.NFO,07/01/2020,11:48:14,19.35,18,500,20.65,500,0,39000
RELIANCE27Feb201660CE.NFO,07/01/2020,11:48:19,19.35,18,500,20.8,500,0,39000
RELIANCE27Feb201660CE.NFO,07/01/2020,11:48:24,19.35,18,500,21.4,500,0,39000
RELIANCE27Feb201660CE.NFO,07/01/2020,11:48:28,19.35,18,500,20.8,500,0,39000
RELIANCE27Feb201660CE.NFO,07/01/2020,11:48:32,19.35,18,500,21.25,500,0,39000
RELIANCE27Feb201660CE.NFO,07/01/2020,11:48:41,19.35,18,500,20.7,500,0,39000
RELIANCE27Feb201660CE.NFO,07/01/2020,11:48:45,19.35,18,500,21.1,500,0,39000
RELIANCE27Feb201660CE.NFO,07/01/2020,11:48:48,19.35,18,500,21.7,500,0,39000
RELIANCE27Feb201660CE.NFO,07/01/2020,11:48:51,19.35,18,500,21.55,500,0,39000
RELIANCE27Feb201660CE.NFO,07/01/2020,11:48:54,19.35,18,500,20.95,500,0,39000
RELIANCE27Feb201660CE.NFO,07/01/2020,11:48:56,19.35,18,500,20.7,500,0,39000
RELIANCE27Feb201660CE.NFO,07/01/2020,11:49:00,19.35,18,500,20.95,500,0,39000
RELIANCE27Feb201660CE.NFO,07/01/2020,11:49:03,19.35,18,500,21.4,500,0,39000
RELIANCE27Feb201660CE.NFO,07/01/2020,11:49:06,19.35,18,500,20.65,500,0,39000
RELIANCE27Feb201660CE.NFO,07/01/2020,11:49:09,19.35,18,500,20.95,500,0,39000
RELIANCE27Feb201660CE.NFO,07/01/2020,11:49:15,19.35,18,500,21.55,500,0,39000
RELIANCE27Feb201660CE.NFO,07/01/2020,11:49:23,19.35,18,500,20.7,500,0,39000
RELIANCE27Feb201660CE.NFO,07/01/2020,11:49:28,19.35,18,500,21.55,500,0,39000
RELIANCE27Feb201660CE.NFO,07/01/2020,11:49:32,19.35,18,500,21.25,500,0,39000
RELIANCE27Feb201660CE.NFO,07/01/2020,11:49:54,19.35,18,500,21.55,500,0,39000
RELIANCE27Feb201660CE.NFO,07/01/2020,11:49:58,19.35,18,500,21.25,500,0,39000
RELIANCE27Feb201660CE.NFO,07/01/2020,11:50:03,19.35,17.9,500,21.1,500,0,39000
RELIANCE27Feb201660CE.NFO,07/01/2020,11:50:07,19.35,17.9,500,21.55,500,0,39000
RELIANCE27Feb201660CE.NFO,07/01/2020,11:50:11,19.35,17.9,500,21.85,500,0,39000
RELIANCE27Feb201660CE.NFO,07/01/2020,11:50:16,19.35,17.85,500,21.85,500,0,39000
RELIANCE27Feb201660CE.NFO,07/01/2020,11:50:22,19.35,17.85,500,20.8,500,0,39000
RELIANCE27Feb201660CE.NFO,07/01/2020,11:50:27,19.35,17.85,500,20.55,500,0,39000
RELIANCE27Feb201660CE.NFO,07/01/2020,11:50:33,19.35,17.85,500,21.4,500,0,39000
RELIANCE27Feb201660CE.NFO,07/01/2020,11:50:38,19.35,17.6,500,21.25,500,0,39000
RELIANCE27Feb201660CE.NFO,07/01/2020,11:50:42,19.35,17.75,500,21.85,500,0,39000
RELIANCE27Feb201660CE.NFO,07/01/2020,11:50:46,19.35,17.75,500,21.25,500,0,39000
RELIANCE27Feb201660CE.NFO,07/01/2020,11:50:49,19.35,17.9,500,20.95,500,0,39000
RELIANCE27Feb201660CE.NFO,07/01/2020,11:50:54,19.35,17.9,500,21.25,500,0,39000
RELIANCE27Feb201660CE.NFO,07/01/2020,11:50:58,19.35,17.9,500,20.8,500,0,39000
RELIANCE27Feb201660CE.NFO,07/01/2020,11:51:02,19.35,17.9,500,21.7,500,0,39000
RELIANCE27Feb201660CE.NFO,07/01/2020,11:51:06,19.35,17.6,500,20.85,500,0,39000
RELIANCE27Feb201660CE.NFO,07/01/2020,11:51:12,19.35,17.75,500,20.8,500,0,39000
RELIANCE27Feb201660CE.NFO,07/01/2020,11:51:17,19.35,17.6,500,20.8,500,0,39000
RELIANCE27Feb201660CE.NFO,07/01/2020,11:51:22,19.35,17.9,500,21.7,500,0,39000
RELIANCE27Feb201660CE.NFO,07/01/2020,11:51:26,19.35,18.05,500,20.55,500,0,39000
RELIANCE27Feb201660CE.NFO,07/01/2020,11:51:31,19.35,17.95,500,20.55,500,0,39000
RELIANCE27Feb201660CE.NFO,07/01/2020,11:51:37,19.35,17.9,500,21.1,500,0,39000
RELIANCE27Feb201660CE.NFO,07/01/2020,11:51:41,19.35,17.9,500,21.95,500,0,39000
RELIANCE27Feb201660CE.NFO,07/01/2020,11:51:46,19.35,17.95,500,21.55,500,0,39000
RELIANCE27Feb201660CE.NFO,07/01/2020,11:51:50,19.35,17.95,500,20.95,500,0,39000
RELIANCE27Feb201660CE.NFO,07/01/2020,11:51:55,19.35,17.95,500,21.1,500,0,39000
RELIANCE27Feb201660CE.NFO,07/01/2020,11:51:59,19.35,17.95,500,21.55,500,0,39000
RELIANCE27Feb201660CE.NFO,07/01/2020,11:52:03,19.35,18,500,21.55,500,0,39000
RELIANCE27Feb201660CE.NFO,07/01/2020,11:52:11,19.35,18.1,500,21.4,500,0,39000
RELIANCE27Feb201660CE.NFO,07/01/2020,11:52:14,19.35,18.1,500,21.95,500,0,39000
RELIANCE27Feb201660CE.NFO,07/01/2020,11:52:21,19.35,18,500,21.5,500,0,39000
RELIANCE27Feb201660CE.NFO,07/01/2020,11:52:24,19.35,18,500,20.95,500,0,39000
RELIANCE27Feb201660CE.NFO,07/01/2020,11:52:26,19.35,18,500,21.85,500,0,39000
RELIANCE27Feb201660CE.NFO,07/01/2020,11:52:29,19.35,18,500,21.7,500,0,39000
RELIANCE27Feb201660CE.NFO,07/01/2020,11:52:33,19.35,17.95,500,21.7,500,0,39000
RELIANCE27Feb201660CE.NFO,07/01/2020,11:52:37,19.35,17.95,500,20.7,500,0,39000
RELIANCE27Feb201660CE.NFO,07/01/2020,11:52:40,19.35,17.95,500,20.85,500,0,39000
RELIANCE27Feb201660CE.NFO,07/01/2020,11:52:44,19.35,17.95,500,20.95,500,0,39000
RELIANCE27Feb201660CE.NFO,07/01/2020,11:52:47,19.35,17.95,500,21.7,500,0,39000
RELIANCE27Feb201660CE.NFO,07/01/2020,11:52:51,19.35,17.95,500,20.8,500,0,39000
RELIANCE27Feb201660CE.NFO,07/01/2020,11:52:55,19.35,17.95,500,21.55,500,0,39000
RELIANCE27Feb201660CE.NFO,07/01/2020,11:53:00,19.35,17.95,500,20.8,500,0,39000
RELIANCE27Feb201660CE.NFO,07/01/2020,11:53:04,19.35,18.05,500,20.95,500,0,39000
RELIANCE27Feb201660CE.NFO,07/01/2020,11:53:09,19.35,18.05,500,21.7,500,0,39000
RELIANCE27Feb201660CE.NFO,07/01/2020,11:53:13,19.35,18.1,500,21.25,500,0,39000
RELIANCE27Feb201660CE.NFO,07/01/2020,11:53:16,19.35,18.05,500,21.4,500,0,39000
RELIANCE27Feb201660CE.NFO,07/01/2020,11:53:22,19.35,18.1,500,21.25,500,0,39000
RELIANCE27Feb201660CE.NFO,07/01/2020,11:53:25,19.35,18.1,500,21.85,500,0,39000
RELIANCE27Feb201660CE.NFO,07/01/2020,11:53:28,19.35,18.1,500,20.8,500,0,39000
RELIANCE27Feb201660CE.NFO,07/01/2020,11:53:36,19.35,17.95,500,21.25,500,0,39000
RELIANCE27Feb201660CE.NFO,07/01/2020,11:53:42,19.35,17.95,500,20.8,500,0,39000
RELIANCE27Feb201660CE.NFO,07/01/2020,11:53:47,19.35,17.95,500,21.4,500,0,39000
RELIANCE27Feb201660CE.NFO,07/01/2020,11:53:55,19.35,18,500,20.8,500,0,39000
RELIANCE27Feb201660CE.NFO,07/01/2020,11:53:57,19.35,18,500,21.1,500,0,39000
RELIANCE27Feb201660CE.NFO,07/01/2020,11:54:00,19.35,18,500,21.25,500,0,39000
RELIANCE27Feb201660CE.NFO,07/01/2020,11:54:02,19.35,18,500,20.7,500,0,39000
RELIANCE27Feb201660CE.NFO,07/01/2020,11:54:06,19.35,18,500,20.6,500,0,39000
RELIANCE27Feb201660CE.NFO,07/01/2020,11:54:29,19.35,18.05,500,20.6,500,0,39000
RELIANCE27Feb201660CE.NFO,07/01/2020,11:54:32,19.35,18,500,20.6,500,0,39000
RELIANCE27Feb201660CE.NFO,07/01/2020,11:54:47,19.35,17.85,500,20.55,500,0,39000
RELIANCE27Feb201660CE.NFO,07/01/2020,11:54:50,19.35,17.85,500,20.45,500,0,39000
RELIANCE27Feb201660CE.NFO,07/01/2020,11:54:52,19.35,17.85,500,20.55,500,0,39000
RELIANCE27Feb201660CE.NFO,07/01/2020,11:55:01,19.35,17.85,500,20.45,500,0,39000
RELIANCE27Feb201660CE.NFO,07/01/2020,11:55:05,19.35,17.85,500,20.6,500,0,39000
RELIANCE27Feb201660CE.NFO,07/01/2020,11:55:08,19.35,17.85,500,20.55,1000,0,39000
RELIANCE27Feb201660CE.NFO,07/01/2020,11:55:12,19.35,17.85,500,20.4,500,0,39000
RELIANCE27Feb201660CE.NFO,07/01/2020,11:55:15,19.35,17.85,500,20.45,500,0,39000
RELIANCE27Feb201660CE.NFO,07/01/2020,11:55:22,19.35,17.85,500,20.55,500,0,39000
RELIANCE27Feb201660CE.NFO,07/01/2020,11:55:29,19.35,17.85,500,20.45,500,0,39000
RELIANCE27Feb201660CE.NFO,07/01/2020,11:55:32,19.35,17.85,500,20.55,500,0,39000
RELIANCE27Feb201660CE.NFO,07/01/2020,11:55:35,19.35,17.85,500,20.45,500,0,39000
RELIANCE27Feb201660CE.NFO,07/01/2020,11:55:38,19.35,17.85,500,20.55,500,0,39000
RELIANCE27Feb201660CE.NFO,07/01/2020,11:55:41,19.35,17.85,500,20.45,500,0,39000
RELIANCE27Feb201660CE.NFO,07/01/2020,11:55:44,19.35,17.85,500,20.55,500,0,39000
RELIANCE27Feb201660CE.NFO,07/01/2020,11:55:54,19.35,17.85,500,20.55,1000,0,39000
RELIANCE27Feb201660CE.NFO,07/01/2020,11:55:58,19.35,17.85,500,20.45,500,0,39000
RELIANCE27Feb201660CE.NFO,07/01/2020,11:56:02,19.35,17.85,500,20.4,500,0,39000
RELIANCE27Feb201660CE.NFO,07/01/2020,11:57:24,19.35,18,500,20.4,500,0,39000
RELIANCE27Feb201660CE.NFO,07/01/2020,11:57:32,19.35,18,500,20.3,500,0,39000
RELIANCE27Feb201660CE.NFO,07/01/2020,11:57:37,19.35,17.95,500,20.4,500,0,39000
RELIANCE27Feb201660CE.NFO,07/01/2020,11:57:42,19.35,17.85,500,20.25,500,0,39000
RELIANCE27Feb201660CE.NFO,07/01/2020,11:57:46,19.35,17.8,500,20.25,500,0,39000
RELIANCE27Feb201660CE.NFO,07/01/2020,11:57:52,19.35,17.85,500,20.25,500,0,39000
RELIANCE27Feb201660CE.NFO,07/01/2020,11:57:57,19.35,17.7,500,20.25,500,0,39000
RELIANCE27Feb201660CE.NFO,07/01/2020,11:58:02,19.35,17.6,500,20.25,500,0,39000
RELIANCE27Feb201660CE.NFO,07/01/2020,11:58:10,19.35,17.7,500,20.25,500,0,39000
RELIANCE27Feb201660CE.NFO,07/01/2020,11:58:18,19.35,17.75,500,20.25,500,0,39000
RELIANCE27Feb201660CE.NFO,07/01/2020,11:58:22,19.35,17.6,500,20.25,500,0,39000
RELIANCE27Feb201660CE.NFO,07/01/2020,11:58:29,19.35,17.75,500,20.25,500,0,39000
RELIANCE27Feb201660CE.NFO,07/01/2020,11:58:49,19.35,17.6,500,20.25,500,0,39000
RELIANCE27Feb201660CE.NFO,07/01/2020,11:59:07,19.35,17.75,500,20.25,500,0,39000
RELIANCE27Feb201660CE.NFO,07/01/2020,11:59:16,19.35,17.6,500,20.25,500,0,39000
RELIANCE27Feb201660CE.NFO,07/01/2020,11:59:20,19.35,17.75,500,20.25,500,0,39000
RELIANCE27Feb201660CE.NFO,07/01/2020,11:59:24,19.35,17.6,500,20.25,500,0,39000
RELIANCE27Feb201660CE.NFO,07/01/2020,11:59:32,19.35,17.8,500,20.25,500,0,39000
RELIANCE27Feb201660CE.NFO,07/01/2020,11:59:36,19.35,17.6,500,20.25,500,0,39000
RELIANCE27Feb201660CE.NFO,07/01/2020,11:59:40,19.35,17.65,500,20.25,500,0,39000
RELIANCE27Feb201660CE.NFO,07/01/2020,11:59:44,19.35,17.8,500,20.25,500,0,39000
RELIANCE27Feb201660CE.NFO,07/01/2020,11:59:53,19.35,17.75,500,20.25,500,0,39000
RELIANCE27Feb201660CE.NFO,07/01/2020,12:00:27,19.35,17.75,500,19,3000,0,39000
RELIANCE27Feb201660CE.NFO,07/01/2020,12:00:32,19.35,17.8,500,19,3000,0,39000
RELIANCE27Feb201660CE.NFO,07/01/2020,12:00:37,19.35,17.7,500,19,3000,0,39000
RELIANCE27Feb201660CE.NFO,07/01/2020,12:00:44,19.35,17.85,500,19,3000,0,39000
RELIANCE27Feb201660CE.NFO,07/01/2020,12:01:01,19.35,17.7,500,19,3000,0,39000
RELIANCE27Feb201660CE.NFO,07/01/2020,12:01:07,19.35,17.75,500,19,3000,0,39000
RELIANCE27Feb201660CE.NFO,07/01/2020,12:01:11,19.35,17.7,500,19,3000,0,39000
RELIANCE27Feb201660CE.NFO,07/01/2020,12:02:01,19.35,17.85,500,19,3000,0,39000
RELIANCE27Feb201660CE.NFO,07/01/2020,12:02:04,19.35,17.7,500,19,3000,0,39000
RELIANCE27Feb201660CE.NFO,07/01/2020,12:02:46,19.35,17.8,500,19,3000,0,39000
RELIANCE27Feb201660CE.NFO,07/01/2020,12:02:52,19.35,17.75,500,19,3000,0,39000
RELIANCE27Feb201660CE.NFO,07/01/2020,12:03:07,19.35,17.25,500,18.95,500,0,39000
RELIANCE27Feb201660CE.NFO,07/01/2020,12:03:13,19.35,17.4,500,18.95,500,0,39000
RELIANCE27Feb201660CE.NFO,07/01/2020,12:03:30,19.35,17.45,500,18.95,500,0,39000
RELIANCE27Feb201660CE.NFO,07/01/2020,12:03:36,19.35,17.5,500,18.95,500,0,39000
RELIANCE27Feb201660CE.NFO,07/01/2020,12:03:40,19.35,17.65,500,19,3000,0,39000
RELIANCE27Feb201660CE.NFO,07/01/2020,12:03:45,19.35,17.7,500,18.95,500,0,39000
RELIANCE27Feb201660CE.NFO,07/01/2020,12:03:48,19.35,17.6,1000,18.95,500,0,39000
RELIANCE27Feb201660CE.NFO,07/01/2020,12:03:51,19.35,17.65,500,18.95,500,0,39000
RELIANCE27Feb201660CE.NFO,07/01/2020,12:03:55,19.35,17.7,500,18.95,500,0,39000
RELIANCE27Feb201660CE.NFO,07/01/2020,12:03:59,19.35,17.6,500,18.95,500,0,39000
RELIANCE27Feb201660CE.NFO,07/01/2020,12:04:02,19.35,17.5,500,18.95,500,0,39000
RELIANCE27Feb201660CE.NFO,07/01/2020,12:04:05,19.35,17.6,500,18.95,500,0,39000
RELIANCE27Feb201660CE.NFO,07/01/2020,12:04:09,19.35,17.55,500,18.95,500,0,39000
RELIANCE27Feb201660CE.NFO,07/01/2020,12:04:12,19.35,17.45,500,18.95,500,0,39000
RELIANCE27Feb201660CE.NFO,07/01/2020,12:04:15,19.35,17.5,500,18.95,500,0,39000
RELIANCE27Feb201660CE.NFO,07/01/2020,12:04:18,19.35,17.45,500,18.95,500,0,39000
RELIANCE27Feb201660CE.NFO,07/01/2020,12:04:22,19.35,17.55,500,18.95,500,0,39000
RELIANCE27Feb201660CE.NFO,07/01/2020,12:04:25,19.35,17.5,500,18.95,500,0,39000
RELIANCE27Feb201660CE.NFO,07/01/2020,12:04:28,19.35,17.6,500,18.95,500,0,39000
RELIANCE27Feb201660CE.NFO,07/01/2020,12:04:31,19.35,17.55,500,18.95,500,0,39000
RELIANCE27Feb201660CE.NFO,07/01/2020,12:04:35,19.35,17.5,500,18.95,500,0,39000
RELIANCE27Feb201660CE.NFO,07/01/2020,12:04:39,19.35,17.55,500,18.95,500,0,39000
RELIANCE27Feb201660CE.NFO,07/01/2020,12:04:42,19.35,17.65,500,18.95,500,0,39000
RELIANCE27Feb201660CE.NFO,07/01/2020,12:04:47,19.35,17.6,500,18.95,500,0,39000
RELIANCE27Feb201660CE.NFO,07/01/2020,12:04:58,19.35,17.7,500,18.95,500,0,39000
RELIANCE27Feb201660CE.NFO,07/01/2020,12:05:01,19.35,17.65,500,18.95,500,0,39000
RELIANCE27Feb201660CE.NFO,07/01/2020,12:05:04,19.35,17.7,500,18.95,500,0,39000
RELIANCE27Feb201660CE.NFO,07/01/2020,12:05:09,19.35,17.65,500,18.95,500,0,39000
RELIANCE27Feb201660CE.NFO,07/01/2020,12:05:13,19.35,17.7,500,18.95,500,0,39000
RELIANCE27Feb201660CE.NFO,07/01/2020,12:05:35,19.35,17.4,500,18.95,500,0,39000
RELIANCE27Feb201660CE.NFO,07/01/2020,12:05:38,19.35,17.55,500,18.95,500,0,39000
RELIANCE27Feb201660CE.NFO,07/01/2020,12:05:41,19.35,17.65,1000,18.95,500,0,39000
RELIANCE27Feb201660CE.NFO,07/01/2020,12:05:43,19.35,17.65,500,18.95,500,0,39000
RELIANCE27Feb201660CE.NFO,07/01/2020,12:05:46,19.35,17.75,500,18.95,500,0,39000
RELIANCE27Feb201660CE.NFO,07/01/2020,12:05:52,19.35,17.6,500,18.95,500,0,39000
RELIANCE27Feb201660CE.NFO,07/01/2020,12:05:57,19.35,17.55,500,18.95,500,0,39000
RELIANCE27Feb201660CE.NFO,07/01/2020,12:06:01,19.35,17.3,500,18.95,500,0,39000
RELIANCE27Feb201660CE.NFO,07/01/2020,12:06:04,19.35,17.65,500,18.95,500,0,39000
RELIANCE27Feb201660CE.NFO,07/01/2020,12:06:07,19.35,17.45,500,18.95,500,0,39000
RELIANCE27Feb201660CE.NFO,07/01/2020,12:06:11,19.35,17.2,500,18.95,500,0,39000
RELIANCE27Feb201660CE.NFO,07/01/2020,12:06:13,19.35,17.65,500,18.95,500,0,39000
RELIANCE27Feb201660CE.NFO,07/01/2020,12:06:17,19.35,17.2,500,18.95,500,0,39000
RELIANCE27Feb201660CE.NFO,07/01/2020,12:06:21,19.35,17.55,500,18.95,500,0,39000
RELIANCE27Feb201660CE.NFO,07/01/2020,12:06:25,19.35,17.6,500,18.95,500,0,39000
RELIANCE27Feb201660CE.NFO,07/01/2020,12:06:31,19.35,17.45,500,18.95,500,0,39000
RELIANCE27Feb201660CE.NFO,07/01/2020,12:06:34,19.35,17.3,500,18.95,500,0,39000
RELIANCE27Feb201660CE.NFO,07/01/2020,12:06:37,19.35,17.55,500,18.95,500,0,39000
RELIANCE27Feb201660CE.NFO,07/01/2020,12:06:40,19.35,17.4,500,18.95,500,0,39000
RELIANCE27Feb201660CE.NFO,07/01/2020,12:06:43,19.35,17.55,500,18.95,500,0,39000
RELIANCE27Feb201660CE.NFO,07/01/2020,12:06:50,19.35,17.7,500,18.95,500,0,39000
RELIANCE27Feb201660CE.NFO,07/01/2020,12:06:58,19.35,17.55,500,18.95,500,0,39000
RELIANCE27Feb201660CE.NFO,07/01/2020,12:07:11,19.35,17.7,500,18.95,500,0,39000
RELIANCE27Feb201660CE.NFO,07/01/2020,12:07:14,19.35,17.5,500,18.95,500,0,39000
RELIANCE27Feb201660CE.NFO,07/01/2020,12:07:17,19.35,17.7,500,18.95,500,0,39000
RELIANCE27Feb201660CE.NFO,07/01/2020,12:07:22,19.35,17.55,500,18.95,500,0,39000
RELIANCE27Feb201660CE.NFO,07/01/2020,12:07:27,19.35,17.85,500,18.95,500,0,39000
RELIANCE27Feb201660CE.NFO,07/01/2020,12:07:32,19.35,17.7,500,18.95,500,0,39000
RELIANCE27Feb201660CE.NFO,07/01/2020,12:07:34,19.35,17.65,500,18.95,500,0,39000
RELIANCE27Feb201660CE.NFO,07/01/2020,12:07:36,19.35,17.7,500,18.95,500,0,39000
RELIANCE27Feb201660CE.NFO,07/01/2020,12:07:43,19.35,17.8,500,18.95,500,0,39000
RELIANCE27Feb201660CE.NFO,07/01/2020,12:07:49,19.35,17.65,500,18.95,500,0,39000
RELIANCE27Feb201660CE.NFO,07/01/2020,12:07:57,19.35,17.8,500,18.95,500,0,39000
RELIANCE27Feb201660CE.NFO,07/01/2020,12:08:01,19.35,17.85,500,18.95,500,0,39000
RELIANCE27Feb201660CE.NFO,07/01/2020,12:08:05,19.35,17.7,500,18.95,500,0,39000
RELIANCE27Feb201660CE.NFO,07/01/2020,12:08:08,19.35,17.85,500,18.95,500,0,39000
RELIANCE27Feb201660CE.NFO,07/01/2020,12:08:11,19.35,17.9,500,19,3000,0,39000
RELIANCE27Feb201660CE.NFO,07/01/2020,12:08:16,19.35,17.85,500,19,3000,0,39000
RELIANCE27Feb201660CE.NFO,07/01/2020,12:08:23,19.35,17.95,500,19,3000,0,39000
RELIANCE27Feb201660CE.NFO,07/01/2020,12:08:29,19.35,17.85,500,19,3000,0,39000
RELIANCE27Feb201660CE.NFO,07/01/2020,12:09:44,19.35,17.85,500,18.95,500,0,39000
RELIANCE27Feb201660CE.NFO,07/01/2020,12:10:15,19.35,17.85,500,19,3000,0,39000
RELIANCE27Feb201660CE.NFO,07/01/2020,12:11:09,19.35,17.95,500,19,3000,0,39000
RELIANCE27Feb201660CE.NFO,07/01/2020,12:12:21,19.35,18.05,500,19,3000,0,39000
RELIANCE27Feb201660CE.NFO,07/01/2020,12:12:24,19.35,18.05,500,18.95,500,0,39000
RELIANCE27Feb201660CE.NFO,07/01/2020,12:12:56,19.35,17.9,500,18.95,500,0,39000
RELIANCE27Feb201660CE.NFO,07/01/2020,12:13:12,18.95,18.3,500,19,3000,500,39000
RELIANCE27Feb201660CE.NFO,07/01/2020,12:13:19,19,18.4,500,20.6,500,3000,39000
RELIANCE27Feb201660CE.NFO,07/01/2020,12:13:25,19,18.35,500,20.6,500,0,39000
RELIANCE27Feb201660CE.NFO,07/01/2020,12:13:31,19,18.25,500,20.6,500,0,39000
RELIANCE27Feb201660CE.NFO,07/01/2020,12:13:48,19,18.35,500,20.6,500,0,39000
RELIANCE27Feb201660CE.NFO,07/01/2020,12:13:52,19,18.2,500,20.6,500,0,39000
RELIANCE27Feb201660CE.NFO,07/01/2020,12:13:56,19,18.25,500,20.6,500,0,39000
RELIANCE27Feb201660CE.NFO,07/01/2020,12:14:01,19,18.85,2500,19.35,2500,0,39000
RELIANCE27Feb201660CE.NFO,07/01/2020,12:14:07,19,18.65,2500,19.35,2500,0,39000
RELIANCE27Feb201660CE.NFO,07/01/2020,12:14:41,19,18.6,2500,19.35,2500,0,39000
RELIANCE27Feb201660CE.NFO,07/01/2020,12:17:11,19,18.1,500,20.55,1000,0,39000
RELIANCE27Feb201660CE.NFO,07/01/2020,12:17:13,19,18.1,500,20.25,500,0,39000
RELIANCE27Feb201660CE.NFO,07/01/2020,12:19:38,19,18.2,3500,20.25,500,0,39000
RELIANCE27Feb201660CE.NFO,07/01/2020,12:19:49,19,18.2,500,20.25,500,0,39000
RELIANCE27Feb201660CE.NFO,07/01/2020,12:24:30,19,18.2,3500,20.25,500,0,39000
RELIANCE27Feb201660CE.NFO,07/01/2020,12:24:33,19,18.15,500,20.25,500,0,39000
RELIANCE27Feb201660CE.NFO,07/01/2020,12:24:46,19,18.15,3500,20.25,500,0,39000
RELIANCE27Feb201660CE.NFO,07/01/2020,12:24:49,19,18.25,500,20.25,500,0,39000
RELIANCE27Feb201660CE.NFO,07/01/2020,12:25:41,19,18.45,500,20.5,500,0,39000
RELIANCE27Feb201660CE.NFO,07/01/2020,12:25:55,19,18.55,500,20.5,500,0,39000
RELIANCE27Feb201660CE.NFO,07/01/2020,12:26:40,19,18.55,500,20.35,500,0,39000
RELIANCE27Feb201660CE.NFO,07/01/2020,12:27:09,19,18.35,500,20.35,500,0,39000
RELIANCE27Feb201660CE.NFO,07/01/2020,12:29:31,19,18.05,500,20.35,500,0,39000
RELIANCE27Feb201660CE.NFO,07/01/2020,12:29:45,19,18.05,500,20.2,500,0,39000
RELIANCE27Feb201660CE.NFO,07/01/2020,12:30:44,19,18.15,500,20.2,500,0,39000
RELIANCE27Feb201660CE.NFO,07/01/2020,12:31:09,19,18.15,3500,20.2,500,0,39000
RELIANCE27Feb201660CE.NFO,07/01/2020,12:31:31,19,18.25,500,20.2,500,0,39000
RELIANCE27Feb201660CE.NFO,07/01/2020,12:31:34,19,18.35,500,20.2,500,0,39000
RELIANCE27Feb201660CE.NFO,07/01/2020,12:32:01,19,18.25,500,20.2,500,0,39000
RELIANCE27Feb201660CE.NFO,07/01/2020,12:32:44,19,18.15,500,20.2,500,0,39000
RELIANCE27Feb201660CE.NFO,07/01/2020,12:32:53,19,18.15,3500,20.2,500,0,39000
RELIANCE27Feb201660CE.NFO,07/01/2020,12:33:38,19,18.2,500,20.2,500,0,39000
RELIANCE27Feb201660CE.NFO,07/01/2020,12:36:12,19,18.35,3500,20.2,500,0,39000
RELIANCE27Feb201660CE.NFO,07/01/2020,12:36:26,19,18.35,500,20.2,500,0,39000
RELIANCE27Feb201660CE.NFO,07/01/2020,12:38:56,19,18.35,3500,20.2,500,0,39000
RELIANCE27Feb201660CE.NFO,07/01/2020,12:40:00,19,18.45,500,20.2,500,0,39000
RELIANCE27Feb201660CE.NFO,07/01/2020,12:40:03,19,18.45,3500,20.2,500,0,39000
RELIANCE27Feb201660CE.NFO,07/01/2020,12:40:06,19,18.45,500,20.2,500,0,39000
RELIANCE27Feb201660CE.NFO,07/01/2020,12:40:11,19,18.45,3500,20.2,500,0,39000
RELIANCE27Feb201660CE.NFO,07/01/2020,12:40:17,19,18.45,500,20.2,500,0,39000
RELIANCE27Feb201660CE.NFO,07/01/2020,12:40:34,19,18.45,3500,20.2,500,0,39000
RELIANCE27Feb201660CE.NFO,07/01/2020,12:40:37,19,18.55,3500,20.2,500,0,39000
RELIANCE27Feb201660CE.NFO,07/01/2020,12:40:57,19,18.65,3500,20.2,500,0,39000
RELIANCE27Feb201660CE.NFO,07/01/2020,12:41:01,19,18.65,500,20.2,500,0,39000
RELIANCE27Feb201660CE.NFO,07/01/2020,12:45:20,19,18.8,500,20.55,500,0,39000
RELIANCE27Feb201660CE.NFO,07/01/2020,12:45:31,19,18.8,500,20.4,500,0,39000
RELIANCE27Feb201660CE.NFO,07/01/2020,13:00:11,19,18.35,500,20.25,500,0,39000
RELIANCE27Feb201660CE.NFO,07/01/2020,13:01:11,19,18.35,500,20.1,500,0,39000
RELIANCE27Feb201660CE.NFO,07/01/2020,13:01:32,19,17.95,500,20.1,500,0,39000
RELIANCE27Feb201660CE.NFO,07/01/2020,13:01:49,19,17.95,500,20.4,500,0,39000
RELIANCE27Feb201660CE.NFO,07/01/2020,13:01:55,19,17.95,500,19.95,500,0,39000
RELIANCE27Feb201660CE.NFO,07/01/2020,13:03:35,19,17.95,500,20.1,500,0,39000
RELIANCE27Feb201660CE.NFO,07/01/2020,13:03:58,19,17.95,3500,20.1,500,0,39000
RELIANCE27Feb201660CE.NFO,07/01/2020,13:04:46,19,17.95,500,20.1,500,0,39000
RELIANCE27Feb201660CE.NFO,07/01/2020,13:06:54,19,17.6,500,19.95,500,0,39000
RELIANCE27Feb201660CE.NFO,07/01/2020,13:07:27,19,17.75,500,19.95,500,0,39000
RELIANCE27Feb201660CE.NFO,07/01/2020,13:07:33,19,17.75,500,20.25,500,0,39000
RELIANCE27Feb201660CE.NFO,07/01/2020,13:07:38,19,17.75,500,20.1,500,0,39000
RELIANCE27Feb201660CE.NFO,07/01/2020,13:07:43,19,17.75,500,20.05,500,0,39000
RELIANCE27Feb201660CE.NFO,07/01/2020,13:08:14,19,17.75,500,20.4,500,0,39000
RELIANCE27Feb201660CE.NFO,07/01/2020,13:08:21,19,17.6,500,20.25,500,0,39000
RELIANCE27Feb201660CE.NFO,07/01/2020,13:08:29,19,17.6,500,20.1,500,0,39000
RELIANCE27Feb201660CE.NFO,07/01/2020,13:08:36,19,17.75,500,20.1,500,0,39000
RELIANCE27Feb201660CE.NFO,07/01/2020,13:09:07,19,17.75,500,20.25,500,0,39000
RELIANCE27Feb201660CE.NFO,07/01/2020,13:09:15,19,17.75,500,20.1,500,0,39000
RELIANCE27Feb201660CE.NFO,07/01/2020,13:10:23,19,17.75,500,20.15,500,0,39000
RELIANCE27Feb201660CE.NFO,07/01/2020,13:10:28,19,17.75,500,20.25,500,0,39000
RELIANCE27Feb201660CE.NFO,07/01/2020,13:10:34,19,17.75,500,20.55,500,0,39000
RELIANCE27Feb201660CE.NFO,07/01/2020,13:10:58,19,17.75,500,20.15,500,0,39000
RELIANCE27Feb201660CE.NFO,07/01/2020,13:11:09,19,17.75,500,20.1,500,0,39000
RELIANCE27Feb201660CE.NFO,07/01/2020,13:11:14,19,17.75,500,20.25,500,0,39000
RELIANCE27Feb201660CE.NFO,07/01/2020,13:11:20,19,17.75,500,20.55,500,0,39000
RELIANCE27Feb201660CE.NFO,07/01/2020,13:11:24,19,17.75,500,20.4,500,0,39000
RELIANCE27Feb201660CE.NFO,07/01/2020,13:11:32,19,17.75,500,20.55,500,0,39000
RELIANCE27Feb201660CE.NFO,07/01/2020,13:11:36,19,17.75,500,20.3,500,0,39000
RELIANCE27Feb201660CE.NFO,07/01/2020,13:11:41,19,17.75,500,20.15,500,0,39000
RELIANCE27Feb201660CE.NFO,07/01/2020,13:11:50,19,17.75,500,20.1,500,0,39000
RELIANCE27Feb201660CE.NFO,07/01/2020,13:12:05,19,17.75,500,20.3,500,0,39000
RELIANCE27Feb201660CE.NFO,07/01/2020,13:12:11,19,17.75,500,20.4,500,0,39000
RELIANCE27Feb201660CE.NFO,07/01/2020,13:12:16,19,17.75,500,20.25,500,0,39000
RELIANCE27Feb201660CE.NFO,07/01/2020,13:12:21,19,17.75,500,20.1,500,0,39000
RELIANCE27Feb201660CE.NFO,07/01/2020,13:12:44,19,17.75,500,20.4,500,0,39000
RELIANCE27Feb201660CE.NFO,07/01/2020,13:12:52,19,17.75,500,20.55,500,0,39000
RELIANCE27Feb201660CE.NFO,07/01/2020,13:12:56,19,17.75,500,20.1,500,0,39000
RELIANCE27Feb201660CE.NFO,07/01/2020,13:13:30,19,17.75,500,20.55,1000,0,39000
RELIANCE27Feb201660CE.NFO,07/01/2020,13:13:36,19,17.75,500,20.1,500,0,39000
RELIANCE27Feb201660CE.NFO,07/01/2020,13:14:04,19,17.75,500,20.25,500,0,39000
RELIANCE27Feb201660CE.NFO,07/01/2020,13:14:09,19,17.75,500,20.1,500,0,39000
RELIANCE27Feb201660CE.NFO,07/01/2020,13:14:24,19,17.75,500,20.55,500,0,39000
RELIANCE27Feb201660CE.NFO,07/01/2020,13:14:28,19,17.75,500,20.25,500,0,39000
RELIANCE27Feb201660CE.NFO,07/01/2020,13:14:31,19,17.75,500,20.55,500,0,39000
RELIANCE27Feb201660CE.NFO,07/01/2020,13:14:35,19,17.75,500,20.25,500,0,39000
RELIANCE27Feb201660CE.NFO,07/01/2020,13:14:41,19,17.75,500,20.1,500,0,39000
RELIANCE27Feb201660CE.NFO,07/01/2020,13:15:20,19,17.15,500,20.1,500,0,39000
