Ticker,Date,Time,LTP,BuyPrice,BuyQty,SellPrice,SellQty,LTQ,OpenInterest
SAIL27Feb2044PE.NFO,07/01/2020,09:33:28,2.05,1.8,204100,2.6,15700,15700,31400
SAIL27Feb2044PE.NFO,07/01/2020,09:33:28,2.05,1.8,204100,2.6,15700,0,31400
SAIL27Feb2044PE.NFO,07/01/2020,09:33:28,2.05,1.8,204100,2.6,15700,0,31400
SAIL27Feb2044PE.NFO,07/01/2020,09:33:28,2.05,1.8,204100,2.6,15700,0,31400
SAIL27Feb2044PE.NFO,07/01/2020,09:33:39,2.05,1.8,204100,2.45,15700,0,31400
SAIL27Feb2044PE.NFO,07/01/2020,09:33:45,2.05,1.8,204100,2.3,15700,0,31400
SAIL27Feb2044PE.NFO,07/01/2020,09:33:55,2.05,1.8,204100,2.2,15700,0,31400
SAIL27Feb2044PE.NFO,07/01/2020,09:34:06,2.05,1.8,204100,2.15,15700,0,31400
SAIL27Feb2044PE.NFO,07/01/2020,09:34:30,2.05,1.8,204100,2.15,31400,0,31400
SAIL27Feb2044PE.NFO,07/01/2020,09:34:37,2.05,1.8,204100,2.15,15700,0,31400
SAIL27Feb2044PE.NFO,07/01/2020,09:34:49,2.05,1.8,204100,2.15,31400,0,31400
SAIL27Feb2044PE.NFO,07/01/2020,09:35:05,2.05,1.8,204100,2.15,15700,0,31400
SAIL27Feb2044PE.NFO,07/01/2020,09:35:16,2.05,1.8,204100,2.65,78500,0,31400
SAIL27Feb2044PE.NFO,07/01/2020,09:35:27,2.05,1.8,204100,2.55,15700,0,31400
SAIL27Feb2044PE.NFO,07/01/2020,09:35:39,2.05,1.8,204100,2.45,15700,0,31400
SAIL27Feb2044PE.NFO,07/01/2020,09:36:02,2.05,1.8,204100,2.55,15700,0,31400
SAIL27Feb2044PE.NFO,07/01/2020,09:36:08,2.05,2.05,15700,2.55,15700,0,31400
SAIL27Feb2044PE.NFO,07/01/2020,09:36:43,2.05,2,15700,2.55,15700,0,31400
SAIL27Feb2044PE.NFO,07/01/2020,09:36:48,2.05,2.05,15700,2.55,15700,0,31400
SAIL27Feb2044PE.NFO,07/01/2020,09:37:05,2.05,2,15700,2.55,15700,0,31400
SAIL27Feb2044PE.NFO,07/01/2020,09:39:05,2.05,1.8,204100,2.55,15700,0,31400
SAIL27Feb2044PE.NFO,07/01/2020,09:40:08,2.05,1.95,15700,2.55,15700,0,31400
SAIL27Feb2044PE.NFO,07/01/2020,09:40:32,2.05,1.95,15700,2.5,15700,0,31400
SAIL27Feb2044PE.NFO,07/01/2020,09:40:38,2.05,1.95,15700,2.4,15700,0,31400
SAIL27Feb2044PE.NFO,07/01/2020,09:40:43,2.05,2,15700,2.4,15700,0,31400
SAIL27Feb2044PE.NFO,07/01/2020,09:40:49,2.05,2,15700,2.3,15700,0,31400
SAIL27Feb2044PE.NFO,07/01/2020,09:40:54,2.05,1.95,15700,2.3,15700,0,31400
SAIL27Feb2044PE.NFO,07/01/2020,09:40:59,2.05,1.95,15700,2.2,15700,0,31400
SAIL27Feb2044PE.NFO,07/01/2020,09:41:11,2.05,1.95,15700,2.15,15700,0,31400
SAIL27Feb2044PE.NFO,07/01/2020,09:41:16,2.05,1.95,15700,2.15,31400,0,31400
SAIL27Feb2044PE.NFO,07/01/2020,09:41:26,2.05,1.9,15700,2.15,31400,0,31400
SAIL27Feb2044PE.NFO,07/01/2020,09:41:52,2.05,1.95,15700,2.15,31400,0,31400
SAIL27Feb2044PE.NFO,07/01/2020,09:42:55,2.05,1.95,15700,2.1,15700,0,31400
SAIL27Feb2044PE.NFO,07/01/2020,09:43:11,2.05,1.9,15700,2.1,15700,0,31400
SAIL27Feb2044PE.NFO,07/01/2020,09:43:16,2.05,1.95,15700,2.1,15700,0,31400
SAIL27Feb2044PE.NFO,07/01/2020,09:44:16,2.05,1.9,15700,2.1,15700,0,31400
SAIL27Feb2044PE.NFO,07/01/2020,09:44:51,2.05,1.9,15700,2.15,31400,0,31400
SAIL27Feb2044PE.NFO,07/01/2020,09:44:56,2.05,1.9,15700,2.1,15700,0,31400
SAIL27Feb2044PE.NFO,07/01/2020,09:48:21,2.05,1.9,15700,2.25,15700,0,31400
SAIL27Feb2044PE.NFO,07/01/2020,09:49:20,2.05,1.9,15700,2.3,15700,0,31400
SAIL27Feb2044PE.NFO,07/01/2020,09:50:12,2.05,1.85,235500,2.35,219800,0,31400
SAIL27Feb2044PE.NFO,07/01/2020,09:50:18,2.05,1.9,15700,2.35,235500,0,31400
SAIL27Feb2044PE.NFO,07/01/2020,09:50:23,2.05,1.85,235500,2.35,219800,0,31400
SAIL27Feb2044PE.NFO,07/01/2020,09:50:28,2.05,1.9,15700,2.35,235500,0,31400
SAIL27Feb2044PE.NFO,07/01/2020,09:51:05,2.05,1.85,235500,2.35,219800,0,31400
SAIL27Feb2044PE.NFO,07/01/2020,09:51:11,2.05,1.95,15700,2.35,235500,0,31400
SAIL27Feb2044PE.NFO,07/01/2020,09:51:36,2.05,1.95,15700,2.35,172700,0,31400
SAIL27Feb2044PE.NFO,07/01/2020,09:51:41,2.05,1.95,15700,2.35,141300,0,31400
SAIL27Feb2044PE.NFO,07/01/2020,09:51:45,2.05,1.95,15700,2.35,172700,0,31400
SAIL27Feb2044PE.NFO,07/01/2020,09:52:05,2.05,1.95,15700,2.35,141300,0,31400
SAIL27Feb2044PE.NFO,07/01/2020,09:52:25,2.05,1.95,15700,2.35,109900,0,31400
SAIL27Feb2044PE.NFO,07/01/2020,09:53:04,2.05,2,15700,2.65,47100,0,31400
SAIL27Feb2044PE.NFO,07/01/2020,09:54:23,2.05,2,15700,2.5,47100,0,31400
SAIL27Feb2044PE.NFO,07/01/2020,09:54:29,2.05,2,15700,2.35,15700,0,31400
SAIL27Feb2044PE.NFO,07/01/2020,09:54:58,2.05,2,15700,2.3,15700,0,31400
SAIL27Feb2044PE.NFO,07/01/2020,09:55:03,2.05,1.95,15700,2.3,15700,0,31400
SAIL27Feb2044PE.NFO,07/01/2020,09:55:15,2.05,1.95,15700,2.5,47100,0,31400
SAIL27Feb2044PE.NFO,07/01/2020,09:55:21,2.05,1.95,15700,2.3,15700,0,31400
SAIL27Feb2044PE.NFO,07/01/2020,09:55:26,2.05,2,15700,2.2,31400,0,31400
SAIL27Feb2044PE.NFO,07/01/2020,09:55:42,2.05,2,15700,2.15,15700,0,31400
SAIL27Feb2044PE.NFO,07/01/2020,09:58:00,2.05,2,15700,2.2,31400,0,31400
SAIL27Feb2044PE.NFO,07/01/2020,09:58:27,2.05,2,15700,2.15,15700,0,31400
SAIL27Feb2044PE.NFO,07/01/2020,09:59:02,2.05,2,15700,2.2,31400,0,31400
SAIL27Feb2044PE.NFO,07/01/2020,09:59:36,2.05,2,15700,2.15,15700,0,31400
SAIL27Feb2044PE.NFO,07/01/2020,10:00:33,2.05,2,15700,2.4,47100,0,31400
SAIL27Feb2044PE.NFO,07/01/2020,10:00:38,2.05,2,15700,2.3,15700,0,31400
SAIL27Feb2044PE.NFO,07/01/2020,10:00:56,2.05,2,15700,2.45,15700,0,31400
SAIL27Feb2044PE.NFO,07/01/2020,10:01:02,2.05,2,15700,2.35,15700,0,31400
SAIL27Feb2044PE.NFO,07/01/2020,10:01:15,2.05,2.05,15700,2.35,15700,0,31400
SAIL27Feb2044PE.NFO,07/01/2020,10:01:22,2.05,2,15700,2.35,15700,0,31400
SAIL27Feb2044PE.NFO,07/01/2020,10:01:28,2.05,2.05,15700,2.35,15700,0,31400
SAIL27Feb2044PE.NFO,07/01/2020,10:01:34,2.05,2,15700,2.35,15700,0,31400
SAIL27Feb2044PE.NFO,07/01/2020,10:01:39,2.05,2.05,15700,2.35,15700,0,31400
SAIL27Feb2044PE.NFO,07/01/2020,10:01:45,2.05,1.95,219800,2.4,31400,0,31400
SAIL27Feb2044PE.NFO,07/01/2020,10:01:51,2.05,2,15700,2.35,15700,0,31400
SAIL27Feb2044PE.NFO,07/01/2020,10:03:10,2.05,2,31400,2.4,31400,0,31400
SAIL27Feb2044PE.NFO,07/01/2020,10:03:17,2.05,2.05,15700,2.35,15700,0,31400
SAIL27Feb2044PE.NFO,07/01/2020,10:04:21,2.05,2.05,15700,2.5,47100,0,31400
SAIL27Feb2044PE.NFO,07/01/2020,10:04:26,2.05,2.05,15700,2.4,15700,0,31400
SAIL27Feb2044PE.NFO,07/01/2020,10:04:31,2.05,2.05,15700,2.35,15700,0,31400
SAIL27Feb2044PE.NFO,07/01/2020,10:05:33,2.05,2.05,15700,2.4,15700,0,31400
SAIL27Feb2044PE.NFO,07/01/2020,10:05:40,2.05,2.1,15700,2.4,15700,0,31400
SAIL27Feb2044PE.NFO,07/01/2020,10:05:46,2.05,2.1,15700,2.35,15700,0,31400
SAIL27Feb2044PE.NFO,07/01/2020,10:06:33,2.05,2.1,15700,2.4,15700,0,31400
SAIL27Feb2044PE.NFO,07/01/2020,10:06:38,2.05,2.1,15700,2.35,15700,0,31400
SAIL27Feb2044PE.NFO,07/01/2020,10:06:48,2.05,2.1,15700,2.4,15700,0,31400
SAIL27Feb2044PE.NFO,07/01/2020,10:06:54,2.05,2.1,15700,2.35,15700,0,31400
SAIL27Feb2044PE.NFO,07/01/2020,10:08:01,2.05,2.05,15700,2.35,15700,0,31400
SAIL27Feb2044PE.NFO,07/01/2020,10:08:52,2.05,2,15700,2.35,15700,0,31400
SAIL27Feb2044PE.NFO,07/01/2020,10:08:58,2.05,2,15700,2.3,15700,0,31400
SAIL27Feb2044PE.NFO,07/01/2020,10:09:19,2.05,2,15700,2.35,15700,0,31400
SAIL27Feb2044PE.NFO,07/01/2020,10:09:25,2.05,2,15700,2.3,15700,0,31400
SAIL27Feb2044PE.NFO,07/01/2020,10:10:01,2.05,1.95,15700,2.3,15700,0,31400
SAIL27Feb2044PE.NFO,07/01/2020,10:10:59,2.05,2,15700,2.3,15700,0,31400
SAIL27Feb2044PE.NFO,07/01/2020,10:11:35,2.05,1.95,15700,2.3,15700,0,31400
SAIL27Feb2044PE.NFO,07/01/2020,10:14:04,2.05,2,15700,2.3,15700,0,31400
SAIL27Feb2044PE.NFO,07/01/2020,10:14:09,2.05,1.95,15700,2.3,15700,0,31400
SAIL27Feb2044PE.NFO,07/01/2020,10:14:20,2.05,2,15700,2.3,15700,0,31400
SAIL27Feb2044PE.NFO,07/01/2020,10:14:26,2.05,1.95,15700,2.3,15700,0,31400
SAIL27Feb2044PE.NFO,07/01/2020,10:15:12,2.05,2,15700,2.3,15700,0,31400
SAIL27Feb2044PE.NFO,07/01/2020,10:15:17,2.05,1.95,15700,2.3,15700,0,31400
SAIL27Feb2044PE.NFO,07/01/2020,10:15:22,2.05,2,15700,2.3,15700,0,31400
SAIL27Feb2044PE.NFO,07/01/2020,10:15:27,2.05,1.95,15700,2.3,15700,0,31400
SAIL27Feb2044PE.NFO,07/01/2020,10:16:27,2.05,2,15700,2.3,15700,0,31400
SAIL27Feb2044PE.NFO,07/01/2020,10:16:47,2.05,1.95,15700,2.3,15700,0,31400
SAIL27Feb2044PE.NFO,07/01/2020,10:16:52,2.05,2,15700,2.3,15700,0,31400
SAIL27Feb2044PE.NFO,07/01/2020,10:17:15,2.05,2,15700,2.2,15700,0,31400
SAIL27Feb2044PE.NFO,07/01/2020,10:21:33,2.05,1.9,172700,2.25,15700,0,31400
SAIL27Feb2044PE.NFO,07/01/2020,10:21:38,2.05,1.9,47100,2.25,15700,0,31400
SAIL27Feb2044PE.NFO,07/01/2020,10:22:09,2.05,1.9,78500,2.25,15700,0,31400
SAIL27Feb2044PE.NFO,07/01/2020,10:22:47,2.05,1.9,235500,2.25,15700,0,31400
SAIL27Feb2044PE.NFO,07/01/2020,10:24:41,2.05,1.9,266900,2.25,15700,0,31400
SAIL27Feb2044PE.NFO,07/01/2020,10:24:49,2.05,1.9,235500,2.25,15700,0,31400
SAIL27Feb2044PE.NFO,07/01/2020,10:24:53,2.05,2,15700,2.25,15700,0,31400
SAIL27Feb2044PE.NFO,07/01/2020,10:25:22,2.05,1.95,31400,2.25,15700,0,31400
SAIL27Feb2044PE.NFO,07/01/2020,10:25:43,2.05,1.95,157000,2.25,15700,0,31400
SAIL27Feb2044PE.NFO,07/01/2020,10:25:47,2.05,1.95,188400,2.25,15700,0,31400
SAIL27Feb2044PE.NFO,07/01/2020,10:26:03,2.05,1.95,188400,2.35,15700,0,31400
SAIL27Feb2044PE.NFO,07/01/2020,10:26:17,2.05,1.95,188400,2.25,15700,0,31400
SAIL27Feb2044PE.NFO,07/01/2020,10:26:40,2.05,1.95,188400,2.3,15700,0,31400
SAIL27Feb2044PE.NFO,07/01/2020,10:26:48,2.05,1.95,125600,2.3,15700,0,31400
SAIL27Feb2044PE.NFO,07/01/2020,10:27:01,2.05,2,15700,2.3,15700,0,31400
SAIL27Feb2044PE.NFO,07/01/2020,10:39:02,2.05,1.95,125600,2.35,47100,0,31400
SAIL27Feb2044PE.NFO,07/01/2020,10:39:07,2.05,2,15700,2.3,15700,0,31400
SAIL27Feb2044PE.NFO,07/01/2020,10:41:22,2.05,1.9,235500,2.35,47100,0,31400
SAIL27Feb2044PE.NFO,07/01/2020,10:41:29,2.05,1.95,15700,2.3,15700,0,31400
SAIL27Feb2044PE.NFO,07/01/2020,10:44:06,2.05,2,15700,2.3,15700,0,31400
SAIL27Feb2044PE.NFO,07/01/2020,10:47:18,2.05,1.95,15700,2.3,15700,0,31400
SAIL27Feb2044PE.NFO,07/01/2020,10:48:01,2.05,1.95,15700,2.2,15700,0,31400
SAIL27Feb2044PE.NFO,07/01/2020,10:48:09,2.05,1.95,15700,2.15,15700,0,31400
SAIL27Feb2044PE.NFO,07/01/2020,10:48:14,2.05,1.95,15700,2.15,31400,0,31400
SAIL27Feb2044PE.NFO,07/01/2020,10:48:30,2.05,1.95,15700,2.3,15700,0,31400
SAIL27Feb2044PE.NFO,07/01/2020,10:49:45,2.05,2,15700,2.35,47100,0,31400
SAIL27Feb2044PE.NFO,07/01/2020,10:49:49,2.05,1.95,15700,2.35,47100,0,31400
SAIL27Feb2044PE.NFO,07/01/2020,10:50:58,2.05,2,15700,2.35,47100,0,31400
SAIL27Feb2044PE.NFO,07/01/2020,10:51:06,2.05,2,15700,2.65,47100,0,31400
SAIL27Feb2044PE.NFO,07/01/2020,10:53:13,2.05,1.95,219800,2.65,31400,0,31400
SAIL27Feb2044PE.NFO,07/01/2020,10:53:20,2.05,2,15700,2.65,31400,0,31400
SAIL27Feb2044PE.NFO,07/01/2020,10:53:54,2.05,2.05,15700,2.65,31400,0,31400
SAIL27Feb2044PE.NFO,07/01/2020,10:56:14,2.05,2.05,15700,2.6,62800,0,31400
SAIL27Feb2044PE.NFO,07/01/2020,10:59:32,2.05,2.05,15700,2.6,78500,0,31400
SAIL27Feb2044PE.NFO,07/01/2020,11:00:00,2.05,2.05,15700,2.6,62800,0,31400
SAIL27Feb2044PE.NFO,07/01/2020,11:00:32,2.05,2.05,109900,2.6,62800,0,31400
SAIL27Feb2044PE.NFO,07/01/2020,11:00:52,2.05,2.1,31400,2.6,62800,0,31400
SAIL27Feb2044PE.NFO,07/01/2020,11:02:07,2.05,2.1,15700,2.6,62800,0,31400
SAIL27Feb2044PE.NFO,07/01/2020,11:02:14,2.05,2.1,31400,2.55,47100,0,31400
SAIL27Feb2044PE.NFO,07/01/2020,11:02:35,2.05,2.1,15700,2.55,47100,0,31400
SAIL27Feb2044PE.NFO,07/01/2020,11:03:01,2.05,2.1,31400,2.55,47100,0,31400
SAIL27Feb2044PE.NFO,07/01/2020,11:03:14,2.05,2.1,15700,2.55,47100,0,31400
SAIL27Feb2044PE.NFO,07/01/2020,11:03:20,2.05,2.1,31400,2.55,47100,0,31400
SAIL27Feb2044PE.NFO,07/01/2020,11:03:38,2.05,2.1,15700,2.55,47100,0,31400
SAIL27Feb2044PE.NFO,07/01/2020,11:03:46,2.05,2.1,31400,2.55,47100,0,31400
SAIL27Feb2044PE.NFO,07/01/2020,11:04:38,2.05,2.1,94200,2.55,47100,0,31400
SAIL27Feb2044PE.NFO,07/01/2020,11:04:53,2.05,2.1,31400,2.55,47100,0,31400
SAIL27Feb2044PE.NFO,07/01/2020,11:05:07,2.05,2.1,94200,2.55,47100,0,31400
SAIL27Feb2044PE.NFO,07/01/2020,11:05:13,2.05,2.1,62800,2.55,47100,0,31400
SAIL27Feb2044PE.NFO,07/01/2020,11:06:07,2.05,2.1,31400,2.55,47100,0,31400
SAIL27Feb2044PE.NFO,07/01/2020,11:08:46,2.05,2.1,31400,2.55,78500,0,31400
SAIL27Feb2044PE.NFO,07/01/2020,11:11:15,2.05,2.1,62800,2.55,78500,0,31400
SAIL27Feb2044PE.NFO,07/01/2020,11:11:31,2.05,2.1,125600,2.55,47100,0,31400
SAIL27Feb2044PE.NFO,07/01/2020,11:11:46,2.05,2.1,109900,2.55,47100,0,31400
SAIL27Feb2044PE.NFO,07/01/2020,11:12:07,2.05,2.1,141300,2.55,47100,0,31400
SAIL27Feb2044PE.NFO,07/01/2020,11:12:55,2.05,2.1,62800,2.55,47100,0,31400
SAIL27Feb2044PE.NFO,07/01/2020,11:13:15,2.05,2.1,251200,2.55,47100,0,31400
SAIL27Feb2044PE.NFO,07/01/2020,11:15:19,2.05,2.1,251200,2.55,31400,0,31400
SAIL27Feb2044PE.NFO,07/01/2020,11:16:32,2.05,2.1,251200,2.5,47100,0,31400
SAIL27Feb2044PE.NFO,07/01/2020,11:17:13,2.05,2.1,62800,2.5,47100,0,31400
SAIL27Feb2044PE.NFO,07/01/2020,11:18:42,2.05,2.1,31400,2.5,47100,0,31400
SAIL27Feb2044PE.NFO,07/01/2020,11:18:56,2.05,2.05,204100,2.5,47100,0,31400
SAIL27Feb2044PE.NFO,07/01/2020,11:19:02,2.05,2.05,235500,2.5,47100,0,31400
SAIL27Feb2044PE.NFO,07/01/2020,11:20:55,2.05,2.05,78500,2.5,47100,0,31400
SAIL27Feb2044PE.NFO,07/01/2020,11:21:15,2.05,2.05,235500,2.5,47100,0,31400
SAIL27Feb2044PE.NFO,07/01/2020,11:21:49,2.05,2.1,31400,2.5,47100,0,31400
SAIL27Feb2044PE.NFO,07/01/2020,11:22:49,2.05,2.1,157000,2.5,47100,0,31400
SAIL27Feb2044PE.NFO,07/01/2020,11:23:02,2.05,2.1,62800,2.5,47100,0,31400
SAIL27Feb2044PE.NFO,07/01/2020,11:23:17,2.05,2.1,157000,2.5,47100,0,31400
SAIL27Feb2044PE.NFO,07/01/2020,11:23:22,2.05,2.1,31400,2.5,47100,0,31400
SAIL27Feb2044PE.NFO,07/01/2020,11:31:40,2.05,2.1,31400,2.5,15700,0,31400
SAIL27Feb2044PE.NFO,07/01/2020,11:31:56,2.05,2.1,31400,2.5,47100,0,31400
SAIL27Feb2044PE.NFO,07/01/2020,11:34:32,2.05,2.05,47100,2.5,47100,0,31400
SAIL27Feb2044PE.NFO,07/01/2020,11:35:02,2.05,1.8,266900,2.5,47100,0,31400
SAIL27Feb2044PE.NFO,07/01/2020,11:38:25,2.05,2,235500,2.5,47100,0,31400
SAIL27Feb2044PE.NFO,07/01/2020,11:38:29,2.05,2.05,47100,2.5,47100,0,31400
SAIL27Feb2044PE.NFO,07/01/2020,11:38:40,2.05,2.1,31400,2.5,47100,0,31400
SAIL27Feb2044PE.NFO,07/01/2020,11:42:40,2.05,2.1,15700,2.5,47100,0,31400
SAIL27Feb2044PE.NFO,07/01/2020,11:42:46,2.05,2.1,31400,2.5,47100,0,31400
SAIL27Feb2044PE.NFO,07/01/2020,11:50:27,2.05,2.1,15700,2.5,47100,0,31400
SAIL27Feb2044PE.NFO,07/01/2020,11:50:33,2.05,2.1,31400,2.5,47100,0,31400
SAIL27Feb2044PE.NFO,07/01/2020,11:59:57,2.05,2.1,62800,2.5,47100,0,31400
SAIL27Feb2044PE.NFO,07/01/2020,12:00:00,2.05,2.1,47100,2.5,47100,0,31400
SAIL27Feb2044PE.NFO,07/01/2020,12:00:16,2.05,2.1,47100,2.5,15700,0,31400
SAIL27Feb2044PE.NFO,07/01/2020,12:00:32,2.05,2.1,47100,2.5,47100,0,31400
SAIL27Feb2044PE.NFO,07/01/2020,12:01:44,2.05,2.1,47100,2.5,15700,0,31400
SAIL27Feb2044PE.NFO,07/01/2020,12:02:32,2.05,2.1,47100,2.5,47100,0,31400
SAIL27Feb2044PE.NFO,07/01/2020,12:02:46,2.05,2.1,15700,2.5,47100,0,31400
SAIL27Feb2044PE.NFO,07/01/2020,12:05:35,2.05,2.1,47100,2.5,47100,0,31400
SAIL27Feb2044PE.NFO,07/01/2020,12:07:49,2.05,2.1,62800,2.5,47100,0,31400
SAIL27Feb2044PE.NFO,07/01/2020,12:07:50,2.05,2.1,62800,2.45,15700,0,31400
SAIL27Feb2044PE.NFO,07/01/2020,12:08:16,2.05,2.1,31400,2.45,15700,0,31400
SAIL27Feb2044PE.NFO,07/01/2020,12:08:23,2.05,2.1,31400,2.35,15700,0,31400
SAIL27Feb2044PE.NFO,07/01/2020,12:08:29,2.05,2.1,15700,2.35,15700,0,31400
SAIL27Feb2044PE.NFO,07/01/2020,12:08:38,2.05,2.1,15700,2.3,31400,0,31400
SAIL27Feb2044PE.NFO,07/01/2020,12:08:59,2.05,2.1,15700,2.25,15700,0,31400
SAIL27Feb2044PE.NFO,07/01/2020,12:10:12,2.05,2.1,15700,2.45,15700,0,31400
SAIL27Feb2044PE.NFO,07/01/2020,12:12:50,2.05,2.1,31400,2.45,15700,0,31400
SAIL27Feb2044PE.NFO,07/01/2020,12:14:44,2.05,2.1,31400,2.4,15700,0,31400
SAIL27Feb2044PE.NFO,07/01/2020,12:15:33,2.05,2.1,31400,2.55,47100,0,31400
SAIL27Feb2044PE.NFO,07/01/2020,12:15:36,2.05,2.1,31400,2.45,15700,0,31400
SAIL27Feb2044PE.NFO,07/01/2020,12:18:29,2.05,2.1,31400,2.5,47100,0,31400
SAIL27Feb2044PE.NFO,07/01/2020,12:18:32,2.05,2.1,31400,2.45,15700,0,31400
SAIL27Feb2044PE.NFO,07/01/2020,12:18:43,2.05,2.1,31400,2.4,15700,0,31400
SAIL27Feb2044PE.NFO,07/01/2020,12:18:47,2.05,2.1,31400,2.45,15700,0,31400
SAIL27Feb2044PE.NFO,07/01/2020,12:18:52,2.05,2.1,31400,2.4,15700,0,31400
SAIL27Feb2044PE.NFO,07/01/2020,12:18:55,2.05,2.1,31400,2.45,15700,0,31400
SAIL27Feb2044PE.NFO,07/01/2020,12:19:08,2.05,2.1,31400,2.4,15700,0,31400
SAIL27Feb2044PE.NFO,07/01/2020,12:19:44,2.05,1.8,266900,2.4,15700,0,31400
SAIL27Feb2044PE.NFO,07/01/2020,12:19:53,2.05,1.95,266900,2.4,15700,0,31400
SAIL27Feb2044PE.NFO,07/01/2020,12:20:01,2.05,2,219800,2.4,15700,0,31400
SAIL27Feb2044PE.NFO,07/01/2020,12:22:17,2.05,2,219800,2.55,47100,0,31400
SAIL27Feb2044PE.NFO,07/01/2020,12:22:20,2.05,2,219800,2.45,15700,0,31400
SAIL27Feb2044PE.NFO,07/01/2020,12:22:54,2.05,2,251200,2.45,15700,0,31400
SAIL27Feb2044PE.NFO,07/01/2020,12:23:10,2.05,2.05,172700,2.45,15700,0,31400
SAIL27Feb2044PE.NFO,07/01/2020,12:24:17,2.05,2.05,78500,2.4,15700,0,31400
SAIL27Feb2044PE.NFO,07/01/2020,12:26:15,2.05,2.05,15700,2.4,15700,0,31400
SAIL27Feb2044PE.NFO,07/01/2020,12:28:50,2.05,2.05,15700,2.45,15700,0,31400
SAIL27Feb2044PE.NFO,07/01/2020,12:28:54,2.05,2.05,141300,2.45,15700,0,31400
SAIL27Feb2044PE.NFO,07/01/2020,12:29:02,2.05,2.05,235500,2.45,15700,0,31400
SAIL27Feb2044PE.NFO,07/01/2020,12:30:54,2.05,2.05,141300,2.45,15700,0,31400
SAIL27Feb2044PE.NFO,07/01/2020,12:31:45,2.05,2.05,235500,2.45,15700,0,31400
SAIL27Feb2044PE.NFO,07/01/2020,12:31:49,2.05,2.05,251200,2.45,15700,0,31400
SAIL27Feb2044PE.NFO,07/01/2020,12:32:01,2.05,2.05,219800,2.45,15700,0,31400
SAIL27Feb2044PE.NFO,07/01/2020,12:32:28,2.05,2.05,251200,2.45,15700,0,31400
SAIL27Feb2044PE.NFO,07/01/2020,12:32:44,2.05,2.05,251200,2.5,31400,0,31400
SAIL27Feb2044PE.NFO,07/01/2020,12:32:53,2.05,2.05,251200,2.6,62800,0,31400
SAIL27Feb2044PE.NFO,07/01/2020,12:38:39,2.05,2.05,62800,2.6,62800,0,31400
SAIL27Feb2044PE.NFO,07/01/2020,12:40:49,2.05,2.05,188400,2.6,62800,0,31400
SAIL27Feb2044PE.NFO,07/01/2020,12:40:53,2.05,2.05,62800,2.6,62800,0,31400
SAIL27Feb2044PE.NFO,07/01/2020,12:42:12,2.05,2.05,125600,2.6,62800,0,31400
SAIL27Feb2044PE.NFO,07/01/2020,12:42:20,2.05,2.05,188400,2.6,62800,0,31400
SAIL27Feb2044PE.NFO,07/01/2020,12:42:38,2.05,2.05,219800,2.6,62800,0,31400
SAIL27Feb2044PE.NFO,07/01/2020,12:42:42,2.05,2.05,251200,2.6,62800,0,31400
SAIL27Feb2044PE.NFO,07/01/2020,12:45:42,2.05,2.05,188400,2.6,62800,0,31400
SAIL27Feb2044PE.NFO,07/01/2020,12:45:55,2.05,2.05,62800,2.6,62800,0,31400
SAIL27Feb2044PE.NFO,07/01/2020,12:46:00,2.05,2.05,31400,2.6,62800,0,31400
SAIL27Feb2044PE.NFO,07/01/2020,12:46:15,2.05,2.05,15700,2.6,62800,0,31400
SAIL27Feb2044PE.NFO,07/01/2020,12:46:39,2.05,2,15700,2.6,62800,0,31400
SAIL27Feb2044PE.NFO,07/01/2020,12:49:41,2.05,1.95,78500,2.6,62800,0,31400
SAIL27Feb2044PE.NFO,07/01/2020,12:49:44,2.05,2,15700,2.6,62800,0,31400
SAIL27Feb2044PE.NFO,07/01/2020,12:50:24,2.05,2,15700,2.6,78500,0,31400
SAIL27Feb2044PE.NFO,07/01/2020,12:51:11,2.05,1.95,15700,2.6,78500,0,31400
SAIL27Feb2044PE.NFO,07/01/2020,12:51:15,2.05,2,15700,2.6,78500,0,31400
SAIL27Feb2044PE.NFO,07/01/2020,12:51:20,2.05,1.95,15700,2.6,78500,0,31400
SAIL27Feb2044PE.NFO,07/01/2020,12:51:29,2.05,2,15700,2.6,78500,0,31400
SAIL27Feb2044PE.NFO,07/01/2020,12:51:33,2.05,1.95,15700,2.6,78500,0,31400
SAIL27Feb2044PE.NFO,07/01/2020,12:51:36,2.05,2,15700,2.6,78500,0,31400
SAIL27Feb2044PE.NFO,07/01/2020,12:51:43,2.05,1.95,15700,2.6,78500,0,31400
SAIL27Feb2044PE.NFO,07/01/2020,12:51:46,2.05,2,15700,2.6,78500,0,31400
SAIL27Feb2044PE.NFO,07/01/2020,12:52:33,2.05,2.05,15700,2.6,78500,0,31400
SAIL27Feb2044PE.NFO,07/01/2020,12:53:08,2.05,2,15700,2.6,78500,0,31400
SAIL27Feb2044PE.NFO,07/01/2020,12:54:29,2.05,2.05,15700,2.6,78500,0,31400
SAIL27Feb2044PE.NFO,07/01/2020,12:56:43,2.05,2,15700,2.6,78500,0,31400
SAIL27Feb2044PE.NFO,07/01/2020,12:58:01,2.05,2.05,15700,2.6,78500,0,31400
SAIL27Feb2044PE.NFO,07/01/2020,13:00:20,2.05,2.05,141300,2.6,78500,0,31400
SAIL27Feb2044PE.NFO,07/01/2020,13:00:31,2.05,2.05,125600,2.6,78500,0,31400
SAIL27Feb2044PE.NFO,07/01/2020,13:00:36,2.05,2.1,15700,2.6,78500,0,31400
SAIL27Feb2044PE.NFO,07/01/2020,13:03:01,2.05,2.1,78500,2.6,78500,0,31400
SAIL27Feb2044PE.NFO,07/01/2020,13:03:18,2.05,2.1,15700,2.6,78500,0,31400
SAIL27Feb2044PE.NFO,07/01/2020,13:04:46,2.05,2.1,47100,2.6,78500,0,31400
SAIL27Feb2044PE.NFO,07/01/2020,13:04:54,2.05,2.1,15700,2.6,78500,0,31400
SAIL27Feb2044PE.NFO,07/01/2020,13:05:00,2.05,2.1,47100,2.6,78500,0,31400
SAIL27Feb2044PE.NFO,07/01/2020,13:05:06,2.05,2.1,78500,2.6,78500,0,31400
SAIL27Feb2044PE.NFO,07/01/2020,13:05:12,2.05,2.1,47100,2.6,78500,0,31400
SAIL27Feb2044PE.NFO,07/01/2020,13:05:18,2.05,2.1,78500,2.6,78500,0,31400
SAIL27Feb2044PE.NFO,07/01/2020,13:05:28,2.05,2.1,47100,2.6,78500,0,31400
SAIL27Feb2044PE.NFO,07/01/2020,13:05:39,2.05,2.1,172700,2.6,78500,0,31400
SAIL27Feb2044PE.NFO,07/01/2020,13:05:54,2.05,2.1,204100,2.6,78500,0,31400
SAIL27Feb2044PE.NFO,07/01/2020,13:06:01,2.05,2.1,204100,2.6,62800,0,31400
SAIL27Feb2044PE.NFO,07/01/2020,13:06:35,2.05,2.1,172700,2.6,62800,0,31400
SAIL27Feb2044PE.NFO,07/01/2020,13:06:40,2.05,2.1,188400,2.6,62800,0,31400
SAIL27Feb2044PE.NFO,07/01/2020,13:06:54,2.05,2.1,219800,2.6,62800,0,31400
SAIL27Feb2044PE.NFO,07/01/2020,13:07:38,2.05,2.1,188400,2.6,62800,0,31400
SAIL27Feb2044PE.NFO,07/01/2020,13:07:43,2.05,2.1,219800,2.6,62800,0,31400
SAIL27Feb2044PE.NFO,07/01/2020,13:07:48,2.05,2.1,251200,2.6,62800,0,31400
SAIL27Feb2044PE.NFO,07/01/2020,13:07:58,2.05,2.1,219800,2.6,62800,0,31400
SAIL27Feb2044PE.NFO,07/01/2020,13:08:14,2.05,2.1,314000,2.6,62800,0,31400
SAIL27Feb2044PE.NFO,07/01/2020,13:08:21,2.05,2.1,298300,2.6,62800,0,31400
SAIL27Feb2044PE.NFO,07/01/2020,13:09:07,2.05,2.1,282600,2.6,62800,0,31400
SAIL27Feb2044PE.NFO,07/01/2020,13:09:23,2.05,2.1,298300,2.6,62800,0,31400
SAIL27Feb2044PE.NFO,07/01/2020,13:11:36,2.05,2.1,282600,2.6,62800,0,31400
SAIL27Feb2044PE.NFO,07/01/2020,13:11:54,2.05,2.1,219800,2.6,62800,0,31400
SAIL27Feb2044PE.NFO,07/01/2020,13:12:06,2.05,2.1,282600,2.6,62800,0,31400
SAIL27Feb2044PE.NFO,07/01/2020,13:12:11,2.05,2.1,298300,2.6,62800,0,31400
SAIL27Feb2044PE.NFO,07/01/2020,13:12:16,2.05,2.1,282600,2.6,62800,0,31400
SAIL27Feb2044PE.NFO,07/01/2020,13:12:56,2.05,2.1,219800,2.6,62800,0,31400
SAIL27Feb2044PE.NFO,07/01/2020,13:13:01,2.05,2.1,282600,2.6,62800,0,31400
SAIL27Feb2044PE.NFO,07/01/2020,13:13:30,2.05,2.1,251200,2.6,62800,0,31400
SAIL27Feb2044PE.NFO,07/01/2020,13:14:10,2.05,2.1,298300,2.6,31400,0,31400
SAIL27Feb2044PE.NFO,07/01/2020,13:15:58,2.05,2.1,298300,2.9,31400,0,31400
SAIL27Feb2044PE.NFO,07/01/2020,13:16:16,2.05,2.1,298300,2.85,47100,0,31400
SAIL27Feb2044PE.NFO,07/01/2020,13:18:47,2.05,2.1,314000,2.85,47100,0,31400
SAIL27Feb2044PE.NFO,07/01/2020,13:23:33,2.05,2.25,15700,2.85,47100,0,31400
SAIL27Feb2044PE.NFO,07/01/2020,13:24:36,2.05,2.1,314000,2.85,47100,0,31400
SAIL27Feb2044PE.NFO,07/01/2020,13:25:48,2.05,2.1,251200,2.85,47100,0,31400
SAIL27Feb2044PE.NFO,07/01/2020,13:26:30,2.05,2.1,157000,2.85,47100,0,31400
SAIL27Feb2044PE.NFO,07/01/2020,13:27:10,2.05,2.1,219800,2.85,47100,0,31400
SAIL27Feb2044PE.NFO,07/01/2020,13:27:15,2.05,2.1,251200,2.85,47100,0,31400
SAIL27Feb2044PE.NFO,07/01/2020,13:27:37,2.05,2.1,314000,2.85,47100,0,31400
SAIL27Feb2044PE.NFO,07/01/2020,13:28:14,2.05,2.1,329700,2.85,47100,0,31400
SAIL27Feb2044PE.NFO,07/01/2020,13:28:24,2.05,2.1,314000,2.85,47100,0,31400
SAIL27Feb2044PE.NFO,07/01/2020,13:29:55,2.05,2.25,15700,2.85,47100,0,31400
SAIL27Feb2044PE.NFO,07/01/2020,13:30:15,2.05,2.3,15700,2.85,47100,0,31400
SAIL27Feb2044PE.NFO,07/01/2020,13:30:41,2.05,2.25,15700,2.85,47100,0,31400
SAIL27Feb2044PE.NFO,07/01/2020,13:31:38,2.05,2.2,15700,2.85,47100,0,31400
SAIL27Feb2044PE.NFO,07/01/2020,13:33:01,2.05,2.25,15700,2.85,47100,0,31400
SAIL27Feb2044PE.NFO,07/01/2020,13:33:13,2.05,2.2,15700,2.85,47100,0,31400
SAIL27Feb2044PE.NFO,07/01/2020,13:33:22,2.05,2.25,15700,2.85,47100,0,31400
SAIL27Feb2044PE.NFO,07/01/2020,13:34:59,2.05,2.2,15700,2.85,47100,0,31400
SAIL27Feb2044PE.NFO,07/01/2020,13:38:09,2.05,2.1,141300,2.85,47100,0,31400
SAIL27Feb2044PE.NFO,07/01/2020,13:38:17,2.05,2.1,204100,2.85,47100,0,31400
SAIL27Feb2044PE.NFO,07/01/2020,13:38:24,2.05,2.1,141300,2.85,47100,0,31400
SAIL27Feb2044PE.NFO,07/01/2020,13:38:30,2.05,2.1,204100,2.85,47100,0,31400
SAIL27Feb2044PE.NFO,07/01/2020,13:39:34,2.05,2.1,314000,2.85,47100,0,31400
SAIL27Feb2044PE.NFO,07/01/2020,13:39:39,2.05,2.1,298300,2.85,47100,0,31400
SAIL27Feb2044PE.NFO,07/01/2020,13:40:54,2.05,2.1,282600,2.85,47100,0,31400
SAIL27Feb2044PE.NFO,07/01/2020,13:40:58,2.05,2.1,298300,2.85,47100,0,31400
SAIL27Feb2044PE.NFO,07/01/2020,13:46:49,2.05,2.1,109900,2.85,47100,0,31400
SAIL27Feb2044PE.NFO,07/01/2020,13:46:57,2.05,2.1,141300,2.85,47100,0,31400
SAIL27Feb2044PE.NFO,07/01/2020,13:47:04,2.05,2.05,235500,2.85,47100,0,31400
SAIL27Feb2044PE.NFO,07/01/2020,13:47:28,2.05,2.05,219800,2.85,47100,0,31400
SAIL27Feb2044PE.NFO,07/01/2020,13:47:39,2.05,2.05,251200,2.85,47100,0,31400
SAIL27Feb2044PE.NFO,07/01/2020,13:47:44,2.05,2.05,219800,2.85,47100,0,31400
SAIL27Feb2044PE.NFO,07/01/2020,13:47:49,2.05,2.05,251200,2.85,47100,0,31400
SAIL27Feb2044PE.NFO,07/01/2020,13:47:59,2.05,2.05,219800,2.85,47100,0,31400
SAIL27Feb2044PE.NFO,07/01/2020,13:48:04,2.05,2.05,204100,2.85,47100,0,31400
SAIL27Feb2044PE.NFO,07/01/2020,13:48:19,2.05,2.05,235500,2.85,47100,0,31400
SAIL27Feb2044PE.NFO,07/01/2020,13:48:45,2.05,2.05,298300,2.85,47100,0,31400
SAIL27Feb2044PE.NFO,07/01/2020,13:49:05,2.05,2.05,204100,2.85,47100,0,31400
SAIL27Feb2044PE.NFO,07/01/2020,13:50:01,2.05,2.05,235500,2.85,47100,0,31400
SAIL27Feb2044PE.NFO,07/01/2020,13:50:07,2.05,2.05,298300,2.85,47100,0,31400
SAIL27Feb2044PE.NFO,07/01/2020,13:50:21,2.05,2.05,141300,2.85,47100,0,31400
SAIL27Feb2044PE.NFO,07/01/2020,13:50:28,2.05,2.05,172700,2.85,47100,0,31400
SAIL27Feb2044PE.NFO,07/01/2020,13:50:41,2.05,2.05,141300,2.85,47100,0,31400
SAIL27Feb2044PE.NFO,07/01/2020,13:51:06,2.05,2.05,204100,2.85,47100,0,31400
SAIL27Feb2044PE.NFO,07/01/2020,13:51:59,2.05,2.05,298300,2.85,47100,0,31400
SAIL27Feb2044PE.NFO,07/01/2020,13:52:09,2.05,2.05,172700,2.85,47100,0,31400
SAIL27Feb2044PE.NFO,07/01/2020,13:52:45,2.05,2.05,172700,2.85,62800,0,31400
SAIL27Feb2044PE.NFO,07/01/2020,13:53:05,2.05,2.05,204100,2.85,62800,0,31400
SAIL27Feb2044PE.NFO,07/01/2020,13:53:40,2.05,2.05,298300,2.85,62800,0,31400
SAIL27Feb2044PE.NFO,07/01/2020,13:53:47,2.05,2.05,314000,2.85,62800,0,31400
SAIL27Feb2044PE.NFO,07/01/2020,13:54:03,2.05,2.05,298300,2.85,62800,0,31400
SAIL27Feb2044PE.NFO,07/01/2020,13:55:04,2.05,2.05,282600,2.85,47100,0,31400
SAIL27Feb2044PE.NFO,07/01/2020,13:55:12,2.05,2.05,282600,2.85,62800,0,31400
SAIL27Feb2044PE.NFO,07/01/2020,13:55:35,2.05,2.05,298300,2.85,62800,0,31400
SAIL27Feb2044PE.NFO,07/01/2020,14:00:58,2.05,2.05,282600,2.85,62800,0,31400
SAIL27Feb2044PE.NFO,07/01/2020,14:01:04,2.05,2.05,298300,2.85,62800,0,31400
SAIL27Feb2044PE.NFO,07/01/2020,14:02:55,2.05,2.05,282600,2.85,62800,0,31400
SAIL27Feb2044PE.NFO,07/01/2020,14:03:41,2.05,2.05,157000,2.85,62800,0,31400
SAIL27Feb2044PE.NFO,07/01/2020,14:04:46,2.05,2.05,282600,2.85,62800,0,31400
SAIL27Feb2044PE.NFO,07/01/2020,14:05:03,2.05,2.05,298300,2.85,62800,0,31400
SAIL27Feb2044PE.NFO,07/01/2020,14:07:04,2.05,2.05,314000,2.85,62800,0,31400
SAIL27Feb2044PE.NFO,07/01/2020,14:07:49,2.05,2.1,219800,2.85,62800,0,31400
SAIL27Feb2044PE.NFO,07/01/2020,14:08:32,2.05,2.1,157000,2.85,62800,0,31400
SAIL27Feb2044PE.NFO,07/01/2020,14:10:06,2.05,2.1,31400,2.85,62800,0,31400
SAIL27Feb2044PE.NFO,07/01/2020,14:10:39,2.05,2.1,62800,2.85,62800,0,31400
SAIL27Feb2044PE.NFO,07/01/2020,14:10:52,2.05,2.1,31400,2.85,62800,0,31400
SAIL27Feb2044PE.NFO,07/01/2020,14:10:59,2.05,2.1,62800,2.85,62800,0,31400
SAIL27Feb2044PE.NFO,07/01/2020,14:11:02,2.05,2.1,94200,2.85,62800,0,31400
SAIL27Feb2044PE.NFO,07/01/2020,14:11:39,2.05,2.1,188400,2.85,47100,0,31400
SAIL27Feb2044PE.NFO,07/01/2020,14:12:11,2.05,2.1,62800,2.85,47100,0,31400
SAIL27Feb2044PE.NFO,07/01/2020,14:12:25,2.05,2.1,188400,2.85,47100,0,31400
SAIL27Feb2044PE.NFO,07/01/2020,14:12:49,2.05,2.1,62800,2.85,47100,0,31400
SAIL27Feb2044PE.NFO,07/01/2020,14:12:56,2.05,2.1,94200,2.85,47100,0,31400
SAIL27Feb2044PE.NFO,07/01/2020,14:13:03,2.05,2.1,157000,2.85,47100,0,31400
SAIL27Feb2044PE.NFO,07/01/2020,14:13:23,2.05,2.1,94200,2.85,47100,0,31400
SAIL27Feb2044PE.NFO,07/01/2020,14:13:29,2.05,2.1,31400,2.85,47100,0,31400
SAIL27Feb2044PE.NFO,07/01/2020,14:15:56,2.05,2.1,15700,2.85,47100,0,31400
SAIL27Feb2044PE.NFO,07/01/2020,14:16:07,2.05,2.1,31400,2.85,47100,0,31400
SAIL27Feb2044PE.NFO,07/01/2020,14:19:49,2.05,2.1,31400,2.85,62800,0,31400
SAIL27Feb2044PE.NFO,07/01/2020,14:20:35,2.05,2.1,15700,2.85,62800,0,31400
SAIL27Feb2044PE.NFO,07/01/2020,14:27:24,2.05,2,47100,2.85,62800,0,31400
SAIL27Feb2044PE.NFO,07/01/2020,14:28:32,2.05,2,172700,2.85,62800,0,31400
SAIL27Feb2044PE.NFO,07/01/2020,14:28:38,2.05,2,204100,2.85,62800,0,31400
SAIL27Feb2044PE.NFO,07/01/2020,14:28:54,2.05,2,172700,2.85,62800,0,31400
SAIL27Feb2044PE.NFO,07/01/2020,14:29:05,2.05,2.05,15700,2.85,62800,0,31400
SAIL27Feb2044PE.NFO,07/01/2020,14:32:02,2.05,2,15700,2.85,47100,0,31400
SAIL27Feb2044PE.NFO,07/01/2020,14:32:09,2.05,2.05,15700,2.85,62800,0,31400
SAIL27Feb2044PE.NFO,07/01/2020,14:35:34,2.05,2,47100,2.85,47100,0,31400
SAIL27Feb2044PE.NFO,07/01/2020,14:35:40,2.05,2.05,15700,2.85,62800,0,31400
SAIL27Feb2044PE.NFO,07/01/2020,14:36:48,2.05,2,47100,2.85,62800,0,31400
SAIL27Feb2044PE.NFO,07/01/2020,14:36:52,2.05,2,15700,2.85,62800,0,31400
SAIL27Feb2044PE.NFO,07/01/2020,14:36:57,2.05,2,47100,2.85,62800,0,31400
SAIL27Feb2044PE.NFO,07/01/2020,14:43:16,2.05,2.05,15700,2.85,94200,0,31400
SAIL27Feb2044PE.NFO,07/01/2020,14:43:35,2.05,2.05,15700,2.85,78500,0,31400
SAIL27Feb2044PE.NFO,07/01/2020,14:45:09,2.05,2,15700,2.85,78500,0,31400
SAIL27Feb2044PE.NFO,07/01/2020,14:45:17,2.05,2.05,15700,2.85,78500,0,31400
SAIL27Feb2044PE.NFO,07/01/2020,15:00:01,2.05,2,109900,2.85,78500,0,31400
SAIL27Feb2044PE.NFO,07/01/2020,15:00:11,2.05,2.05,15700,2.85,78500,0,31400
SAIL27Feb2044PE.NFO,07/01/2020,15:01:21,2.05,2.05,15700,2.85,94200,0,31400
SAIL27Feb2044PE.NFO,07/01/2020,15:01:56,2.05,2,78500,2.85,94200,0,31400
SAIL27Feb2044PE.NFO,07/01/2020,15:02:17,2.05,2,172700,2.85,94200,0,31400
SAIL27Feb2044PE.NFO,07/01/2020,15:02:27,2.05,2,78500,2.85,94200,0,31400
SAIL27Feb2044PE.NFO,07/01/2020,15:03:19,2.05,2,47100,2.85,94200,0,31400
SAIL27Feb2044PE.NFO,07/01/2020,15:03:37,2.05,2,78500,2.85,94200,0,31400
SAIL27Feb2044PE.NFO,07/01/2020,15:04:43,2.05,2,47100,2.85,94200,0,31400
SAIL27Feb2044PE.NFO,07/01/2020,15:07:01,2.05,2,15700,2.85,94200,0,31400
SAIL27Feb2044PE.NFO,07/01/2020,15:07:36,2.05,2,15700,2.85,125600,0,31400
SAIL27Feb2044PE.NFO,07/01/2020,15:12:08,2.05,2,47100,2.85,125600,0,31400
SAIL27Feb2044PE.NFO,07/01/2020,15:12:36,2.05,2,15700,2.85,125600,0,31400
SAIL27Feb2044PE.NFO,07/01/2020,15:12:41,2.05,2,47100,2.85,125600,0,31400
SAIL27Feb2044PE.NFO,07/01/2020,15:12:45,2.05,2,15700,2.85,125600,0,31400
SAIL27Feb2044PE.NFO,07/01/2020,15:12:55,2.05,2,47100,2.85,125600,0,31400
SAIL27Feb2044PE.NFO,07/01/2020,15:13:30,2.05,2,15700,2.85,125600,0,31400
SAIL27Feb2044PE.NFO,07/01/2020,15:13:46,2.05,2,47100,2.85,125600,0,31400
SAIL27Feb2044PE.NFO,07/01/2020,15:14:43,2.05,2,31400,2.85,125600,0,31400
SAIL27Feb2044PE.NFO,07/01/2020,15:17:51,2.05,2,62800,2.85,125600,0,31400
SAIL27Feb2044PE.NFO,07/01/2020,15:18:23,2.05,1.95,188400,2.85,125600,0,31400
SAIL27Feb2044PE.NFO,07/01/2020,15:18:35,2.05,1.95,219800,2.85,125600,0,31400
SAIL27Feb2044PE.NFO,07/01/2020,15:18:54,2.05,1.95,282600,2.85,125600,0,31400
SAIL27Feb2044PE.NFO,07/01/2020,15:19:00,2.05,1.95,219800,2.85,125600,0,31400
SAIL27Feb2044PE.NFO,07/01/2020,15:19:06,2.05,1.95,188400,2.85,125600,0,31400
SAIL27Feb2044PE.NFO,07/01/2020,15:20:06,2.05,1.95,157000,2.85,125600,0,31400
SAIL27Feb2044PE.NFO,07/01/2020,15:20:13,2.05,2,15700,2.85,125600,0,31400
SAIL27Feb2044PE.NFO,07/01/2020,15:20:21,2.05,2.05,15700,2.85,125600,0,31400
SAIL27Feb2044PE.NFO,07/01/2020,15:26:14,2.05,2,15700,2.85,125600,0,31400
SAIL27Feb2044PE.NFO,07/01/2020,15:27:26,2.05,1.95,188400,2.85,109900,0,31400
SAIL27Feb2044PE.NFO,07/01/2020,15:28:11,2.05,1.95,157000,2.85,109900,0,31400
SAIL27Feb2044PE.NFO,07/01/2020,15:28:39,2.05,1.95,188400,2.85,109900,0,31400
SAIL27Feb2044PE.NFO,07/01/2020,15:28:45,2.05,1.95,219800,2.85,109900,0,31400
SAIL27Feb2044PE.NFO,07/01/2020,15:29:51,2.05,1.95,188400,2.85,109900,0,31400
SAIL27Feb2044PE.NFO,07/01/2020,15:30:04,2.05,1.95,172700,2.85,109900,0,31400
