Ticker,Date,Time,LTP,BuyPrice,BuyQty,SellPrice,SellQty,LTQ,OpenInterest
SAIL30Jan2040CE.NFO,07/01/2020,09:17:26,6.6,6.45,15700,6.8,15700,15700,549500
SAIL30Jan2040CE.NFO,07/01/2020,09:17:26,6.6,6.45,15700,6.8,15700,0,549500
SAIL30Jan2040CE.NFO,07/01/2020,09:17:26,6.6,6.45,15700,6.8,15700,0,549500
SAIL30Jan2040CE.NFO,07/01/2020,09:17:26,6.6,6.45,15700,6.8,15700,0,549500
SAIL30Jan2040CE.NFO,07/01/2020,09:17:36,6.6,6.45,15700,6.8,15700,0,549500
SAIL30Jan2040CE.NFO,07/01/2020,09:17:47,6.6,6.3,31400,6.65,15700,0,549500
SAIL30Jan2040CE.NFO,07/01/2020,09:17:57,6.6,6.4,31400,6.8,31400,0,549500
SAIL30Jan2040CE.NFO,07/01/2020,09:18:07,6.6,6.5,15700,6.8,15700,0,549500
SAIL30Jan2040CE.NFO,07/01/2020,09:18:16,6.6,6.4,15700,6.7,15700,0,549500
SAIL30Jan2040CE.NFO,07/01/2020,09:18:33,6.6,6.3,31400,6.7,15700,0,549500
SAIL30Jan2040CE.NFO,07/01/2020,09:18:43,6.6,6.15,15700,6.6,15700,0,549500
SAIL30Jan2040CE.NFO,07/01/2020,09:18:52,6.6,6.3,31400,6.6,15700,0,549500
SAIL30Jan2040CE.NFO,07/01/2020,09:19:01,6.6,6.3,31400,6.65,15700,0,549500
SAIL30Jan2040CE.NFO,07/01/2020,09:19:26,6.6,6.4,15700,6.75,15700,0,549500
SAIL30Jan2040CE.NFO,07/01/2020,09:19:35,6.6,6.35,15700,6.75,15700,0,549500
SAIL30Jan2040CE.NFO,07/01/2020,09:19:43,6.6,6.4,15700,6.75,15700,0,549500
SAIL30Jan2040CE.NFO,07/01/2020,09:19:51,6.6,6.4,15700,6.7,15700,0,549500
SAIL30Jan2040CE.NFO,07/01/2020,09:19:59,6.6,6.4,15700,6.75,15700,0,549500
SAIL30Jan2040CE.NFO,07/01/2020,09:20:07,6.6,6.35,15700,6.7,15700,0,549500
SAIL30Jan2040CE.NFO,07/01/2020,09:20:12,6.6,6.4,15700,6.7,15700,0,549500
SAIL30Jan2040CE.NFO,07/01/2020,09:20:13,6.6,6.35,15700,6.7,15700,0,549500
SAIL30Jan2040CE.NFO,07/01/2020,09:20:14,6.6,6.4,15700,6.7,15700,0,549500
SAIL30Jan2040CE.NFO,07/01/2020,09:20:15,6.6,6.35,15700,6.7,15700,0,549500
SAIL30Jan2040CE.NFO,07/01/2020,09:20:16,6.6,6.35,15700,6.75,15700,0,549500
SAIL30Jan2040CE.NFO,07/01/2020,09:20:17,6.6,6.35,15700,6.7,15700,0,549500
SAIL30Jan2040CE.NFO,07/01/2020,09:20:21,6.6,6.45,15700,6.75,47100,0,549500
SAIL30Jan2040CE.NFO,07/01/2020,09:20:22,6.6,6.4,15700,6.75,15700,0,549500
SAIL30Jan2040CE.NFO,07/01/2020,09:20:23,6.6,6.45,15700,6.75,15700,0,549500
SAIL30Jan2040CE.NFO,07/01/2020,09:20:24,6.6,6.4,15700,6.75,15700,0,549500
SAIL30Jan2040CE.NFO,07/01/2020,09:20:25,6.6,6.45,15700,6.75,15700,0,549500
SAIL30Jan2040CE.NFO,07/01/2020,09:20:26,6.6,6.4,15700,6.75,15700,0,549500
SAIL30Jan2040CE.NFO,07/01/2020,09:20:30,6.6,6.4,15700,6.7,15700,0,549500
SAIL30Jan2040CE.NFO,07/01/2020,09:20:31,6.6,6.4,15700,6.75,47100,0,549500
SAIL30Jan2040CE.NFO,07/01/2020,09:20:33,6.6,6.4,15700,6.75,15700,0,549500
SAIL30Jan2040CE.NFO,07/01/2020,09:20:36,6.6,6.45,15700,6.75,15700,0,549500
SAIL30Jan2040CE.NFO,07/01/2020,09:20:37,6.6,6.4,15700,6.75,15700,0,549500
SAIL30Jan2040CE.NFO,07/01/2020,09:20:39,6.6,6.45,15700,6.75,15700,0,549500
SAIL30Jan2040CE.NFO,07/01/2020,09:20:40,6.6,6.4,15700,6.75,15700,0,549500
SAIL30Jan2040CE.NFO,07/01/2020,09:20:42,6.6,6.45,15700,6.75,15700,0,549500
SAIL30Jan2040CE.NFO,07/01/2020,09:20:45,6.6,6.4,15700,6.75,15700,0,549500
SAIL30Jan2040CE.NFO,07/01/2020,09:20:46,6.6,6.45,15700,6.75,15700,0,549500
SAIL30Jan2040CE.NFO,07/01/2020,09:20:54,6.6,6.45,15700,6.8,31400,0,549500
SAIL30Jan2040CE.NFO,07/01/2020,09:20:55,6.6,6.45,15700,6.8,15700,0,549500
SAIL30Jan2040CE.NFO,07/01/2020,09:20:56,6.6,6.5,15700,6.8,15700,0,549500
SAIL30Jan2040CE.NFO,07/01/2020,09:20:57,6.6,6.45,15700,6.8,15700,0,549500
SAIL30Jan2040CE.NFO,07/01/2020,09:20:58,6.6,6.5,15700,6.8,15700,0,549500
SAIL30Jan2040CE.NFO,07/01/2020,09:20:59,6.6,6.45,15700,6.8,15700,0,549500
SAIL30Jan2040CE.NFO,07/01/2020,09:21:00,6.6,6.45,15700,6.75,15700,0,549500
SAIL30Jan2040CE.NFO,07/01/2020,09:21:01,6.6,6.45,15700,6.8,47100,0,549500
SAIL30Jan2040CE.NFO,07/01/2020,09:21:02,6.6,6.3,31400,6.7,15700,0,549500
SAIL30Jan2040CE.NFO,07/01/2020,09:21:16,6.6,6.4,31400,6.75,15700,0,549500
SAIL30Jan2040CE.NFO,07/01/2020,09:21:17,6.6,6.4,31400,6.8,47100,0,549500
SAIL30Jan2040CE.NFO,07/01/2020,09:21:18,6.6,6.4,31400,6.75,15700,0,549500
SAIL30Jan2040CE.NFO,07/01/2020,09:21:20,6.6,6.4,31400,6.8,47100,0,549500
SAIL30Jan2040CE.NFO,07/01/2020,09:21:21,6.6,6.4,31400,6.75,15700,0,549500
SAIL30Jan2040CE.NFO,07/01/2020,09:21:22,6.6,6.4,31400,6.8,15700,0,549500
SAIL30Jan2040CE.NFO,07/01/2020,09:21:23,6.6,6.45,15700,6.75,15700,0,549500
SAIL30Jan2040CE.NFO,07/01/2020,09:21:24,6.6,6.4,15700,6.8,47100,0,549500
SAIL30Jan2040CE.NFO,07/01/2020,09:21:27,6.6,6.45,15700,6.8,15700,0,549500
SAIL30Jan2040CE.NFO,07/01/2020,09:21:29,6.6,6.45,15700,6.8,47100,0,549500
SAIL30Jan2040CE.NFO,07/01/2020,09:21:30,6.6,6.4,15700,6.8,15700,0,549500
SAIL30Jan2040CE.NFO,07/01/2020,09:21:31,6.6,6.4,15700,6.75,15700,0,549500
SAIL30Jan2040CE.NFO,07/01/2020,09:21:33,6.6,6.4,15700,6.8,47100,0,549500
SAIL30Jan2040CE.NFO,07/01/2020,09:21:34,6.6,6.45,15700,6.75,15700,0,549500
SAIL30Jan2040CE.NFO,07/01/2020,09:21:35,6.6,6.4,15700,6.75,15700,0,549500
SAIL30Jan2040CE.NFO,07/01/2020,09:21:38,6.6,6.4,15700,6.75,31400,0,549500
SAIL30Jan2040CE.NFO,07/01/2020,09:21:39,6.6,6.4,15700,6.75,62800,0,549500
SAIL30Jan2040CE.NFO,07/01/2020,09:21:40,6.6,6.45,15700,6.75,15700,0,549500
SAIL30Jan2040CE.NFO,07/01/2020,09:22:09,6.6,6.3,31400,6.75,15700,0,549500
SAIL30Jan2040CE.NFO,07/01/2020,09:22:10,6.6,6.3,31400,6.7,15700,0,549500
SAIL30Jan2040CE.NFO,07/01/2020,09:22:11,6.6,6.35,15700,6.7,15700,0,549500
SAIL30Jan2040CE.NFO,07/01/2020,09:22:28,6.6,6.35,15700,6.65,15700,0,549500
SAIL30Jan2040CE.NFO,07/01/2020,09:22:35,6.6,6.3,31400,6.65,15700,0,549500
SAIL30Jan2040CE.NFO,07/01/2020,09:23:04,6.6,6.35,15700,6.7,15700,0,549500
SAIL30Jan2040CE.NFO,07/01/2020,09:23:37,6.6,6.35,15700,6.7,47100,0,549500
SAIL30Jan2040CE.NFO,07/01/2020,09:23:44,6.6,6.25,62800,6.6,15700,0,549500
SAIL30Jan2040CE.NFO,07/01/2020,09:23:57,6.6,6.25,15700,6.6,15700,0,549500
SAIL30Jan2040CE.NFO,07/01/2020,09:24:04,6.6,6.3,15700,6.6,15700,0,549500
SAIL30Jan2040CE.NFO,07/01/2020,09:25:04,6.6,6.3,15700,6.6,47100,0,549500
SAIL30Jan2040CE.NFO,07/01/2020,09:25:11,6.6,6.15,15700,6.55,15700,0,549500
SAIL30Jan2040CE.NFO,07/01/2020,09:25:39,6.6,6.15,15700,6.5,15700,0,549500
SAIL30Jan2040CE.NFO,07/01/2020,09:26:02,6.6,5.9,141300,6.45,15700,0,549500
SAIL30Jan2040CE.NFO,07/01/2020,09:26:31,6.6,5.9,141300,6.5,15700,0,549500
SAIL30Jan2040CE.NFO,07/01/2020,09:26:38,6.6,6.05,15700,6.5,15700,0,549500
SAIL30Jan2040CE.NFO,07/01/2020,09:26:44,6.6,6.05,15700,6.4,15700,0,549500
SAIL30Jan2040CE.NFO,07/01/2020,09:26:56,6.6,6.05,15700,6.5,78500,0,549500
SAIL30Jan2040CE.NFO,07/01/2020,09:27:01,6.6,6.05,15700,6.4,15700,0,549500
SAIL30Jan2040CE.NFO,07/01/2020,09:27:18,6.6,6.1,15700,6.4,15700,0,549500
SAIL30Jan2040CE.NFO,07/01/2020,09:27:37,6.6,6.1,15700,6.25,15700,0,549500
SAIL30Jan2040CE.NFO,07/01/2020,09:27:43,6.6,6.05,15700,6.25,15700,0,549500
SAIL30Jan2040CE.NFO,07/01/2020,09:27:58,6.6,6,15700,6.25,15700,0,549500
SAIL30Jan2040CE.NFO,07/01/2020,09:28:37,6.6,5.9,31400,6.25,15700,0,549500
SAIL30Jan2040CE.NFO,07/01/2020,09:28:49,6.6,6,15700,6.3,15700,0,549500
SAIL30Jan2040CE.NFO,07/01/2020,09:29:13,6.6,6,15700,6.25,15700,0,549500
SAIL30Jan2040CE.NFO,07/01/2020,09:29:19,6.6,6,15700,6.3,15700,0,549500
SAIL30Jan2040CE.NFO,07/01/2020,09:29:24,6.6,5.95,15700,6.25,15700,0,549500
SAIL30Jan2040CE.NFO,07/01/2020,09:29:31,6.6,5.95,15700,6.3,47100,0,549500
SAIL30Jan2040CE.NFO,07/01/2020,09:29:38,6.6,5.95,15700,6.25,15700,0,549500
SAIL30Jan2040CE.NFO,07/01/2020,09:29:55,6.6,5.95,15700,6.3,15700,0,549500
SAIL30Jan2040CE.NFO,07/01/2020,09:30:00,6.6,5.95,15700,6.25,15700,0,549500
SAIL30Jan2040CE.NFO,07/01/2020,09:30:05,6.6,5.95,15700,6.3,15700,0,549500
SAIL30Jan2040CE.NFO,07/01/2020,09:30:12,6.6,5.95,15700,6.25,15700,0,549500
SAIL30Jan2040CE.NFO,07/01/2020,09:30:17,6.6,5.95,15700,6.3,15700,0,549500
SAIL30Jan2040CE.NFO,07/01/2020,09:30:44,6.6,5.95,31400,6.3,15700,0,549500
SAIL30Jan2040CE.NFO,07/01/2020,09:31:00,6.6,6,15700,6.3,15700,0,549500
SAIL30Jan2040CE.NFO,07/01/2020,09:31:11,6.6,6,15700,6.35,15700,0,549500
SAIL30Jan2040CE.NFO,07/01/2020,09:31:17,6.6,6,15700,6.4,15700,0,549500
SAIL30Jan2040CE.NFO,07/01/2020,09:31:23,6.6,6,15700,6.35,15700,0,549500
SAIL30Jan2040CE.NFO,07/01/2020,09:31:46,6.6,6,15700,6.4,15700,0,549500
SAIL30Jan2040CE.NFO,07/01/2020,09:31:56,6.6,6,15700,6.45,15700,0,549500
SAIL30Jan2040CE.NFO,07/01/2020,09:32:23,6.6,6,15700,6.5,31400,0,549500
SAIL30Jan2040CE.NFO,07/01/2020,09:32:36,6.6,6,15700,6.45,31400,0,549500
SAIL30Jan2040CE.NFO,07/01/2020,09:33:06,6.6,6,15700,6.35,31400,0,549500
SAIL30Jan2040CE.NFO,07/01/2020,09:33:13,6.6,6,15700,6.3,15700,0,549500
SAIL30Jan2040CE.NFO,07/01/2020,09:33:48,6.6,6,15700,6.35,15700,0,549500
SAIL30Jan2040CE.NFO,07/01/2020,09:34:20,6.6,6,15700,6.3,15700,0,549500
SAIL30Jan2040CE.NFO,07/01/2020,09:34:27,6.6,6,15700,6.35,15700,0,549500
SAIL30Jan2040CE.NFO,07/01/2020,09:34:33,6.6,5.85,15700,6.25,15700,0,549500
SAIL30Jan2040CE.NFO,07/01/2020,09:34:52,6.6,5.85,15700,6.3,31400,0,549500
SAIL30Jan2040CE.NFO,07/01/2020,09:35:02,6.6,5.85,15700,6.25,15700,0,549500
SAIL30Jan2040CE.NFO,07/01/2020,09:35:13,6.6,5.85,15700,6.2,15700,0,549500
SAIL30Jan2040CE.NFO,07/01/2020,09:35:36,6.6,5.7,15700,6.15,15700,0,549500
SAIL30Jan2040CE.NFO,07/01/2020,09:35:43,6.6,5.7,15700,6.1,15700,0,549500
SAIL30Jan2040CE.NFO,07/01/2020,09:35:51,6.6,5.5,15700,6.05,15700,0,549500
SAIL30Jan2040CE.NFO,07/01/2020,09:35:59,6.6,5.5,15700,6.1,15700,0,549500
SAIL30Jan2040CE.NFO,07/01/2020,09:36:05,6.6,5.5,15700,6.15,15700,0,549500
SAIL30Jan2040CE.NFO,07/01/2020,09:36:18,6.6,5.5,15700,6.25,31400,0,549500
SAIL30Jan2040CE.NFO,07/01/2020,09:37:44,6.6,5.5,15700,6.25,15700,0,549500
SAIL30Jan2040CE.NFO,07/01/2020,09:38:57,6.6,5.5,15700,6.15,15700,0,549500
SAIL30Jan2040CE.NFO,07/01/2020,09:39:50,6.6,6,15700,6.15,15700,0,549500
SAIL30Jan2040CE.NFO,07/01/2020,09:40:12,6.15,6,31400,6.35,15700,15700,549500
SAIL30Jan2040CE.NFO,07/01/2020,09:40:12,6.15,6,31400,6.35,15700,0,549500
SAIL30Jan2040CE.NFO,07/01/2020,09:40:18,6.15,6,15700,6.35,15700,0,549500
SAIL30Jan2040CE.NFO,07/01/2020,09:40:24,6.15,6,15700,6.3,15700,0,549500
SAIL30Jan2040CE.NFO,07/01/2020,09:40:57,6.15,6.05,15700,6.3,15700,0,549500
SAIL30Jan2040CE.NFO,07/01/2020,09:41:02,6.15,6,15700,6.3,15700,0,549500
SAIL30Jan2040CE.NFO,07/01/2020,09:41:13,6.15,6.05,15700,6.3,15700,0,549500
SAIL30Jan2040CE.NFO,07/01/2020,09:41:18,6.15,6.05,31400,6.3,15700,0,549500
SAIL30Jan2040CE.NFO,07/01/2020,09:41:44,6.15,6.1,15700,6.3,15700,0,549500
SAIL30Jan2040CE.NFO,07/01/2020,09:41:55,6.15,6,15700,6.3,15700,0,549500
SAIL30Jan2040CE.NFO,07/01/2020,09:42:11,6.15,6.05,15700,6.3,15700,0,549500
SAIL30Jan2040CE.NFO,07/01/2020,09:42:30,6.15,6,15700,6.3,15700,0,549500
SAIL30Jan2040CE.NFO,07/01/2020,09:42:38,6.15,6.1,15700,6.3,15700,0,549500
SAIL30Jan2040CE.NFO,07/01/2020,09:42:44,6.15,6.05,15700,6.3,15700,0,549500
SAIL30Jan2040CE.NFO,07/01/2020,09:43:04,6.15,6.1,15700,6.4,15700,0,549500
SAIL30Jan2040CE.NFO,07/01/2020,09:43:24,6.15,6.15,15700,6.4,15700,0,549500
SAIL30Jan2040CE.NFO,07/01/2020,09:43:30,6.15,6.1,15700,6.4,15700,0,549500
SAIL30Jan2040CE.NFO,07/01/2020,09:43:34,6.15,6.15,15700,6.4,15700,0,549500
SAIL30Jan2040CE.NFO,07/01/2020,09:43:45,6.15,6.1,15700,6.4,15700,0,549500
SAIL30Jan2040CE.NFO,07/01/2020,09:43:50,6.15,6.15,15700,6.4,15700,0,549500
SAIL30Jan2040CE.NFO,07/01/2020,09:44:01,6.15,6.1,31400,6.4,15700,0,549500
SAIL30Jan2040CE.NFO,07/01/2020,09:44:07,6.15,6.15,15700,6.4,15700,0,549500
SAIL30Jan2040CE.NFO,07/01/2020,09:44:13,6.15,6.15,31400,6.45,15700,0,549500
SAIL30Jan2040CE.NFO,07/01/2020,09:44:24,6.15,6.15,31400,6.45,78500,0,549500
SAIL30Jan2040CE.NFO,07/01/2020,09:44:44,6.15,6.15,31400,6.45,31400,0,549500
SAIL30Jan2040CE.NFO,07/01/2020,09:44:54,6.15,6.1,15700,6.4,15700,0,549500
SAIL30Jan2040CE.NFO,07/01/2020,09:44:59,6.15,6.15,15700,6.45,31400,0,549500
SAIL30Jan2040CE.NFO,07/01/2020,09:45:11,6.15,6.2,15700,6.5,15700,0,549500
SAIL30Jan2040CE.NFO,07/01/2020,09:46:31,6.15,6.15,31400,6.45,31400,0,549500
SAIL30Jan2040CE.NFO,07/01/2020,09:46:54,6.15,6.15,31400,6.45,78500,0,549500
SAIL30Jan2040CE.NFO,07/01/2020,09:47:04,6.15,6.15,15700,6.45,78500,0,549500
SAIL30Jan2040CE.NFO,07/01/2020,09:47:09,6.15,6.15,31400,6.45,78500,0,549500
SAIL30Jan2040CE.NFO,07/01/2020,09:47:46,6.15,6.15,31400,6.45,62800,0,549500
SAIL30Jan2040CE.NFO,07/01/2020,09:48:00,6.15,6.15,31400,6.45,15700,0,549500
SAIL30Jan2040CE.NFO,07/01/2020,09:48:29,6.15,6.15,31400,6.45,78500,0,549500
SAIL30Jan2040CE.NFO,07/01/2020,09:49:22,6.15,6.1,15700,6.4,15700,0,549500
SAIL30Jan2040CE.NFO,07/01/2020,09:49:50,6.15,6.1,15700,6.45,31400,0,549500
SAIL30Jan2040CE.NFO,07/01/2020,09:49:55,6.15,6.1,15700,6.4,15700,0,549500
SAIL30Jan2040CE.NFO,07/01/2020,09:51:39,6.15,6.05,15700,6.4,15700,0,549500
SAIL30Jan2040CE.NFO,07/01/2020,09:51:43,6.15,6.1,15700,6.4,15700,0,549500
SAIL30Jan2040CE.NFO,07/01/2020,09:51:58,6.15,6.1,31400,6.4,31400,0,549500
SAIL30Jan2040CE.NFO,07/01/2020,09:52:03,6.15,6.05,15700,6.35,15700,0,549500
SAIL30Jan2040CE.NFO,07/01/2020,09:52:29,6.15,6,15700,6.3,31400,0,549500
SAIL30Jan2040CE.NFO,07/01/2020,09:53:01,6.15,5.95,15700,6.25,15700,0,549500
SAIL30Jan2040CE.NFO,07/01/2020,09:53:39,6.15,5.9,31400,6.25,15700,0,549500
SAIL30Jan2040CE.NFO,07/01/2020,09:53:44,6.15,5.95,15700,6.25,15700,0,549500
SAIL30Jan2040CE.NFO,07/01/2020,09:53:54,6.15,5.9,31400,6.2,31400,0,549500
SAIL30Jan2040CE.NFO,07/01/2020,09:54:00,6.15,5.9,31400,6.25,15700,0,549500
SAIL30Jan2040CE.NFO,07/01/2020,09:54:20,6.15,5.9,31400,6.2,15700,0,549500
SAIL30Jan2040CE.NFO,07/01/2020,09:54:45,6.15,5.9,31400,6.2,31400,0,549500
SAIL30Jan2040CE.NFO,07/01/2020,09:54:50,6.15,5.9,31400,6.2,15700,0,549500
SAIL30Jan2040CE.NFO,07/01/2020,09:54:55,6.15,5.9,31400,6.25,15700,0,549500
SAIL30Jan2040CE.NFO,07/01/2020,09:55:01,6.15,6,15700,6.3,15700,0,549500
SAIL30Jan2040CE.NFO,07/01/2020,09:55:12,6.15,6,15700,6.3,31400,0,549500
SAIL30Jan2040CE.NFO,07/01/2020,09:55:24,6.15,5.95,15700,6.25,15700,0,549500
SAIL30Jan2040CE.NFO,07/01/2020,09:55:29,6.15,5.9,31400,6.2,15700,0,549500
SAIL30Jan2040CE.NFO,07/01/2020,09:55:40,6.15,5.9,31400,6.25,15700,0,549500
SAIL30Jan2040CE.NFO,07/01/2020,09:55:48,6.15,5.9,31400,6.2,31400,0,549500
SAIL30Jan2040CE.NFO,07/01/2020,09:56:33,6.15,5.9,31400,6.2,15700,0,549500
SAIL30Jan2040CE.NFO,07/01/2020,09:56:43,6.15,5.9,31400,6.2,31400,0,549500
SAIL30Jan2040CE.NFO,07/01/2020,09:56:48,6.15,5.9,31400,6.2,15700,0,549500
SAIL30Jan2040CE.NFO,07/01/2020,09:57:10,6.15,5.9,31400,6.2,31400,0,549500
SAIL30Jan2040CE.NFO,07/01/2020,09:57:15,6.15,5.9,31400,6.2,15700,0,549500
SAIL30Jan2040CE.NFO,07/01/2020,09:57:27,6.15,5.9,31400,6.2,31400,0,549500
SAIL30Jan2040CE.NFO,07/01/2020,09:57:58,6.15,5.85,47100,6.2,31400,0,549500
SAIL30Jan2040CE.NFO,07/01/2020,09:58:03,6.15,5.9,15700,6.2,31400,0,549500
SAIL30Jan2040CE.NFO,07/01/2020,09:58:43,6.15,5.9,15700,6.2,15700,0,549500
SAIL30Jan2040CE.NFO,07/01/2020,09:58:53,6.15,5.9,15700,6.2,31400,0,549500
SAIL30Jan2040CE.NFO,07/01/2020,09:59:34,6.15,5.9,15700,6.2,15700,0,549500
SAIL30Jan2040CE.NFO,07/01/2020,09:59:43,6.15,5.95,15700,6.2,15700,0,549500
SAIL30Jan2040CE.NFO,07/01/2020,10:00:26,6.15,5.9,31400,6.2,31400,0,549500
SAIL30Jan2040CE.NFO,07/01/2020,10:01:00,6.15,5.85,15700,6.15,31400,0,549500
SAIL30Jan2040CE.NFO,07/01/2020,10:01:12,6.15,5.8,15700,6.1,15700,0,549500
SAIL30Jan2040CE.NFO,07/01/2020,10:01:19,6.15,5.8,15700,6.1,31400,0,549500
SAIL30Jan2040CE.NFO,07/01/2020,10:01:26,6.15,5.8,15700,6.15,15700,0,549500
SAIL30Jan2040CE.NFO,07/01/2020,10:01:31,6.15,5.8,15700,6.1,31400,0,549500
SAIL30Jan2040CE.NFO,07/01/2020,10:01:36,6.15,5.8,15700,6.15,15700,0,549500
SAIL30Jan2040CE.NFO,07/01/2020,10:01:42,6.15,5.8,15700,6.1,15700,0,549500
SAIL30Jan2040CE.NFO,07/01/2020,10:01:48,6.15,5.8,15700,6.1,31400,0,549500
SAIL30Jan2040CE.NFO,07/01/2020,10:01:54,6.15,5.8,15700,6.1,15700,0,549500
SAIL30Jan2040CE.NFO,07/01/2020,10:02:00,6.15,5.8,15700,6.15,15700,0,549500
SAIL30Jan2040CE.NFO,07/01/2020,10:02:16,6.15,5.8,15700,6.15,31400,0,549500
SAIL30Jan2040CE.NFO,07/01/2020,10:02:31,6.15,5.85,15700,6.15,31400,0,549500
SAIL30Jan2040CE.NFO,07/01/2020,10:02:41,6.15,5.85,15700,6.15,47100,0,549500
SAIL30Jan2040CE.NFO,07/01/2020,10:02:51,6.15,5.85,15700,6.1,15700,0,549500
SAIL30Jan2040CE.NFO,07/01/2020,10:02:56,6.15,5.85,31400,6.1,15700,0,549500
SAIL30Jan2040CE.NFO,07/01/2020,10:03:02,6.15,5.85,47100,6.1,15700,0,549500
SAIL30Jan2040CE.NFO,07/01/2020,10:04:09,6.15,5.8,15700,6.1,31400,0,549500
SAIL30Jan2040CE.NFO,07/01/2020,10:04:24,6.15,5.8,31400,6.1,31400,0,549500
SAIL30Jan2040CE.NFO,07/01/2020,10:04:34,6.15,5.8,31400,6.1,15700,0,549500
SAIL30Jan2040CE.NFO,07/01/2020,10:04:45,6.15,5.85,15700,6.1,15700,0,549500
SAIL30Jan2040CE.NFO,07/01/2020,10:04:55,6.15,5.8,31400,6.1,15700,0,549500
SAIL30Jan2040CE.NFO,07/01/2020,10:05:25,6.15,5.8,31400,6.1,31400,0,549500
SAIL30Jan2040CE.NFO,07/01/2020,10:05:30,6.15,5.75,31400,6.05,15700,0,549500
SAIL30Jan2040CE.NFO,07/01/2020,10:05:37,6.15,5.75,31400,6.05,47100,0,549500
SAIL30Jan2040CE.NFO,07/01/2020,10:05:44,6.15,5.75,31400,6.1,31400,0,549500
SAIL30Jan2040CE.NFO,07/01/2020,10:06:07,6.15,5.75,31400,6.05,47100,0,549500
SAIL30Jan2040CE.NFO,07/01/2020,10:06:13,6.15,5.8,15700,6.1,31400,0,549500
SAIL30Jan2040CE.NFO,07/01/2020,10:06:25,6.15,5.75,31400,6.1,31400,0,549500
SAIL30Jan2040CE.NFO,07/01/2020,10:06:30,6.15,5.75,31400,6.05,31400,0,549500
SAIL30Jan2040CE.NFO,07/01/2020,10:06:36,6.15,5.75,31400,6.1,31400,0,549500
SAIL30Jan2040CE.NFO,07/01/2020,10:06:51,6.15,5.8,15700,6.1,31400,0,549500
SAIL30Jan2040CE.NFO,07/01/2020,10:07:53,6.15,5.85,15700,6.1,15700,0,549500
SAIL30Jan2040CE.NFO,07/01/2020,10:08:19,6.15,5.9,15700,6.1,15700,0,549500
SAIL30Jan2040CE.NFO,07/01/2020,10:08:50,6.15,5.9,31400,6.1,15700,0,549500
SAIL30Jan2040CE.NFO,07/01/2020,10:08:56,6.15,5.95,15700,6.1,15700,0,549500
SAIL30Jan2040CE.NFO,07/01/2020,10:09:17,6.15,5.9,31400,6.1,15700,0,549500
SAIL30Jan2040CE.NFO,07/01/2020,10:09:23,6.15,5.95,15700,6.1,15700,0,549500
SAIL30Jan2040CE.NFO,07/01/2020,10:09:58,6.15,6,15700,6.1,15700,0,549500
SAIL30Jan2040CE.NFO,07/01/2020,10:10:05,6.1,6,31400,6.25,15700,15700,533800
SAIL30Jan2040CE.NFO,07/01/2020,10:10:05,6.1,6,31400,6.25,15700,0,533800
SAIL30Jan2040CE.NFO,07/01/2020,10:10:12,6.1,6,31400,6.25,15700,0,533800
SAIL30Jan2040CE.NFO,07/01/2020,10:10:28,6.1,5.9,31400,6.25,15700,0,533800
SAIL30Jan2040CE.NFO,07/01/2020,10:10:38,6.1,5.95,15700,6.25,15700,0,533800
SAIL30Jan2040CE.NFO,07/01/2020,10:10:48,6.1,5.9,31400,6.25,15700,0,533800
SAIL30Jan2040CE.NFO,07/01/2020,10:10:57,6.1,5.95,15700,6.25,15700,0,533800
SAIL30Jan2040CE.NFO,07/01/2020,10:11:39,6.1,6,15700,6.3,15700,0,533800
SAIL30Jan2040CE.NFO,07/01/2020,10:11:45,6.1,6.05,15700,6.3,15700,0,533800
SAIL30Jan2040CE.NFO,07/01/2020,10:11:51,6.1,6,31400,6.3,15700,0,533800
SAIL30Jan2040CE.NFO,07/01/2020,10:11:57,6.1,6.05,15700,6.3,15700,0,533800
SAIL30Jan2040CE.NFO,07/01/2020,10:12:09,6.1,6,31400,6.35,78500,0,533800
SAIL30Jan2040CE.NFO,07/01/2020,10:12:20,6.1,6.05,15700,6.35,78500,0,533800
SAIL30Jan2040CE.NFO,07/01/2020,10:12:30,6.1,6.05,15700,6.35,15700,0,533800
SAIL30Jan2040CE.NFO,07/01/2020,10:12:52,6.1,6.05,15700,6.35,78500,0,533800
SAIL30Jan2040CE.NFO,07/01/2020,10:12:57,6.1,6,31400,6.35,78500,0,533800
SAIL30Jan2040CE.NFO,07/01/2020,10:13:03,6.1,6,31400,6.3,15700,0,533800
SAIL30Jan2040CE.NFO,07/01/2020,10:13:15,6.1,6,31400,6.3,31400,0,533800
SAIL30Jan2040CE.NFO,07/01/2020,10:13:44,6.1,6,31400,6.35,78500,0,533800
SAIL30Jan2040CE.NFO,07/01/2020,10:13:50,6.1,6.05,15700,6.35,15700,0,533800
SAIL30Jan2040CE.NFO,07/01/2020,10:14:02,6.1,6,31400,6.35,78500,0,533800
SAIL30Jan2040CE.NFO,07/01/2020,10:14:07,6.1,6,31400,6.3,15700,0,533800
SAIL30Jan2040CE.NFO,07/01/2020,10:14:23,6.1,6.05,15700,6.35,78500,0,533800
SAIL30Jan2040CE.NFO,07/01/2020,10:14:46,6.1,6,31400,6.35,78500,0,533800
SAIL30Jan2040CE.NFO,07/01/2020,10:14:57,6.1,6.05,15700,6.35,78500,0,533800
SAIL30Jan2040CE.NFO,07/01/2020,10:15:04,6.1,6,31400,6.3,15700,0,533800
SAIL30Jan2040CE.NFO,07/01/2020,10:15:10,6.1,6.05,15700,6.35,78500,0,533800
SAIL30Jan2040CE.NFO,07/01/2020,10:15:20,6.1,6,31400,6.35,78500,0,533800
SAIL30Jan2040CE.NFO,07/01/2020,10:15:25,6.1,6.05,15700,6.35,78500,0,533800
SAIL30Jan2040CE.NFO,07/01/2020,10:15:29,6.1,6,31400,6.35,78500,0,533800
SAIL30Jan2040CE.NFO,07/01/2020,10:15:35,6.1,6.05,15700,6.35,78500,0,533800
SAIL30Jan2040CE.NFO,07/01/2020,10:15:52,6.1,6,31400,6.3,31400,0,533800
SAIL30Jan2040CE.NFO,07/01/2020,10:16:24,6.1,5.95,15700,6.3,94200,0,533800
SAIL30Jan2040CE.NFO,07/01/2020,10:16:30,6.1,5.95,15700,6.25,15700,0,533800
SAIL30Jan2040CE.NFO,07/01/2020,10:16:40,6.1,5.95,15700,6.3,62800,0,533800
SAIL30Jan2040CE.NFO,07/01/2020,10:17:00,6.1,6,15700,6.3,62800,0,533800
SAIL30Jan2040CE.NFO,07/01/2020,10:17:06,6.1,6,15700,6.3,31400,0,533800
SAIL30Jan2040CE.NFO,07/01/2020,10:17:37,6.1,5.95,31400,6.3,31400,0,533800
SAIL30Jan2040CE.NFO,07/01/2020,10:17:42,6.1,6,15700,6.3,15700,0,533800
SAIL30Jan2040CE.NFO,07/01/2020,10:18:14,6.1,6,15700,6.3,31400,0,533800
SAIL30Jan2040CE.NFO,07/01/2020,10:18:22,6.1,5.95,31400,6.3,31400,0,533800
SAIL30Jan2040CE.NFO,07/01/2020,10:18:25,6.1,6,15700,6.3,31400,0,533800
SAIL30Jan2040CE.NFO,07/01/2020,10:18:33,6.1,6,15700,6.3,15700,0,533800
SAIL30Jan2040CE.NFO,07/01/2020,10:18:49,6.1,6,15700,6.3,31400,0,533800
SAIL30Jan2040CE.NFO,07/01/2020,10:18:59,6.1,5.95,31400,6.3,31400,0,533800
SAIL30Jan2040CE.NFO,07/01/2020,10:19:20,6.1,6,15700,6.3,31400,0,533800
SAIL30Jan2040CE.NFO,07/01/2020,10:19:30,6.1,5.95,31400,6.3,31400,0,533800
SAIL30Jan2040CE.NFO,07/01/2020,10:19:47,6.1,6,15700,6.3,31400,0,533800
SAIL30Jan2040CE.NFO,07/01/2020,10:20:13,6.1,6.05,15700,6.35,15700,0,533800
SAIL30Jan2040CE.NFO,07/01/2020,10:20:22,6.1,6.05,31400,6.4,15700,0,533800
SAIL30Jan2040CE.NFO,07/01/2020,10:20:27,6.1,6.1,15700,6.4,62800,0,533800
SAIL30Jan2040CE.NFO,07/01/2020,10:20:32,6.1,6.05,31400,6.4,62800,0,533800
SAIL30Jan2040CE.NFO,07/01/2020,10:21:25,6.1,6.05,31400,6.4,15700,0,533800
SAIL30Jan2040CE.NFO,07/01/2020,10:21:35,6.1,6.05,31400,6.4,62800,0,533800
SAIL30Jan2040CE.NFO,07/01/2020,10:21:40,6.1,6.1,15700,6.4,62800,0,533800
SAIL30Jan2040CE.NFO,07/01/2020,10:21:49,6.1,6.05,31400,6.4,62800,0,533800
SAIL30Jan2040CE.NFO,07/01/2020,10:22:06,6.1,6.05,31400,6.35,31400,0,533800
SAIL30Jan2040CE.NFO,07/01/2020,10:22:38,6.1,6.05,31400,6.35,94200,0,533800
SAIL30Jan2040CE.NFO,07/01/2020,10:22:43,6.1,6,15700,6.3,15700,0,533800
SAIL30Jan2040CE.NFO,07/01/2020,10:23:41,6.1,6,15700,6.3,47100,0,533800
SAIL30Jan2040CE.NFO,07/01/2020,10:23:46,6.1,6,15700,6.3,15700,0,533800
SAIL30Jan2040CE.NFO,07/01/2020,10:24:02,6.1,6,15700,6.3,47100,0,533800
SAIL30Jan2040CE.NFO,07/01/2020,10:24:16,6.1,6,15700,6.3,15700,0,533800
SAIL30Jan2040CE.NFO,07/01/2020,10:24:20,6.1,6,15700,6.3,47100,0,533800
SAIL30Jan2040CE.NFO,07/01/2020,10:24:43,6.1,5.95,15700,6.25,31400,0,533800
SAIL30Jan2040CE.NFO,07/01/2020,10:24:51,6.1,5.95,15700,6.25,15700,0,533800
SAIL30Jan2040CE.NFO,07/01/2020,10:25:20,6.1,5.95,15700,6.25,31400,0,533800
SAIL30Jan2040CE.NFO,07/01/2020,10:25:28,6.1,5.95,15700,6.25,15700,0,533800
SAIL30Jan2040CE.NFO,07/01/2020,10:25:32,6.1,5.95,15700,6.25,31400,0,533800
SAIL30Jan2040CE.NFO,07/01/2020,10:25:45,6.1,5.9,15700,6.2,15700,0,533800
SAIL30Jan2040CE.NFO,07/01/2020,10:26:46,6.1,5.9,15700,6.25,62800,0,533800
SAIL30Jan2040CE.NFO,07/01/2020,10:26:55,6.1,5.95,15700,6.25,62800,0,533800
SAIL30Jan2040CE.NFO,07/01/2020,10:28:24,6.1,5.95,15700,6.25,31400,0,533800
SAIL30Jan2040CE.NFO,07/01/2020,10:29:08,6.1,5.95,15700,6.25,15700,0,533800
SAIL30Jan2040CE.NFO,07/01/2020,10:29:48,6.1,5.95,15700,6.25,31400,0,533800
SAIL30Jan2040CE.NFO,07/01/2020,10:30:03,6.1,5.95,15700,6.25,62800,0,533800
SAIL30Jan2040CE.NFO,07/01/2020,10:30:17,6.1,5.95,15700,6.25,31400,0,533800
SAIL30Jan2040CE.NFO,07/01/2020,10:30:46,6.1,5.95,15700,6.25,62800,0,533800
SAIL30Jan2040CE.NFO,07/01/2020,10:31:08,6.1,5.9,31400,6.25,62800,0,533800
SAIL30Jan2040CE.NFO,07/01/2020,10:31:18,6.1,5.95,15700,6.25,62800,0,533800
SAIL30Jan2040CE.NFO,07/01/2020,10:31:34,6.1,5.9,31400,6.2,15700,0,533800
SAIL30Jan2040CE.NFO,07/01/2020,10:33:38,6.1,5.9,31400,6.25,62800,0,533800
SAIL30Jan2040CE.NFO,07/01/2020,10:33:42,6.1,5.9,31400,6.2,15700,0,533800
SAIL30Jan2040CE.NFO,07/01/2020,10:33:45,6.1,5.9,31400,6.25,62800,0,533800
SAIL30Jan2040CE.NFO,07/01/2020,10:34:02,6.1,5.9,31400,6.2,15700,0,533800
SAIL30Jan2040CE.NFO,07/01/2020,10:34:11,6.1,5.9,31400,6.25,62800,0,533800
SAIL30Jan2040CE.NFO,07/01/2020,10:34:19,6.1,5.9,31400,6.2,15700,0,533800
SAIL30Jan2040CE.NFO,07/01/2020,10:34:27,6.1,5.9,31400,6.25,62800,0,533800
SAIL30Jan2040CE.NFO,07/01/2020,10:34:35,6.1,5.9,31400,6.2,47100,0,533800
SAIL30Jan2040CE.NFO,07/01/2020,10:34:39,6.1,5.9,31400,6.25,62800,0,533800
SAIL30Jan2040CE.NFO,07/01/2020,10:34:43,6.1,5.95,15700,6.25,62800,0,533800
SAIL30Jan2040CE.NFO,07/01/2020,10:34:53,6.1,5.95,15700,6.25,31400,0,533800
SAIL30Jan2040CE.NFO,07/01/2020,10:35:28,6.1,5.95,15700,6.25,15700,0,533800
SAIL30Jan2040CE.NFO,07/01/2020,10:35:32,6.1,5.95,15700,6.25,31400,0,533800
SAIL30Jan2040CE.NFO,07/01/2020,10:36:44,6.1,5.95,15700,6.25,15700,0,533800
SAIL30Jan2040CE.NFO,07/01/2020,10:36:48,6.1,5.95,15700,6.25,31400,0,533800
SAIL30Jan2040CE.NFO,07/01/2020,10:36:51,6.1,5.95,15700,6.25,15700,0,533800
SAIL30Jan2040CE.NFO,07/01/2020,10:37:02,6.1,5.95,15700,6.25,31400,0,533800
SAIL30Jan2040CE.NFO,07/01/2020,10:37:39,6.1,5.95,15700,6.25,62800,0,533800
SAIL30Jan2040CE.NFO,07/01/2020,10:37:43,6.1,5.9,31400,6.2,15700,0,533800
SAIL30Jan2040CE.NFO,07/01/2020,10:37:57,6.1,5.95,15700,6.25,62800,0,533800
SAIL30Jan2040CE.NFO,07/01/2020,10:38:50,6.1,5.95,15700,6.25,31400,0,533800
SAIL30Jan2040CE.NFO,07/01/2020,10:39:14,6.1,5.95,15700,6.25,62800,0,533800
SAIL30Jan2040CE.NFO,07/01/2020,10:40:00,6.1,5.9,31400,6.2,15700,0,533800
SAIL30Jan2040CE.NFO,07/01/2020,10:40:27,6.1,5.9,31400,6.25,62800,0,533800
SAIL30Jan2040CE.NFO,07/01/2020,10:40:42,6.1,5.95,15700,6.25,62800,0,533800
SAIL30Jan2040CE.NFO,07/01/2020,10:41:26,6.1,6,15700,6.3,47100,0,533800
SAIL30Jan2040CE.NFO,07/01/2020,10:41:55,6.1,6,15700,6.3,15700,0,533800
SAIL30Jan2040CE.NFO,07/01/2020,10:42:18,6.1,5.95,31400,6.3,15700,0,533800
SAIL30Jan2040CE.NFO,07/01/2020,10:42:22,6.1,6,15700,6.3,15700,0,533800
SAIL30Jan2040CE.NFO,07/01/2020,10:43:18,6.1,6,15700,6.3,47100,0,533800
SAIL30Jan2040CE.NFO,07/01/2020,10:44:05,6.1,5.95,31400,6.25,31400,0,533800
SAIL30Jan2040CE.NFO,07/01/2020,10:45:00,6.1,5.9,15700,6.2,15700,0,533800
SAIL30Jan2040CE.NFO,07/01/2020,10:45:50,6.1,5.95,15700,6.25,31400,0,533800
SAIL30Jan2040CE.NFO,07/01/2020,10:46:25,6.1,5.9,31400,6.25,31400,0,533800
SAIL30Jan2040CE.NFO,07/01/2020,10:47:15,6.1,5.95,15700,6.3,47100,0,533800
SAIL30Jan2040CE.NFO,07/01/2020,10:47:21,6.1,6,15700,6.3,47100,0,533800
SAIL30Jan2040CE.NFO,07/01/2020,10:47:44,6.1,6,31400,6.35,78500,0,533800
SAIL30Jan2040CE.NFO,07/01/2020,10:47:56,6.1,6.05,15700,6.35,78500,0,533800
SAIL30Jan2040CE.NFO,07/01/2020,10:47:59,6.1,6,31400,6.35,15700,0,533800
SAIL30Jan2040CE.NFO,07/01/2020,10:48:03,6.1,6.05,31400,6.4,31400,0,533800
SAIL30Jan2040CE.NFO,07/01/2020,10:48:07,6.1,6.05,15700,6.35,78500,0,533800
SAIL30Jan2040CE.NFO,07/01/2020,10:48:47,6.1,6,31400,6.35,78500,0,533800
SAIL30Jan2040CE.NFO,07/01/2020,10:49:19,6.1,6.05,15700,6.35,78500,0,533800
SAIL30Jan2040CE.NFO,07/01/2020,10:49:25,6.1,6,31400,6.35,78500,0,533800
SAIL30Jan2040CE.NFO,07/01/2020,10:49:29,6.1,6.05,15700,6.35,78500,0,533800
SAIL30Jan2040CE.NFO,07/01/2020,10:49:35,6.1,6,31400,6.35,78500,0,533800
SAIL30Jan2040CE.NFO,07/01/2020,10:49:47,6.1,6,15700,6.3,15700,0,533800
SAIL30Jan2040CE.NFO,07/01/2020,10:50:00,6.1,6,15700,6.3,31400,0,533800
SAIL30Jan2040CE.NFO,07/01/2020,10:50:05,6.1,6,15700,6.3,62800,0,533800
SAIL30Jan2040CE.NFO,07/01/2020,10:50:27,6.1,6,15700,6.3,31400,0,533800
SAIL30Jan2040CE.NFO,07/01/2020,10:50:32,6.1,5.9,31400,6.3,31400,0,533800
SAIL30Jan2040CE.NFO,07/01/2020,10:50:43,6.1,5.95,15700,6.3,31400,0,533800
SAIL30Jan2040CE.NFO,07/01/2020,10:51:00,6.1,5.95,15700,6.25,15700,0,533800
SAIL30Jan2040CE.NFO,07/01/2020,10:51:04,6.1,5.9,47100,6.25,15700,0,533800
SAIL30Jan2040CE.NFO,07/01/2020,10:52:14,6.1,5.9,15700,6.2,31400,0,533800
SAIL30Jan2040CE.NFO,07/01/2020,10:52:57,6.1,5.85,15700,6.15,15700,0,533800
SAIL30Jan2040CE.NFO,07/01/2020,10:53:51,6.1,5.8,31400,6.1,31400,0,533800
SAIL30Jan2040CE.NFO,07/01/2020,10:53:58,6.1,5.85,15700,6.15,15700,0,533800
SAIL30Jan2040CE.NFO,07/01/2020,10:54:10,6.1,5.8,47100,6.15,15700,0,533800
SAIL30Jan2040CE.NFO,07/01/2020,10:54:41,6.1,5.75,31400,6.1,31400,0,533800
SAIL30Jan2040CE.NFO,07/01/2020,10:54:46,6.1,5.8,15700,6.1,31400,0,533800
SAIL30Jan2040CE.NFO,07/01/2020,10:56:05,6.1,5.8,47100,6.15,15700,0,533800
SAIL30Jan2040CE.NFO,07/01/2020,10:56:25,6.1,5.85,15700,6.15,15700,0,533800
SAIL30Jan2040CE.NFO,07/01/2020,10:56:35,6.1,5.8,31400,6.1,31400,0,533800
SAIL30Jan2040CE.NFO,07/01/2020,10:57:12,6.1,5.75,31400,6.1,31400,0,533800
SAIL30Jan2040CE.NFO,07/01/2020,10:57:19,6.1,5.75,31400,6.05,15700,0,533800
SAIL30Jan2040CE.NFO,07/01/2020,10:57:50,6.1,5.75,31400,6.1,31400,0,533800
SAIL30Jan2040CE.NFO,07/01/2020,10:58:04,6.1,5.75,15700,6.1,15700,0,533800
SAIL30Jan2040CE.NFO,07/01/2020,10:58:41,6.1,5.75,15700,6.05,15700,0,533800
SAIL30Jan2040CE.NFO,07/01/2020,10:59:10,6.1,5.75,15700,6.1,15700,0,533800
SAIL30Jan2040CE.NFO,07/01/2020,10:59:19,6.1,5.75,15700,6.05,15700,0,533800
SAIL30Jan2040CE.NFO,07/01/2020,10:59:24,6.1,5.75,15700,6.1,15700,0,533800
SAIL30Jan2040CE.NFO,07/01/2020,10:59:30,6.1,5.75,15700,6.05,15700,0,533800
SAIL30Jan2040CE.NFO,07/01/2020,10:59:35,6.1,5.75,15700,6.1,15700,0,533800
SAIL30Jan2040CE.NFO,07/01/2020,10:59:52,6.1,5.8,15700,6.1,15700,0,533800
SAIL30Jan2040CE.NFO,07/01/2020,11:00:02,6.1,5.75,15700,6.1,15700,0,533800
SAIL30Jan2040CE.NFO,07/01/2020,11:00:09,6.1,5.75,15700,6.05,15700,0,533800
SAIL30Jan2040CE.NFO,07/01/2020,11:00:36,6.1,5.7,31400,6,31400,0,533800
SAIL30Jan2040CE.NFO,07/01/2020,11:00:43,6.1,5.65,31400,6,31400,0,533800
SAIL30Jan2040CE.NFO,07/01/2020,11:01:04,6.1,5.65,31400,5.95,15700,0,533800
SAIL30Jan2040CE.NFO,07/01/2020,11:01:27,6.1,5.6,15700,5.95,15700,0,533800
SAIL30Jan2040CE.NFO,07/01/2020,11:01:34,6.1,5.6,31400,5.95,15700,0,533800
SAIL30Jan2040CE.NFO,07/01/2020,11:01:49,6.1,5.65,31400,6,31400,0,533800
SAIL30Jan2040CE.NFO,07/01/2020,11:01:58,6.1,5.7,15700,6,31400,0,533800
SAIL30Jan2040CE.NFO,07/01/2020,11:02:32,6.1,5.65,31400,6,15700,0,533800
SAIL30Jan2040CE.NFO,07/01/2020,11:02:39,6.1,5.65,31400,6,31400,0,533800
SAIL30Jan2040CE.NFO,07/01/2020,11:02:45,6.1,5.7,15700,6,31400,0,533800
SAIL30Jan2040CE.NFO,07/01/2020,11:02:51,6.1,5.65,31400,5.95,15700,0,533800
SAIL30Jan2040CE.NFO,07/01/2020,11:02:58,6.1,5.65,31400,6,15700,0,533800
SAIL30Jan2040CE.NFO,07/01/2020,11:03:30,6.1,5.7,15700,6,15700,0,533800
SAIL30Jan2040CE.NFO,07/01/2020,11:03:36,6.1,5.7,15700,6,31400,0,533800
SAIL30Jan2040CE.NFO,07/01/2020,11:03:43,6.1,5.65,31400,6,94200,0,533800
SAIL30Jan2040CE.NFO,07/01/2020,11:03:50,6.1,5.65,31400,5.95,31400,0,533800
SAIL30Jan2040CE.NFO,07/01/2020,11:03:56,6.1,5.65,31400,6,47100,0,533800
SAIL30Jan2040CE.NFO,07/01/2020,11:04:03,6.1,5.65,31400,5.95,47100,0,533800
SAIL30Jan2040CE.NFO,07/01/2020,11:04:10,6.1,5.6,31400,5.95,47100,0,533800
SAIL30Jan2040CE.NFO,07/01/2020,11:04:29,6.1,5.65,15700,5.95,47100,0,533800
SAIL30Jan2040CE.NFO,07/01/2020,11:04:36,6.1,5.6,31400,5.9,31400,0,533800
SAIL30Jan2040CE.NFO,07/01/2020,11:04:50,6.1,5.65,15700,5.95,31400,0,533800
SAIL30Jan2040CE.NFO,07/01/2020,11:04:57,6.1,5.6,31400,5.95,31400,0,533800
SAIL30Jan2040CE.NFO,07/01/2020,11:05:04,6.1,5.6,31400,5.9,31400,0,533800
SAIL30Jan2040CE.NFO,07/01/2020,11:05:17,6.1,5.6,31400,5.95,62800,0,533800
SAIL30Jan2040CE.NFO,07/01/2020,11:05:37,6.1,5.65,15700,5.95,31400,0,533800
SAIL30Jan2040CE.NFO,07/01/2020,11:05:49,6.1,5.65,31400,6,15700,0,533800
SAIL30Jan2040CE.NFO,07/01/2020,11:05:57,6.1,5.7,15700,6,15700,0,533800
SAIL30Jan2040CE.NFO,07/01/2020,11:06:03,6.1,5.7,31400,6.05,78500,0,533800
SAIL30Jan2040CE.NFO,07/01/2020,11:06:10,6.1,5.75,15700,6.05,78500,0,533800
SAIL30Jan2040CE.NFO,07/01/2020,11:06:23,6.1,5.7,31400,6.05,78500,0,533800
SAIL30Jan2040CE.NFO,07/01/2020,11:06:40,6.1,5.75,15700,6.05,78500,0,533800
SAIL30Jan2040CE.NFO,07/01/2020,11:06:46,6.1,5.7,31400,6.05,78500,0,533800
SAIL30Jan2040CE.NFO,07/01/2020,11:07:28,6.1,5.75,15700,6.05,31400,0,533800
SAIL30Jan2040CE.NFO,07/01/2020,11:07:44,6.1,5.7,31400,6,15700,0,533800
SAIL30Jan2040CE.NFO,07/01/2020,11:08:03,6.1,5.65,15700,6,15700,0,533800
SAIL30Jan2040CE.NFO,07/01/2020,11:08:08,6.1,5.65,31400,6,15700,0,533800
SAIL30Jan2040CE.NFO,07/01/2020,11:08:33,6.1,5.7,15700,6,15700,0,533800
SAIL30Jan2040CE.NFO,07/01/2020,11:08:39,6.1,5.65,31400,6,15700,0,533800
SAIL30Jan2040CE.NFO,07/01/2020,11:09:01,6.1,5.65,31400,5.95,15700,0,533800
SAIL30Jan2040CE.NFO,07/01/2020,11:09:06,6.1,5.65,31400,5.95,31400,0,533800
SAIL30Jan2040CE.NFO,07/01/2020,11:09:10,6.1,5.65,31400,6,15700,0,533800
SAIL30Jan2040CE.NFO,07/01/2020,11:09:16,6.1,5.65,31400,5.95,31400,0,533800
SAIL30Jan2040CE.NFO,07/01/2020,11:09:42,6.1,5.65,15700,5.95,31400,0,533800
SAIL30Jan2040CE.NFO,07/01/2020,11:09:47,6.1,5.65,31400,5.95,31400,0,533800
SAIL30Jan2040CE.NFO,07/01/2020,11:09:59,6.1,5.65,31400,5.95,15700,0,533800
SAIL30Jan2040CE.NFO,07/01/2020,11:10:13,6.1,5.65,31400,6,15700,0,533800
SAIL30Jan2040CE.NFO,07/01/2020,11:11:08,6.1,5.65,31400,5.95,15700,0,533800
SAIL30Jan2040CE.NFO,07/01/2020,11:11:12,6.1,5.65,31400,5.95,31400,0,533800
SAIL30Jan2040CE.NFO,07/01/2020,11:11:19,6.1,5.6,15700,5.9,15700,0,533800
SAIL30Jan2040CE.NFO,07/01/2020,11:11:27,6.1,5.55,31400,5.9,15700,0,533800
SAIL30Jan2040CE.NFO,07/01/2020,11:12:11,6.1,5.55,31400,5.9,62800,0,533800
SAIL30Jan2040CE.NFO,07/01/2020,11:12:53,6.1,5.55,47100,5.95,31400,0,533800
SAIL30Jan2040CE.NFO,07/01/2020,11:13:13,6.1,5.55,47100,5.9,15700,0,533800
SAIL30Jan2040CE.NFO,07/01/2020,11:13:18,6.1,5.55,47100,5.85,15700,0,533800
SAIL30Jan2040CE.NFO,07/01/2020,11:13:24,6.1,5.55,31400,5.85,15700,0,533800
SAIL30Jan2040CE.NFO,07/01/2020,11:13:29,6.1,5.55,31400,5.85,31400,0,533800
SAIL30Jan2040CE.NFO,07/01/2020,11:13:35,6.1,5.55,15700,5.85,31400,0,533800
SAIL30Jan2040CE.NFO,07/01/2020,11:13:42,6.1,5.55,47100,5.9,15700,0,533800
SAIL30Jan2040CE.NFO,07/01/2020,11:13:47,6.1,5.6,15700,5.9,15700,0,533800
SAIL30Jan2040CE.NFO,07/01/2020,11:13:53,6.1,5.6,15700,5.9,47100,0,533800
SAIL30Jan2040CE.NFO,07/01/2020,11:14:08,6.1,5.55,47100,5.9,47100,0,533800
SAIL30Jan2040CE.NFO,07/01/2020,11:14:19,6.1,5.6,15700,5.9,47100,0,533800
SAIL30Jan2040CE.NFO,07/01/2020,11:14:24,6.1,5.55,47100,5.9,47100,0,533800
SAIL30Jan2040CE.NFO,07/01/2020,11:14:38,6.1,5.6,15700,5.9,47100,0,533800
SAIL30Jan2040CE.NFO,07/01/2020,11:14:57,6.1,5.55,47100,5.85,31400,0,533800
SAIL30Jan2040CE.NFO,07/01/2020,11:15:33,6.1,5.55,47100,5.85,15700,0,533800
SAIL30Jan2040CE.NFO,07/01/2020,11:16:11,6.1,5.55,15700,5.85,15700,0,533800
SAIL30Jan2040CE.NFO,07/01/2020,11:16:17,6.1,5.55,31400,5.85,15700,0,533800
SAIL30Jan2040CE.NFO,07/01/2020,11:16:23,6.1,5.6,15700,5.9,47100,0,533800
SAIL30Jan2040CE.NFO,07/01/2020,11:16:34,6.1,5.6,15700,5.9,15700,0,533800
SAIL30Jan2040CE.NFO,07/01/2020,11:16:49,6.1,5.6,15700,5.9,47100,0,533800
SAIL30Jan2040CE.NFO,07/01/2020,11:17:16,6.1,5.6,31400,5.95,47100,0,533800
SAIL30Jan2040CE.NFO,07/01/2020,11:17:22,6.1,5.65,15700,5.95,47100,0,533800
SAIL30Jan2040CE.NFO,07/01/2020,11:17:38,6.1,5.65,31400,6,62800,0,533800
SAIL30Jan2040CE.NFO,07/01/2020,11:17:55,6.1,5.65,31400,5.95,15700,0,533800
SAIL30Jan2040CE.NFO,07/01/2020,11:18:38,6.1,5.7,15700,6,31400,0,533800
SAIL30Jan2040CE.NFO,07/01/2020,11:18:59,6.1,5.65,31400,6,31400,0,533800
SAIL30Jan2040CE.NFO,07/01/2020,11:19:16,6.1,5.65,31400,5.95,15700,0,533800
SAIL30Jan2040CE.NFO,07/01/2020,11:19:25,6.1,5.6,15700,5.95,31400,0,533800
SAIL30Jan2040CE.NFO,07/01/2020,11:19:44,6.1,5.65,15700,6,47100,0,533800
SAIL30Jan2040CE.NFO,07/01/2020,11:19:50,6.1,5.65,15700,6,15700,0,533800
SAIL30Jan2040CE.NFO,07/01/2020,11:20:08,6.1,5.6,31400,6,47100,0,533800
SAIL30Jan2040CE.NFO,07/01/2020,11:20:14,6.1,5.7,15700,6.05,78500,0,533800
SAIL30Jan2040CE.NFO,07/01/2020,11:20:19,6.1,5.65,31400,6.05,78500,0,533800
SAIL30Jan2040CE.NFO,07/01/2020,11:20:24,6.1,5.7,15700,6.05,78500,0,533800
SAIL30Jan2040CE.NFO,07/01/2020,11:20:52,6.1,5.75,15700,6.1,78500,0,533800
SAIL30Jan2040CE.NFO,07/01/2020,11:20:58,6.1,5.75,15700,6.1,47100,0,533800
SAIL30Jan2040CE.NFO,07/01/2020,11:21:03,6.1,5.7,31400,6.05,15700,0,533800
SAIL30Jan2040CE.NFO,07/01/2020,11:21:18,6.1,5.7,31400,6,31400,0,533800
SAIL30Jan2040CE.NFO,07/01/2020,11:21:32,6.1,5.65,15700,5.95,15700,0,533800
SAIL30Jan2040CE.NFO,07/01/2020,11:21:51,6.1,5.65,31400,6,31400,0,533800
SAIL30Jan2040CE.NFO,07/01/2020,11:22:01,6.1,5.65,31400,5.95,15700,0,533800
SAIL30Jan2040CE.NFO,07/01/2020,11:22:51,6.1,5.6,15700,5.9,31400,0,533800
SAIL30Jan2040CE.NFO,07/01/2020,11:23:00,6.1,5.6,31400,5.95,15700,0,533800
SAIL30Jan2040CE.NFO,07/01/2020,11:23:05,6.1,5.65,15700,5.95,15700,0,533800
SAIL30Jan2040CE.NFO,07/01/2020,11:23:15,6.1,5.6,31400,5.9,31400,0,533800
SAIL30Jan2040CE.NFO,07/01/2020,11:23:20,6.1,5.65,15700,5.95,15700,0,533800
SAIL30Jan2040CE.NFO,07/01/2020,11:23:25,6.1,5.65,31400,6,15700,0,533800
SAIL30Jan2040CE.NFO,07/01/2020,11:23:33,6.1,5.65,31400,5.95,15700,0,533800
SAIL30Jan2040CE.NFO,07/01/2020,11:23:38,6.1,5.65,31400,6,15700,0,533800
SAIL30Jan2040CE.NFO,07/01/2020,11:23:48,6.1,5.7,15700,6,15700,0,533800
SAIL30Jan2040CE.NFO,07/01/2020,11:25:00,6.1,5.65,31400,6,15700,0,533800
SAIL30Jan2040CE.NFO,07/01/2020,11:25:24,6.1,5.65,31400,5.95,31400,0,533800
SAIL30Jan2040CE.NFO,07/01/2020,11:25:43,6.1,5.65,31400,5.95,15700,0,533800
SAIL30Jan2040CE.NFO,07/01/2020,11:25:52,6.1,5.65,31400,6,15700,0,533800
SAIL30Jan2040CE.NFO,07/01/2020,11:26:03,6.1,5.65,31400,6,31400,0,533800
SAIL30Jan2040CE.NFO,07/01/2020,11:26:15,6.1,5.65,31400,5.95,15700,0,533800
SAIL30Jan2040CE.NFO,07/01/2020,11:26:28,6.1,5.65,31400,6,31400,0,533800
SAIL30Jan2040CE.NFO,07/01/2020,11:26:31,6.1,5.7,15700,6,31400,0,533800
SAIL30Jan2040CE.NFO,07/01/2020,11:26:46,6.1,5.65,31400,6,31400,0,533800
SAIL30Jan2040CE.NFO,07/01/2020,11:26:50,6.1,5.65,31400,5.95,15700,0,533800
SAIL30Jan2040CE.NFO,07/01/2020,11:26:58,6.1,5.65,31400,6,31400,0,533800
SAIL30Jan2040CE.NFO,07/01/2020,11:27:08,6.1,5.65,31400,5.95,15700,0,533800
SAIL30Jan2040CE.NFO,07/01/2020,11:28:11,6.1,5.65,31400,6,31400,0,533800
SAIL30Jan2040CE.NFO,07/01/2020,11:28:35,6.1,5.65,31400,5.95,15700,0,533800
SAIL30Jan2040CE.NFO,07/01/2020,11:28:50,6.1,5.65,31400,6,31400,0,533800
SAIL30Jan2040CE.NFO,07/01/2020,11:29:02,6.1,5.65,31400,5.95,15700,0,533800
SAIL30Jan2040CE.NFO,07/01/2020,11:29:39,6.1,5.65,31400,6,31400,0,533800
SAIL30Jan2040CE.NFO,07/01/2020,11:29:45,6.1,5.65,31400,5.95,15700,0,533800
SAIL30Jan2040CE.NFO,07/01/2020,11:29:55,6.1,5.65,31400,6,31400,0,533800
SAIL30Jan2040CE.NFO,07/01/2020,11:30:04,6.1,5.7,15700,6,31400,0,533800
SAIL30Jan2040CE.NFO,07/01/2020,11:30:26,6.1,5.65,31400,6,31400,0,533800
SAIL30Jan2040CE.NFO,07/01/2020,11:30:34,6.1,5.7,15700,6,31400,0,533800
SAIL30Jan2040CE.NFO,07/01/2020,11:31:04,6.1,5.75,31400,6.05,31400,0,533800
SAIL30Jan2040CE.NFO,07/01/2020,11:31:11,6.1,5.7,15700,6,15700,0,533800
SAIL30Jan2040CE.NFO,07/01/2020,11:31:53,6.1,5.7,31400,6.05,31400,0,533800
SAIL30Jan2040CE.NFO,07/01/2020,11:31:59,6.1,5.75,15700,6.05,31400,0,533800
SAIL30Jan2040CE.NFO,07/01/2020,11:32:16,6.1,5.7,31400,6.05,31400,0,533800
SAIL30Jan2040CE.NFO,07/01/2020,11:32:25,6.1,5.75,15700,6.05,31400,0,533800
SAIL30Jan2040CE.NFO,07/01/2020,11:32:30,6.1,5.7,31400,6,15700,0,533800
SAIL30Jan2040CE.NFO,07/01/2020,11:32:36,6.1,5.7,31400,6.05,31400,0,533800
SAIL30Jan2040CE.NFO,07/01/2020,11:33:00,6.1,5.75,15700,6.05,31400,0,533800
SAIL30Jan2040CE.NFO,07/01/2020,11:33:18,6.1,5.75,31400,6.05,31400,0,533800
SAIL30Jan2040CE.NFO,07/01/2020,11:33:48,6.1,5.7,31400,6.05,31400,0,533800
SAIL30Jan2040CE.NFO,07/01/2020,11:33:52,6.1,5.75,15700,6.05,31400,0,533800
SAIL30Jan2040CE.NFO,07/01/2020,11:34:09,6.1,5.75,15700,6.1,15700,0,533800
SAIL30Jan2040CE.NFO,07/01/2020,11:34:16,6.1,5.8,15700,6.1,15700,0,533800
SAIL30Jan2040CE.NFO,07/01/2020,11:34:42,6.1,5.8,15700,6.1,31400,0,533800
SAIL30Jan2040CE.NFO,07/01/2020,11:35:00,6.1,5.8,47100,6.15,15700,0,533800
SAIL30Jan2040CE.NFO,07/01/2020,11:35:06,6.1,5.8,47100,6.1,15700,0,533800
SAIL30Jan2040CE.NFO,07/01/2020,11:35:19,6.1,5.8,47100,6.1,31400,0,533800
SAIL30Jan2040CE.NFO,07/01/2020,11:35:36,6.1,5.85,15700,6.15,15700,0,533800
SAIL30Jan2040CE.NFO,07/01/2020,11:36:18,6.1,5.8,47100,6.15,15700,0,533800
SAIL30Jan2040CE.NFO,07/01/2020,11:36:39,6.1,5.85,15700,6.15,15700,0,533800
SAIL30Jan2040CE.NFO,07/01/2020,11:36:45,6.1,5.8,31400,6.1,31400,0,533800
SAIL30Jan2040CE.NFO,07/01/2020,11:36:58,6.1,5.7,31400,6.05,15700,0,533800
SAIL30Jan2040CE.NFO,07/01/2020,11:37:28,6.1,5.75,15700,6.05,15700,0,533800
SAIL30Jan2040CE.NFO,07/01/2020,11:37:43,6.1,5.75,15700,6.1,31400,0,533800
SAIL30Jan2040CE.NFO,07/01/2020,11:37:48,6.1,5.75,15700,6.05,15700,0,533800
SAIL30Jan2040CE.NFO,07/01/2020,11:38:06,6.1,5.75,15700,6.1,31400,0,533800
SAIL30Jan2040CE.NFO,07/01/2020,11:38:23,6.1,5.75,15700,6.05,15700,0,533800
SAIL30Jan2040CE.NFO,07/01/2020,11:38:27,6.1,5.75,15700,6.1,31400,0,533800
SAIL30Jan2040CE.NFO,07/01/2020,11:38:31,6.1,5.75,15700,6.05,47100,0,533800
SAIL30Jan2040CE.NFO,07/01/2020,11:38:42,6.1,5.75,15700,6.05,15700,0,533800
SAIL30Jan2040CE.NFO,07/01/2020,11:39:14,6.1,5.75,15700,6.1,31400,0,533800
SAIL30Jan2040CE.NFO,07/01/2020,11:39:23,6.1,5.75,15700,6.05,15700,0,533800
SAIL30Jan2040CE.NFO,07/01/2020,11:39:56,6.1,5.7,31400,6,31400,0,533800
SAIL30Jan2040CE.NFO,07/01/2020,11:40:04,6.1,5.7,31400,6.05,15700,0,533800
SAIL30Jan2040CE.NFO,07/01/2020,11:40:19,6.1,5.7,31400,6,31400,0,533800
SAIL30Jan2040CE.NFO,07/01/2020,11:42:37,6.1,5.7,31400,6.05,15700,0,533800
SAIL30Jan2040CE.NFO,07/01/2020,11:42:48,6.1,5.7,31400,6,15700,0,533800
SAIL30Jan2040CE.NFO,07/01/2020,11:43:02,6.1,5.7,31400,6,31400,0,533800
SAIL30Jan2040CE.NFO,07/01/2020,11:43:36,6.1,5.7,31400,6,15700,0,533800
SAIL30Jan2040CE.NFO,07/01/2020,11:43:51,6.1,5.7,31400,6.05,15700,0,533800
SAIL30Jan2040CE.NFO,07/01/2020,11:44:35,6.1,5.7,31400,6,15700,0,533800
SAIL30Jan2040CE.NFO,07/01/2020,11:44:49,6.1,5.7,31400,6,31400,0,533800
SAIL30Jan2040CE.NFO,07/01/2020,11:47:33,6.1,5.65,15700,5.95,15700,0,533800
SAIL30Jan2040CE.NFO,07/01/2020,11:50:30,6.1,5.65,31400,6,31400,0,533800
SAIL30Jan2040CE.NFO,07/01/2020,11:51:10,6.1,5.7,15700,6,31400,0,533800
SAIL30Jan2040CE.NFO,07/01/2020,11:51:15,6.1,5.65,31400,6,31400,0,533800
SAIL30Jan2040CE.NFO,07/01/2020,11:51:19,6.1,5.7,31400,6,31400,0,533800
SAIL30Jan2040CE.NFO,07/01/2020,11:51:29,6.1,5.7,31400,6.05,15700,0,533800
SAIL30Jan2040CE.NFO,07/01/2020,11:51:35,6.1,5.75,15700,6.05,15700,0,533800
SAIL30Jan2040CE.NFO,07/01/2020,11:51:53,6.1,5.7,31400,6.05,15700,0,533800
SAIL30Jan2040CE.NFO,07/01/2020,11:51:57,6.1,5.75,15700,6.05,15700,0,533800
SAIL30Jan2040CE.NFO,07/01/2020,11:52:31,6.1,5.7,31400,6,47100,0,533800
SAIL30Jan2040CE.NFO,07/01/2020,11:52:35,6.1,5.7,31400,6,31400,0,533800
SAIL30Jan2040CE.NFO,07/01/2020,11:53:11,6.1,5.7,31400,6,15700,0,533800
SAIL30Jan2040CE.NFO,07/01/2020,11:53:30,6.1,5.7,31400,6,31400,0,533800
SAIL30Jan2040CE.NFO,07/01/2020,11:55:17,6.1,5.65,15700,5.95,15700,0,533800
SAIL30Jan2040CE.NFO,07/01/2020,11:59:51,6.1,5.6,15700,5.9,31400,0,533800
SAIL30Jan2040CE.NFO,07/01/2020,12:00:35,6.1,5.65,15700,5.95,15700,0,533800
SAIL30Jan2040CE.NFO,07/01/2020,12:00:50,6.1,5.6,31400,5.95,15700,0,533800
SAIL30Jan2040CE.NFO,07/01/2020,12:01:45,6.1,5.6,31400,5.9,31400,0,533800
SAIL30Jan2040CE.NFO,07/01/2020,12:02:36,6.1,5.65,15700,5.95,15700,0,533800
SAIL30Jan2040CE.NFO,07/01/2020,12:02:43,6.1,5.65,31400,6,15700,0,533800
SAIL30Jan2040CE.NFO,07/01/2020,12:03:05,6.1,5.65,31400,6,31400,0,533800
SAIL30Jan2040CE.NFO,07/01/2020,12:04:07,6.1,5.65,31400,5.95,31400,0,533800
SAIL30Jan2040CE.NFO,07/01/2020,12:05:06,6.1,5.65,31400,5.95,15700,0,533800
SAIL30Jan2040CE.NFO,07/01/2020,12:06:06,6.1,5.6,15700,5.9,15700,0,533800
SAIL30Jan2040CE.NFO,07/01/2020,12:06:15,6.1,5.65,15700,5.95,15700,0,533800
SAIL30Jan2040CE.NFO,07/01/2020,12:08:20,6.1,5.7,15700,6,15700,0,533800
SAIL30Jan2040CE.NFO,07/01/2020,12:08:27,6.1,5.65,31400,6,15700,0,533800
SAIL30Jan2040CE.NFO,07/01/2020,12:08:32,6.1,5.7,15700,6,15700,0,533800
SAIL30Jan2040CE.NFO,07/01/2020,12:08:54,6.1,5.65,31400,6,15700,0,533800
SAIL30Jan2040CE.NFO,07/01/2020,12:09:16,6.1,5.7,15700,6,15700,0,533800
SAIL30Jan2040CE.NFO,07/01/2020,12:10:02,6.1,5.65,31400,5.95,31400,0,533800
SAIL30Jan2040CE.NFO,07/01/2020,12:10:13,6.1,5.65,31400,5.95,15700,0,533800
SAIL30Jan2040CE.NFO,07/01/2020,12:10:33,6.1,5.65,31400,6,15700,0,533800
SAIL30Jan2040CE.NFO,07/01/2020,12:10:55,6.1,5.7,15700,6,15700,0,533800
SAIL30Jan2040CE.NFO,07/01/2020,12:11:16,6.1,5.65,31400,6,15700,0,533800
SAIL30Jan2040CE.NFO,07/01/2020,12:11:49,6.1,5.7,15700,6,15700,0,533800
SAIL30Jan2040CE.NFO,07/01/2020,12:12:55,6.1,5.65,31400,6,15700,0,533800
SAIL30Jan2040CE.NFO,07/01/2020,12:13:08,6.1,5.7,15700,6,15700,0,533800
SAIL30Jan2040CE.NFO,07/01/2020,12:13:16,6.1,5.7,15700,6,31400,0,533800
SAIL30Jan2040CE.NFO,07/01/2020,12:13:28,6.1,5.7,31400,6,31400,0,533800
SAIL30Jan2040CE.NFO,07/01/2020,12:13:34,6.1,5.7,15700,6,31400,0,533800
SAIL30Jan2040CE.NFO,07/01/2020,12:14:04,6.1,5.65,15700,6,31400,0,533800
SAIL30Jan2040CE.NFO,07/01/2020,12:14:11,6.1,5.65,31400,6,31400,0,533800
SAIL30Jan2040CE.NFO,07/01/2020,12:14:15,6.1,5.65,31400,6,15700,0,533800
SAIL30Jan2040CE.NFO,07/01/2020,12:14:27,6.1,5.65,31400,6,31400,0,533800
SAIL30Jan2040CE.NFO,07/01/2020,12:14:43,6.1,5.7,15700,6,31400,0,533800
SAIL30Jan2040CE.NFO,07/01/2020,12:15:38,6.1,5.65,31400,6,31400,0,533800
SAIL30Jan2040CE.NFO,07/01/2020,12:15:50,6.1,5.7,15700,6,31400,0,533800
SAIL30Jan2040CE.NFO,07/01/2020,12:16:53,6.1,5.7,15700,6,15700,0,533800
SAIL30Jan2040CE.NFO,07/01/2020,12:17:05,6.1,5.7,15700,6,31400,0,533800
SAIL30Jan2040CE.NFO,07/01/2020,12:17:54,6.1,5.7,15700,6.05,15700,0,533800
SAIL30Jan2040CE.NFO,07/01/2020,12:18:27,6.1,5.7,31400,6.05,15700,0,533800
SAIL30Jan2040CE.NFO,07/01/2020,12:19:11,6.1,5.75,15700,6.05,15700,0,533800
SAIL30Jan2040CE.NFO,07/01/2020,12:19:41,6.1,5.8,47100,6.15,15700,0,533800
SAIL30Jan2040CE.NFO,07/01/2020,12:19:51,6.1,5.8,47100,6.1,47100,0,533800
SAIL30Jan2040CE.NFO,07/01/2020,12:19:56,6.1,5.8,47100,6.1,31400,0,533800
SAIL30Jan2040CE.NFO,07/01/2020,12:20:46,6.1,5.8,31400,6.1,31400,0,533800
SAIL30Jan2040CE.NFO,07/01/2020,12:20:49,6.1,5.8,47100,6.1,31400,0,533800
SAIL30Jan2040CE.NFO,07/01/2020,12:22:01,6.1,5.75,15700,6.05,15700,0,533800
SAIL30Jan2040CE.NFO,07/01/2020,12:22:18,6.1,5.7,31400,6.05,15700,0,533800
SAIL30Jan2040CE.NFO,07/01/2020,12:22:52,6.1,5.7,31400,6,31400,0,533800
SAIL30Jan2040CE.NFO,07/01/2020,12:24:14,6.1,5.75,15700,6.05,15700,0,533800
SAIL30Jan2040CE.NFO,07/01/2020,12:25:03,6.1,5.7,31400,6.05,15700,0,533800
SAIL30Jan2040CE.NFO,07/01/2020,12:25:58,6.1,5.75,15700,6.05,15700,0,533800
SAIL30Jan2040CE.NFO,07/01/2020,12:26:03,6.1,5.7,31400,6.05,15700,0,533800
SAIL30Jan2040CE.NFO,07/01/2020,12:26:06,6.1,5.75,15700,6.05,15700,0,533800
SAIL30Jan2040CE.NFO,07/01/2020,12:26:14,6.1,5.75,15700,6.05,47100,0,533800
SAIL30Jan2040CE.NFO,07/01/2020,12:26:56,6.1,5.7,31400,6.05,31400,0,533800
SAIL30Jan2040CE.NFO,07/01/2020,12:27:11,6.1,5.75,15700,6.05,31400,0,533800
SAIL30Jan2040CE.NFO,07/01/2020,12:28:45,6.1,5.7,31400,6.05,31400,0,533800
SAIL30Jan2040CE.NFO,07/01/2020,12:28:58,6.1,5.65,15700,5.95,15700,0,533800
SAIL30Jan2040CE.NFO,07/01/2020,12:30:57,6.1,5.65,31400,6,15700,0,533800
SAIL30Jan2040CE.NFO,07/01/2020,12:31:43,6.1,5.65,31400,5.95,15700,0,533800
SAIL30Jan2040CE.NFO,07/01/2020,12:31:55,6.1,5.65,31400,5.95,31400,0,533800
SAIL30Jan2040CE.NFO,07/01/2020,12:32:03,6.1,5.65,31400,5.95,15700,0,533800
SAIL30Jan2040CE.NFO,07/01/2020,12:32:15,6.1,5.65,31400,5.95,31400,0,533800
SAIL30Jan2040CE.NFO,07/01/2020,12:32:51,6.1,5.6,15700,5.9,15700,0,533800
SAIL30Jan2040CE.NFO,07/01/2020,12:34:21,6.1,5.6,15700,5.95,31400,0,533800
SAIL30Jan2040CE.NFO,07/01/2020,12:34:24,6.1,5.6,15700,5.9,15700,0,533800
SAIL30Jan2040CE.NFO,07/01/2020,12:34:27,6.1,5.6,15700,5.95,31400,0,533800
SAIL30Jan2040CE.NFO,07/01/2020,12:34:32,6.1,5.6,31400,5.95,31400,0,533800
SAIL30Jan2040CE.NFO,07/01/2020,12:35:12,6.1,5.65,15700,5.95,31400,0,533800
SAIL30Jan2040CE.NFO,07/01/2020,12:36:11,6.1,5.6,31400,5.95,31400,0,533800
SAIL30Jan2040CE.NFO,07/01/2020,12:37:40,6.1,5.65,15700,5.95,31400,0,533800
SAIL30Jan2040CE.NFO,07/01/2020,12:38:38,6.1,5.65,31400,6,15700,0,533800
SAIL30Jan2040CE.NFO,07/01/2020,12:38:45,6.1,5.7,15700,6,15700,0,533800
SAIL30Jan2040CE.NFO,07/01/2020,12:39:27,6.1,5.65,31400,6,15700,0,533800
SAIL30Jan2040CE.NFO,07/01/2020,12:40:44,6.1,5.7,15700,6,15700,0,533800
SAIL30Jan2040CE.NFO,07/01/2020,12:40:55,6.1,5.7,31400,6.05,15700,0,533800
SAIL30Jan2040CE.NFO,07/01/2020,12:40:59,6.1,5.75,15700,6.05,15700,0,533800
SAIL30Jan2040CE.NFO,07/01/2020,12:41:03,6.1,5.7,31400,6,15700,0,533800
SAIL30Jan2040CE.NFO,07/01/2020,12:41:08,6.1,5.7,31400,6.05,15700,0,533800
SAIL30Jan2040CE.NFO,07/01/2020,12:42:13,6.1,5.7,31400,6,15700,0,533800
SAIL30Jan2040CE.NFO,07/01/2020,12:42:19,6.1,5.7,31400,6,31400,0,533800
SAIL30Jan2040CE.NFO,07/01/2020,12:42:40,6.1,5.65,15700,5.95,31400,0,533800
SAIL30Jan2040CE.NFO,07/01/2020,12:42:44,6.1,5.65,15700,5.95,15700,0,533800
SAIL30Jan2040CE.NFO,07/01/2020,12:43:40,6.1,5.65,15700,6,31400,0,533800
SAIL30Jan2040CE.NFO,07/01/2020,12:43:48,6.1,5.65,31400,6,31400,0,533800
SAIL30Jan2040CE.NFO,07/01/2020,12:43:59,6.1,5.65,31400,5.95,47100,0,533800
SAIL30Jan2040CE.NFO,07/01/2020,12:44:10,6.1,5.65,31400,6,31400,0,533800
SAIL30Jan2040CE.NFO,07/01/2020,12:44:27,6.1,5.65,31400,5.95,15700,0,533800
SAIL30Jan2040CE.NFO,07/01/2020,12:44:45,6.1,5.65,31400,6,31400,0,533800
SAIL30Jan2040CE.NFO,07/01/2020,12:44:51,6.1,5.65,31400,5.95,15700,0,533800
SAIL30Jan2040CE.NFO,07/01/2020,12:45:38,6.1,5.65,31400,6,31400,0,533800
SAIL30Jan2040CE.NFO,07/01/2020,12:45:41,6.1,5.7,15700,6,31400,0,533800
SAIL30Jan2040CE.NFO,07/01/2020,12:45:52,6.1,5.75,15700,6.05,15700,0,533800
SAIL30Jan2040CE.NFO,07/01/2020,12:46:07,6.1,5.8,15700,6.1,15700,0,533800
SAIL30Jan2040CE.NFO,07/01/2020,12:46:14,6.1,5.75,31400,6.1,15700,0,533800
SAIL30Jan2040CE.NFO,07/01/2020,12:46:18,6.1,5.8,15700,6.1,15700,0,533800
SAIL30Jan2040CE.NFO,07/01/2020,12:46:34,6.1,5.85,15700,6.15,15700,0,533800
SAIL30Jan2040CE.NFO,07/01/2020,12:46:38,6.1,5.9,31400,6.2,31400,0,533800
SAIL30Jan2040CE.NFO,07/01/2020,12:46:52,6.1,5.9,31400,6.25,31400,0,533800
SAIL30Jan2040CE.NFO,07/01/2020,12:46:57,6.1,5.95,15700,6.25,31400,0,533800
SAIL30Jan2040CE.NFO,07/01/2020,12:47:00,6.1,5.9,31400,6.25,31400,0,533800
SAIL30Jan2040CE.NFO,07/01/2020,12:47:04,6.1,5.95,15700,6.25,31400,0,533800
SAIL30Jan2040CE.NFO,07/01/2020,12:47:17,6.1,5.9,31400,6.25,31400,0,533800
SAIL30Jan2040CE.NFO,07/01/2020,12:47:21,6.1,5.9,31400,6.2,15700,0,533800
SAIL30Jan2040CE.NFO,07/01/2020,12:47:45,6.1,5.9,31400,6.25,31400,0,533800
SAIL30Jan2040CE.NFO,07/01/2020,12:48:03,6.1,5.95,15700,6.25,31400,0,533800
SAIL30Jan2040CE.NFO,07/01/2020,12:48:37,6.1,5.9,31400,6.25,31400,0,533800
SAIL30Jan2040CE.NFO,07/01/2020,12:48:42,6.1,5.95,15700,6.25,31400,0,533800
SAIL30Jan2040CE.NFO,07/01/2020,12:49:04,6.1,5.9,31400,6.25,31400,0,533800
SAIL30Jan2040CE.NFO,07/01/2020,12:49:09,6.1,5.9,31400,6.2,15700,0,533800
SAIL30Jan2040CE.NFO,07/01/2020,12:50:02,6.1,5.9,15700,6.2,15700,0,533800
SAIL30Jan2040CE.NFO,07/01/2020,12:51:31,6.1,5.9,15700,6.2,31400,0,533800
SAIL30Jan2040CE.NFO,07/01/2020,12:51:44,6.1,5.9,15700,6.2,15700,0,533800
SAIL30Jan2040CE.NFO,07/01/2020,12:52:24,6.1,5.85,31400,6.15,31400,0,533800
SAIL30Jan2040CE.NFO,07/01/2020,12:54:26,6.1,5.8,15700,6.1,15700,0,533800
SAIL30Jan2040CE.NFO,07/01/2020,12:55:22,6.1,5.8,47100,6.15,47100,0,533800
SAIL30Jan2040CE.NFO,07/01/2020,12:55:27,6.1,5.85,15700,6.15,47100,0,533800
SAIL30Jan2040CE.NFO,07/01/2020,12:56:42,6.1,5.9,15700,6.2,31400,0,533800
SAIL30Jan2040CE.NFO,07/01/2020,12:56:45,6.1,5.85,31400,6.2,31400,0,533800
SAIL30Jan2040CE.NFO,07/01/2020,12:57:04,6.1,5.9,15700,6.2,31400,0,533800
SAIL30Jan2040CE.NFO,07/01/2020,12:57:18,6.1,5.85,31400,6.2,31400,0,533800
SAIL30Jan2040CE.NFO,07/01/2020,12:57:25,6.1,5.85,31400,6.15,15700,0,533800
SAIL30Jan2040CE.NFO,07/01/2020,12:57:29,6.1,5.85,31400,6.15,31400,0,533800
SAIL30Jan2040CE.NFO,07/01/2020,12:57:59,6.1,5.85,31400,6.15,47100,0,533800
SAIL30Jan2040CE.NFO,07/01/2020,12:58:03,6.1,5.8,15700,6.15,47100,0,533800
SAIL30Jan2040CE.NFO,07/01/2020,12:58:07,6.1,5.8,15700,6.1,15700,0,533800
SAIL30Jan2040CE.NFO,07/01/2020,12:59:24,6.1,5.8,15700,6.1,47100,0,533800
SAIL30Jan2040CE.NFO,07/01/2020,12:59:27,6.1,5.8,15700,6.1,15700,0,533800
SAIL30Jan2040CE.NFO,07/01/2020,13:00:16,6.1,5.7,15700,6,15700,0,533800
SAIL30Jan2040CE.NFO,07/01/2020,13:01:08,6.1,5.65,31400,6,15700,0,533800
SAIL30Jan2040CE.NFO,07/01/2020,13:01:15,6.1,5.65,31400,6,31400,0,533800
SAIL30Jan2040CE.NFO,07/01/2020,13:01:29,6.1,5.65,31400,5.95,15700,0,533800
SAIL30Jan2040CE.NFO,07/01/2020,13:01:36,6.1,5.65,31400,6,31400,0,533800
SAIL30Jan2040CE.NFO,07/01/2020,13:01:47,6.1,5.65,31400,5.95,15700,0,533800
SAIL30Jan2040CE.NFO,07/01/2020,13:02:05,6.1,5.65,31400,6,31400,0,533800
SAIL30Jan2040CE.NFO,07/01/2020,13:02:59,6.1,5.6,15700,5.9,31400,0,533800
SAIL30Jan2040CE.NFO,07/01/2020,13:03:22,6.1,5.65,15700,5.95,15700,0,533800
SAIL30Jan2040CE.NFO,07/01/2020,13:04:43,6.1,5.6,31400,5.9,15700,0,533800
SAIL30Jan2040CE.NFO,07/01/2020,13:04:51,6.1,5.55,31400,5.85,15700,0,533800
SAIL30Jan2040CE.NFO,07/01/2020,13:04:57,6.1,5.55,47100,5.9,31400,0,533800
SAIL30Jan2040CE.NFO,07/01/2020,13:05:03,6.1,5.55,47100,5.85,15700,0,533800
SAIL30Jan2040CE.NFO,07/01/2020,13:05:09,6.1,5.55,47100,5.85,47100,0,533800
SAIL30Jan2040CE.NFO,07/01/2020,13:05:15,6.1,5.55,47100,5.85,15700,0,533800
SAIL30Jan2040CE.NFO,07/01/2020,13:05:26,6.1,5.55,47100,5.9,31400,0,533800
SAIL30Jan2040CE.NFO,07/01/2020,13:05:31,6.1,5.55,47100,5.85,15700,0,533800
SAIL30Jan2040CE.NFO,07/01/2020,13:05:47,6.1,5.55,47100,5.9,31400,0,533800
SAIL30Jan2040CE.NFO,07/01/2020,13:05:52,6.1,5.55,47100,5.85,15700,0,533800
SAIL30Jan2040CE.NFO,07/01/2020,13:06:32,6.1,5.55,15700,5.8,15700,0,533800
SAIL30Jan2040CE.NFO,07/01/2020,13:06:38,6.1,5.55,15700,5.85,15700,0,533800
SAIL30Jan2040CE.NFO,07/01/2020,13:06:57,6.1,5.55,15700,5.8,31400,0,533800
SAIL30Jan2040CE.NFO,07/01/2020,13:07:24,6.1,5.55,15700,5.85,15700,0,533800
SAIL30Jan2040CE.NFO,07/01/2020,13:07:30,6.1,5.55,15700,5.8,31400,0,533800
SAIL30Jan2040CE.NFO,07/01/2020,13:07:41,6.1,5.55,15700,5.8,15700,0,533800
SAIL30Jan2040CE.NFO,07/01/2020,13:07:46,6.1,5.55,15700,5.8,31400,0,533800
SAIL30Jan2040CE.NFO,07/01/2020,13:08:10,6.1,5.55,15700,5.75,15700,0,533800
SAIL30Jan2040CE.NFO,07/01/2020,13:08:33,6.1,5.55,15700,5.8,31400,0,533800
SAIL30Jan2040CE.NFO,07/01/2020,13:08:40,6.1,5.55,15700,5.75,15700,0,533800
SAIL30Jan2040CE.NFO,07/01/2020,13:08:52,6.1,5.55,15700,5.8,31400,0,533800
SAIL30Jan2040CE.NFO,07/01/2020,13:08:58,6.1,5.55,15700,5.75,15700,0,533800
SAIL30Jan2040CE.NFO,07/01/2020,13:09:04,6.1,5.55,15700,5.8,31400,0,533800
SAIL30Jan2040CE.NFO,07/01/2020,13:09:11,6.1,5.55,15700,5.75,15700,0,533800
SAIL30Jan2040CE.NFO,07/01/2020,13:09:19,6.1,5.55,15700,5.8,31400,0,533800
SAIL30Jan2040CE.NFO,07/01/2020,13:09:27,6.1,5.55,15700,5.8,47100,0,533800
SAIL30Jan2040CE.NFO,07/01/2020,13:09:54,6.1,5.55,15700,5.85,31400,0,533800
SAIL30Jan2040CE.NFO,07/01/2020,13:10:07,6.1,5.55,15700,5.8,31400,0,533800
SAIL30Jan2040CE.NFO,07/01/2020,13:10:14,6.1,5.55,15700,5.8,47100,0,533800
SAIL30Jan2040CE.NFO,07/01/2020,13:10:51,6.1,5.55,15700,5.8,31400,0,533800
SAIL30Jan2040CE.NFO,07/01/2020,13:11:34,6.1,5.55,31400,5.85,15700,0,533800
SAIL30Jan2040CE.NFO,07/01/2020,13:11:39,6.1,5.55,15700,5.85,15700,0,533800
SAIL30Jan2040CE.NFO,07/01/2020,13:11:52,6.1,5.55,15700,5.8,15700,0,533800
SAIL30Jan2040CE.NFO,07/01/2020,13:12:02,6.1,5.55,15700,5.85,31400,0,533800
SAIL30Jan2040CE.NFO,07/01/2020,13:12:41,6.1,5.55,31400,5.85,31400,0,533800
SAIL30Jan2040CE.NFO,07/01/2020,13:12:50,6.1,5.55,15700,5.85,31400,0,533800
SAIL30Jan2040CE.NFO,07/01/2020,13:12:58,6.1,5.55,31400,5.85,31400,0,533800
SAIL30Jan2040CE.NFO,07/01/2020,13:13:33,6.1,5.55,15700,5.8,15700,0,533800
SAIL30Jan2040CE.NFO,07/01/2020,13:14:07,6.1,5.55,15700,5.75,15700,0,533800
SAIL30Jan2040CE.NFO,07/01/2020,13:14:33,6.1,5.55,15700,5.8,15700,0,533800
SAIL30Jan2040CE.NFO,07/01/2020,13:15:02,6.1,5.55,15700,5.75,15700,0,533800
SAIL30Jan2040CE.NFO,07/01/2020,13:15:09,6.1,5.55,15700,5.75,31400,0,533800
SAIL30Jan2040CE.NFO,07/01/2020,13:15:32,6.1,5.55,15700,5.7,15700,0,533800
SAIL30Jan2040CE.NFO,07/01/2020,13:15:44,6.1,5.55,15700,5.75,31400,0,533800
SAIL30Jan2040CE.NFO,07/01/2020,13:15:50,6.1,5.55,15700,5.7,15700,0,533800
SAIL30Jan2040CE.NFO,07/01/2020,13:16:01,5.55,5.4,31400,5.7,15700,15700,533800
SAIL30Jan2040CE.NFO,07/01/2020,13:16:01,5.55,5.4,31400,5.7,15700,0,533800
SAIL30Jan2040CE.NFO,07/01/2020,13:16:36,5.55,5.5,15700,5.75,15700,0,533800
SAIL30Jan2040CE.NFO,07/01/2020,13:17:21,5.55,5.5,15700,5.7,15700,0,533800
SAIL30Jan2040CE.NFO,07/01/2020,13:17:28,5.55,5.5,15700,5.7,31400,0,533800
SAIL30Jan2040CE.NFO,07/01/2020,13:17:49,5.55,5.4,15700,5.7,31400,0,533800
SAIL30Jan2040CE.NFO,07/01/2020,13:17:54,5.55,5.4,15700,5.65,15700,0,533800
SAIL30Jan2040CE.NFO,07/01/2020,13:18:20,5.55,5.4,15700,5.6,31400,0,533800
SAIL30Jan2040CE.NFO,07/01/2020,13:18:26,5.55,5.4,15700,5.65,15700,0,533800
SAIL30Jan2040CE.NFO,07/01/2020,13:18:50,5.55,5.4,15700,5.7,15700,0,533800
SAIL30Jan2040CE.NFO,07/01/2020,13:19:19,5.55,5.4,31400,5.7,31400,0,533800
SAIL30Jan2040CE.NFO,07/01/2020,13:20:01,5.55,5.5,15700,5.75,15700,0,533800
SAIL30Jan2040CE.NFO,07/01/2020,13:21:08,5.55,5.45,31400,5.75,31400,0,533800
SAIL30Jan2040CE.NFO,07/01/2020,13:21:15,5.55,5.45,15700,5.7,15700,0,533800
SAIL30Jan2040CE.NFO,07/01/2020,13:23:15,5.55,5.4,15700,5.65,15700,0,533800
SAIL30Jan2040CE.NFO,07/01/2020,13:23:21,5.55,5.4,15700,5.65,31400,0,533800
SAIL30Jan2040CE.NFO,07/01/2020,13:24:02,5.55,5.35,15700,5.65,31400,0,533800
SAIL30Jan2040CE.NFO,07/01/2020,13:24:07,5.55,5.35,15700,5.6,15700,0,533800
SAIL30Jan2040CE.NFO,07/01/2020,13:24:13,5.55,5.35,31400,5.65,31400,0,533800
SAIL30Jan2040CE.NFO,07/01/2020,13:24:28,5.55,5.35,15700,5.65,31400,0,533800
SAIL30Jan2040CE.NFO,07/01/2020,13:24:33,5.55,5.35,31400,5.65,31400,0,533800
SAIL30Jan2040CE.NFO,07/01/2020,13:24:40,5.55,5.45,15700,5.75,15700,0,533800
SAIL30Jan2040CE.NFO,07/01/2020,13:24:48,5.55,5.45,31400,5.75,15700,0,533800
SAIL30Jan2040CE.NFO,07/01/2020,13:25:19,5.55,5.5,31400,5.8,15700,0,533800
SAIL30Jan2040CE.NFO,07/01/2020,13:25:25,5.55,5.5,15700,5.8,15700,0,533800
SAIL30Jan2040CE.NFO,07/01/2020,13:25:31,5.55,5.5,31400,5.8,15700,0,533800
SAIL30Jan2040CE.NFO,07/01/2020,13:25:51,5.55,5.55,15700,5.85,62800,0,533800
SAIL30Jan2040CE.NFO,07/01/2020,13:26:27,5.55,5.6,31400,5.9,15700,0,533800
SAIL30Jan2040CE.NFO,07/01/2020,13:26:52,5.55,5.6,15700,5.9,15700,0,533800
SAIL30Jan2040CE.NFO,07/01/2020,13:27:13,5.55,5.6,15700,5.85,78500,0,533800
SAIL30Jan2040CE.NFO,07/01/2020,13:27:34,5.55,5.55,15700,5.8,15700,0,533800
SAIL30Jan2040CE.NFO,07/01/2020,13:27:40,5.55,5.45,31400,5.8,15700,0,533800
SAIL30Jan2040CE.NFO,07/01/2020,13:27:46,5.55,5.5,15700,5.8,15700,0,533800
SAIL30Jan2040CE.NFO,07/01/2020,13:27:53,5.55,5.5,15700,5.75,15700,0,533800
SAIL30Jan2040CE.NFO,07/01/2020,13:28:00,5.55,5.5,15700,5.75,31400,0,533800
SAIL30Jan2040CE.NFO,07/01/2020,13:28:11,5.55,5.45,15700,5.7,15700,0,533800
SAIL30Jan2040CE.NFO,07/01/2020,13:28:44,5.55,5.4,15700,5.65,31400,0,533800
SAIL30Jan2040CE.NFO,07/01/2020,13:28:57,5.55,5.4,15700,5.65,15700,0,533800
SAIL30Jan2040CE.NFO,07/01/2020,13:29:13,5.55,5.4,31400,5.7,15700,0,533800
SAIL30Jan2040CE.NFO,07/01/2020,13:29:20,5.55,5.4,15700,5.65,15700,0,533800
SAIL30Jan2040CE.NFO,07/01/2020,13:29:27,5.55,5.4,15700,5.65,47100,0,533800
SAIL30Jan2040CE.NFO,07/01/2020,13:29:33,5.55,5.4,15700,5.65,15700,0,533800
SAIL30Jan2040CE.NFO,07/01/2020,13:29:39,5.55,5.4,15700,5.7,31400,0,533800
SAIL30Jan2040CE.NFO,07/01/2020,13:29:45,5.55,5.35,15700,5.6,15700,0,533800
SAIL30Jan2040CE.NFO,07/01/2020,13:29:51,5.55,5.3,15700,5.6,15700,0,533800
SAIL30Jan2040CE.NFO,07/01/2020,13:30:06,5.55,5.3,15700,5.65,78500,0,533800
SAIL30Jan2040CE.NFO,07/01/2020,13:30:13,5.55,5.3,15700,5.6,109900,0,533800
SAIL30Jan2040CE.NFO,07/01/2020,13:30:38,5.55,5.3,31400,5.65,15700,0,533800
SAIL30Jan2040CE.NFO,07/01/2020,13:30:45,5.55,5.4,15700,5.7,15700,0,533800
SAIL30Jan2040CE.NFO,07/01/2020,13:30:53,5.55,5.4,31400,5.7,78500,0,533800
SAIL30Jan2040CE.NFO,07/01/2020,13:31:00,5.55,5.4,31400,5.7,15700,0,533800
SAIL30Jan2040CE.NFO,07/01/2020,13:31:35,5.55,5.45,15700,5.75,47100,0,533800
SAIL30Jan2040CE.NFO,07/01/2020,13:31:42,5.55,5.45,15700,5.75,31400,0,533800
SAIL30Jan2040CE.NFO,07/01/2020,13:31:58,5.55,5.5,15700,5.8,31400,0,533800
SAIL30Jan2040CE.NFO,07/01/2020,13:32:06,5.55,5.45,15700,5.75,47100,0,533800
SAIL30Jan2040CE.NFO,07/01/2020,13:32:18,5.55,5.45,15700,5.75,62800,0,533800
SAIL30Jan2040CE.NFO,07/01/2020,13:32:29,5.55,5.45,15700,5.7,78500,0,533800
SAIL30Jan2040CE.NFO,07/01/2020,13:32:34,5.55,5.45,15700,5.7,31400,0,533800
SAIL30Jan2040CE.NFO,07/01/2020,13:32:52,5.55,5.4,15700,5.7,31400,0,533800
SAIL30Jan2040CE.NFO,07/01/2020,13:33:05,5.55,5.4,15700,5.65,15700,0,533800
SAIL30Jan2040CE.NFO,07/01/2020,13:33:15,5.55,5.4,15700,5.7,31400,0,533800
SAIL30Jan2040CE.NFO,07/01/2020,13:33:20,5.55,5.4,15700,5.65,15700,0,533800
SAIL30Jan2040CE.NFO,07/01/2020,13:33:26,5.55,5.35,15700,5.6,15700,0,533800
SAIL30Jan2040CE.NFO,07/01/2020,13:33:33,5.55,5.35,15700,5.6,31400,0,533800
SAIL30Jan2040CE.NFO,07/01/2020,13:33:54,5.55,5.35,31400,5.65,15700,0,533800
SAIL30Jan2040CE.NFO,07/01/2020,13:34:09,5.55,5.35,15700,5.65,15700,0,533800
SAIL30Jan2040CE.NFO,07/01/2020,13:34:24,5.55,5.35,15700,5.6,31400,0,533800
SAIL30Jan2040CE.NFO,07/01/2020,13:34:38,5.55,5.35,15700,5.6,15700,0,533800
SAIL30Jan2040CE.NFO,07/01/2020,13:34:44,5.55,5.35,15700,5.65,15700,0,533800
SAIL30Jan2040CE.NFO,07/01/2020,13:34:50,5.55,5.35,31400,5.65,15700,0,533800
SAIL30Jan2040CE.NFO,07/01/2020,13:34:55,5.55,5.45,15700,5.7,94200,0,533800
SAIL30Jan2040CE.NFO,07/01/2020,13:35:03,5.55,5.45,15700,5.7,15700,0,533800
SAIL30Jan2040CE.NFO,07/01/2020,13:35:10,5.55,5.45,31400,5.75,15700,0,533800
SAIL30Jan2040CE.NFO,07/01/2020,13:35:27,5.55,5.45,15700,5.75,15700,0,533800
SAIL30Jan2040CE.NFO,07/01/2020,13:35:33,5.55,5.55,15700,5.8,15700,0,533800
SAIL30Jan2040CE.NFO,07/01/2020,13:35:40,5.55,5.5,31400,5.8,15700,0,533800
SAIL30Jan2040CE.NFO,07/01/2020,13:36:41,5.55,5.5,15700,5.75,31400,0,533800
SAIL30Jan2040CE.NFO,07/01/2020,13:36:58,5.55,5.5,15700,5.8,15700,0,533800
SAIL30Jan2040CE.NFO,07/01/2020,13:37:31,5.55,5.5,31400,5.8,15700,0,533800
SAIL30Jan2040CE.NFO,07/01/2020,13:37:42,5.55,5.5,15700,5.75,15700,0,533800
SAIL30Jan2040CE.NFO,07/01/2020,13:37:51,5.55,5.5,15700,5.75,31400,0,533800
SAIL30Jan2040CE.NFO,07/01/2020,13:37:58,5.55,5.5,31400,5.8,15700,0,533800
SAIL30Jan2040CE.NFO,07/01/2020,13:38:14,5.55,5.6,15700,5.85,78500,0,533800
SAIL30Jan2040CE.NFO,07/01/2020,13:38:21,5.55,5.55,15700,5.85,78500,0,533800
SAIL30Jan2040CE.NFO,07/01/2020,13:38:27,5.55,5.55,15700,5.8,15700,0,533800
SAIL30Jan2040CE.NFO,07/01/2020,13:39:03,5.55,5.55,15700,5.85,94200,0,533800
SAIL30Jan2040CE.NFO,07/01/2020,13:39:16,5.55,5.55,15700,5.8,15700,0,533800
SAIL30Jan2040CE.NFO,07/01/2020,13:39:37,5.55,5.5,15700,5.75,15700,0,533800
SAIL30Jan2040CE.NFO,07/01/2020,13:39:43,5.55,5.45,15700,5.7,15700,0,533800
SAIL30Jan2040CE.NFO,07/01/2020,13:40:09,5.55,5.4,15700,5.7,15700,0,533800
SAIL30Jan2040CE.NFO,07/01/2020,13:40:46,5.55,5.4,31400,5.75,15700,0,533800
SAIL30Jan2040CE.NFO,07/01/2020,13:40:51,5.55,5.5,15700,5.75,15700,0,533800
SAIL30Jan2040CE.NFO,07/01/2020,13:41:14,5.55,5.45,15700,5.75,15700,0,533800
SAIL30Jan2040CE.NFO,07/01/2020,13:41:18,5.55,5.45,15700,5.7,15700,0,533800
SAIL30Jan2040CE.NFO,07/01/2020,13:41:29,5.55,5.45,15700,5.75,15700,0,533800
SAIL30Jan2040CE.NFO,07/01/2020,13:41:44,5.55,5.45,15700,5.7,15700,0,533800
SAIL30Jan2040CE.NFO,07/01/2020,13:42:03,5.55,5.4,15700,5.65,15700,0,533800
SAIL30Jan2040CE.NFO,07/01/2020,13:42:16,5.55,5.4,31400,5.7,15700,0,533800
SAIL30Jan2040CE.NFO,07/01/2020,13:42:24,5.55,5.45,15700,5.7,15700,0,533800
SAIL30Jan2040CE.NFO,07/01/2020,13:42:31,5.55,5.45,15700,5.75,15700,0,533800
SAIL30Jan2040CE.NFO,07/01/2020,13:42:58,5.55,5.45,15700,5.7,15700,0,533800
SAIL30Jan2040CE.NFO,07/01/2020,13:43:03,5.55,5.4,31400,5.7,15700,0,533800
SAIL30Jan2040CE.NFO,07/01/2020,13:43:33,5.55,5.4,15700,5.7,15700,0,533800
SAIL30Jan2040CE.NFO,07/01/2020,13:43:38,5.55,5.4,15700,5.65,15700,0,533800
SAIL30Jan2040CE.NFO,07/01/2020,13:43:51,5.55,5.4,15700,5.7,15700,0,533800
SAIL30Jan2040CE.NFO,07/01/2020,13:44:01,5.55,5.4,15700,5.65,15700,0,533800
SAIL30Jan2040CE.NFO,07/01/2020,13:44:04,5.55,5.4,15700,5.7,15700,0,533800
SAIL30Jan2040CE.NFO,07/01/2020,13:44:07,5.55,5.4,15700,5.65,15700,0,533800
SAIL30Jan2040CE.NFO,07/01/2020,13:44:11,5.55,5.4,15700,5.7,15700,0,533800
SAIL30Jan2040CE.NFO,07/01/2020,13:44:33,5.55,5.4,31400,5.7,15700,0,533800
SAIL30Jan2040CE.NFO,07/01/2020,13:44:45,5.55,5.4,15700,5.7,15700,0,533800
SAIL30Jan2040CE.NFO,07/01/2020,13:44:49,5.55,5.4,15700,5.65,15700,0,533800
SAIL30Jan2040CE.NFO,07/01/2020,13:45:09,5.55,5.5,15700,5.75,15700,0,533800
SAIL30Jan2040CE.NFO,07/01/2020,13:45:17,5.55,5.5,15700,5.8,15700,0,533800
SAIL30Jan2040CE.NFO,07/01/2020,13:45:23,5.55,5.5,15700,5.75,15700,0,533800
SAIL30Jan2040CE.NFO,07/01/2020,13:45:44,5.55,5.5,31400,5.8,15700,0,533800
SAIL30Jan2040CE.NFO,07/01/2020,13:45:51,5.55,5.5,15700,5.75,15700,0,533800
SAIL30Jan2040CE.NFO,07/01/2020,13:46:38,5.55,5.5,31400,5.8,15700,0,533800
SAIL30Jan2040CE.NFO,07/01/2020,13:46:44,5.55,5.6,15700,5.9,31400,0,533800
SAIL30Jan2040CE.NFO,07/01/2020,13:47:01,5.55,5.6,31400,5.9,31400,0,533800
SAIL30Jan2040CE.NFO,07/01/2020,13:47:09,5.55,5.6,31400,5.9,15700,0,533800
SAIL30Jan2040CE.NFO,07/01/2020,13:47:31,5.55,5.6,31400,5.9,31400,0,533800
SAIL30Jan2040CE.NFO,07/01/2020,13:47:42,5.55,5.6,31400,5.9,15700,0,533800
SAIL30Jan2040CE.NFO,07/01/2020,13:47:47,5.55,5.6,31400,5.9,31400,0,533800
SAIL30Jan2040CE.NFO,07/01/2020,13:48:02,5.55,5.65,15700,5.95,31400,0,533800
SAIL30Jan2040CE.NFO,07/01/2020,13:48:07,5.55,5.65,31400,5.95,31400,0,533800
SAIL30Jan2040CE.NFO,07/01/2020,13:48:43,5.55,5.65,15700,5.9,15700,0,533800
SAIL30Jan2040CE.NFO,07/01/2020,13:48:56,5.55,5.65,31400,5.95,15700,0,533800
SAIL30Jan2040CE.NFO,07/01/2020,13:49:02,5.55,5.7,15700,6,15700,0,533800
SAIL30Jan2040CE.NFO,07/01/2020,13:49:09,5.55,5.7,15700,6,31400,0,533800
SAIL30Jan2040CE.NFO,07/01/2020,13:49:47,5.55,5.7,31400,6,31400,0,533800
SAIL30Jan2040CE.NFO,07/01/2020,13:49:51,5.55,5.7,15700,6,31400,0,533800
SAIL30Jan2040CE.NFO,07/01/2020,13:49:58,5.55,5.7,31400,6,31400,0,533800
SAIL30Jan2040CE.NFO,07/01/2020,13:50:04,5.55,5.7,15700,5.95,15700,0,533800
SAIL30Jan2040CE.NFO,07/01/2020,13:50:10,5.55,5.7,31400,6,31400,0,533800
SAIL30Jan2040CE.NFO,07/01/2020,13:50:25,5.55,5.75,15700,6,15700,0,533800
SAIL30Jan2040CE.NFO,07/01/2020,13:50:31,5.55,5.75,15700,6,31400,0,533800
SAIL30Jan2040CE.NFO,07/01/2020,13:50:38,5.55,5.75,15700,6.05,31400,0,533800
SAIL30Jan2040CE.NFO,07/01/2020,13:50:47,5.55,5.75,31400,6.05,31400,0,533800
SAIL30Jan2040CE.NFO,07/01/2020,13:50:55,5.55,5.75,15700,6.05,31400,0,533800
SAIL30Jan2040CE.NFO,07/01/2020,13:51:09,5.55,5.75,15700,6,15700,0,533800
SAIL30Jan2040CE.NFO,07/01/2020,13:51:15,5.55,5.7,15700,5.95,15700,0,533800
SAIL30Jan2040CE.NFO,07/01/2020,13:51:21,5.55,5.7,15700,6,47100,0,533800
SAIL30Jan2040CE.NFO,07/01/2020,13:51:26,5.55,5.7,31400,6,47100,0,533800
SAIL30Jan2040CE.NFO,07/01/2020,13:51:31,5.55,5.7,15700,5.95,15700,0,533800
SAIL30Jan2040CE.NFO,07/01/2020,13:51:37,5.55,5.7,15700,6,47100,0,533800
SAIL30Jan2040CE.NFO,07/01/2020,13:51:57,5.55,5.65,15700,5.95,31400,0,533800
SAIL30Jan2040CE.NFO,07/01/2020,13:52:07,5.55,5.65,31400,6,15700,0,533800
SAIL30Jan2040CE.NFO,07/01/2020,13:52:13,5.55,5.65,31400,5.95,15700,0,533800
SAIL30Jan2040CE.NFO,07/01/2020,13:52:27,5.55,5.75,15700,6,31400,0,533800
SAIL30Jan2040CE.NFO,07/01/2020,13:52:32,5.55,5.7,15700,6,31400,0,533800
SAIL30Jan2040CE.NFO,07/01/2020,13:52:43,5.55,5.7,15700,5.95,15700,0,533800
SAIL30Jan2040CE.NFO,07/01/2020,13:52:56,5.55,5.7,15700,6,31400,0,533800
SAIL30Jan2040CE.NFO,07/01/2020,13:52:59,5.55,5.7,15700,5.95,15700,0,533800
SAIL30Jan2040CE.NFO,07/01/2020,13:53:08,5.55,5.7,15700,5.95,31400,0,533800
SAIL30Jan2040CE.NFO,07/01/2020,13:53:12,5.55,5.7,15700,5.95,47100,0,533800
SAIL30Jan2040CE.NFO,07/01/2020,13:53:44,5.55,5.55,15700,5.8,15700,0,533800
SAIL30Jan2040CE.NFO,07/01/2020,13:54:00,5.55,5.55,15700,5.85,94200,0,533800
SAIL30Jan2040CE.NFO,07/01/2020,13:54:07,5.55,5.55,15700,5.85,109900,0,533800
SAIL30Jan2040CE.NFO,07/01/2020,13:54:37,5.55,5.55,15700,5.85,94200,0,533800
SAIL30Jan2040CE.NFO,07/01/2020,13:54:41,5.55,5.55,15700,5.85,109900,0,533800
SAIL30Jan2040CE.NFO,07/01/2020,13:55:08,5.55,5.65,15700,5.9,15700,0,533800
SAIL30Jan2040CE.NFO,07/01/2020,13:55:21,5.55,5.65,15700,5.9,31400,0,533800
SAIL30Jan2040CE.NFO,07/01/2020,13:55:32,5.55,5.65,15700,5.9,15700,0,533800
SAIL30Jan2040CE.NFO,07/01/2020,13:55:37,5.55,5.65,15700,5.9,31400,0,533800
SAIL30Jan2040CE.NFO,07/01/2020,13:56:03,5.55,5.6,15700,5.85,94200,0,533800
SAIL30Jan2040CE.NFO,07/01/2020,13:56:14,5.55,5.6,15700,5.85,78500,0,533800
SAIL30Jan2040CE.NFO,07/01/2020,13:56:18,5.55,5.6,15700,5.85,94200,0,533800
SAIL30Jan2040CE.NFO,07/01/2020,13:56:32,5.55,5.55,15700,5.85,109900,0,533800
SAIL30Jan2040CE.NFO,07/01/2020,13:56:39,5.55,5.55,31400,5.85,78500,0,533800
SAIL30Jan2040CE.NFO,07/01/2020,13:57:02,5.55,5.6,15700,5.9,31400,0,533800
SAIL30Jan2040CE.NFO,07/01/2020,13:57:07,5.55,5.6,15700,5.85,62800,0,533800
SAIL30Jan2040CE.NFO,07/01/2020,13:57:14,5.55,5.6,15700,5.85,78500,0,533800
SAIL30Jan2040CE.NFO,07/01/2020,13:57:26,5.55,5.6,15700,5.85,94200,0,533800
SAIL30Jan2040CE.NFO,07/01/2020,13:57:47,5.55,5.6,15700,5.85,78500,0,533800
SAIL30Jan2040CE.NFO,07/01/2020,13:58:20,5.55,5.6,15700,5.85,94200,0,533800
SAIL30Jan2040CE.NFO,07/01/2020,13:58:27,5.55,5.55,15700,5.8,15700,0,533800
SAIL30Jan2040CE.NFO,07/01/2020,13:58:45,5.55,5.55,15700,5.85,47100,0,533800
SAIL30Jan2040CE.NFO,07/01/2020,13:58:49,5.55,5.55,15700,5.85,94200,0,533800
SAIL30Jan2040CE.NFO,07/01/2020,13:58:57,5.55,5.55,15700,5.85,109900,0,533800
SAIL30Jan2040CE.NFO,07/01/2020,13:59:22,5.55,5.55,31400,5.85,109900,0,533800
SAIL30Jan2040CE.NFO,07/01/2020,14:00:03,5.55,5.55,15700,5.85,109900,0,533800
SAIL30Jan2040CE.NFO,07/01/2020,14:00:42,5.55,5.6,15700,5.85,62800,0,533800
SAIL30Jan2040CE.NFO,07/01/2020,14:00:48,5.55,5.6,31400,5.9,15700,0,533800
SAIL30Jan2040CE.NFO,07/01/2020,14:01:01,5.55,5.6,31400,5.9,31400,0,533800
SAIL30Jan2040CE.NFO,07/01/2020,14:01:07,5.55,5.6,31400,5.9,47100,0,533800
SAIL30Jan2040CE.NFO,07/01/2020,14:01:52,5.55,5.6,15700,5.9,47100,0,533800
SAIL30Jan2040CE.NFO,07/01/2020,14:02:05,5.55,5.6,31400,5.9,47100,0,533800
SAIL30Jan2040CE.NFO,07/01/2020,14:02:35,5.55,5.6,15700,5.9,47100,0,533800
SAIL30Jan2040CE.NFO,07/01/2020,14:02:54,5.55,5.6,31400,5.9,15700,0,533800
SAIL30Jan2040CE.NFO,07/01/2020,14:03:01,5.55,5.6,31400,5.95,31400,0,533800
SAIL30Jan2040CE.NFO,07/01/2020,14:03:10,5.55,5.65,15700,5.95,15700,0,533800
SAIL30Jan2040CE.NFO,07/01/2020,14:03:45,5.55,5.7,31400,6,15700,0,533800
SAIL30Jan2040CE.NFO,07/01/2020,14:04:02,5.55,5.7,15700,5.95,47100,0,533800
SAIL30Jan2040CE.NFO,07/01/2020,14:04:45,5.55,5.65,15700,5.95,47100,0,533800
SAIL30Jan2040CE.NFO,07/01/2020,14:05:01,5.55,5.65,15700,5.9,15700,0,533800
SAIL30Jan2040CE.NFO,07/01/2020,14:05:36,5.55,5.65,15700,5.9,31400,0,533800
SAIL30Jan2040CE.NFO,07/01/2020,14:06:12,5.55,5.6,15700,5.9,31400,0,533800
SAIL30Jan2040CE.NFO,07/01/2020,14:06:16,5.55,5.6,15700,5.85,78500,0,533800
SAIL30Jan2040CE.NFO,07/01/2020,14:06:19,5.55,5.6,15700,5.85,94200,0,533800
SAIL30Jan2040CE.NFO,07/01/2020,14:06:23,5.55,5.6,15700,5.85,78500,0,533800
SAIL30Jan2040CE.NFO,07/01/2020,14:06:27,5.55,5.6,31400,5.9,31400,0,533800
SAIL30Jan2040CE.NFO,07/01/2020,14:06:31,5.55,5.6,15700,5.9,31400,0,533800
SAIL30Jan2040CE.NFO,07/01/2020,14:06:35,5.55,5.6,15700,5.85,62800,0,533800
SAIL30Jan2040CE.NFO,07/01/2020,14:06:40,5.55,5.6,15700,5.9,47100,0,533800
SAIL30Jan2040CE.NFO,07/01/2020,14:06:45,5.55,5.6,15700,5.85,78500,0,533800
SAIL30Jan2040CE.NFO,07/01/2020,14:06:54,5.55,5.6,15700,5.85,62800,0,533800
SAIL30Jan2040CE.NFO,07/01/2020,14:07:25,5.55,5.55,31400,5.85,47100,0,533800
SAIL30Jan2040CE.NFO,07/01/2020,14:07:37,5.55,5.55,31400,5.85,94200,0,533800
SAIL30Jan2040CE.NFO,07/01/2020,14:08:29,5.55,5.65,15700,5.9,47100,0,533800
SAIL30Jan2040CE.NFO,07/01/2020,14:09:47,5.55,5.65,31400,5.9,15700,0,533800
SAIL30Jan2040CE.NFO,07/01/2020,14:10:02,5.55,5.75,15700,5.9,15700,0,533800
SAIL30Jan2040CE.NFO,07/01/2020,14:10:10,5.55,5.7,15700,5.9,15700,0,533800
SAIL30Jan2040CE.NFO,07/01/2020,14:10:17,5.55,5.7,15700,5.95,15700,0,533800
SAIL30Jan2040CE.NFO,07/01/2020,14:10:27,5.55,5.7,15700,5.95,31400,0,533800
SAIL30Jan2040CE.NFO,07/01/2020,14:10:42,5.55,5.65,31400,5.95,31400,0,533800
SAIL30Jan2040CE.NFO,07/01/2020,14:10:54,5.55,5.65,31400,5.95,15700,0,533800
SAIL30Jan2040CE.NFO,07/01/2020,14:11:01,5.55,5.65,31400,5.95,31400,0,533800
SAIL30Jan2040CE.NFO,07/01/2020,14:11:38,5.55,5.65,15700,5.9,31400,0,533800
SAIL30Jan2040CE.NFO,07/01/2020,14:12:08,5.55,5.65,31400,5.95,47100,0,533800
SAIL30Jan2040CE.NFO,07/01/2020,14:12:23,5.55,5.65,15700,5.95,47100,0,533800
SAIL30Jan2040CE.NFO,07/01/2020,14:13:22,5.55,5.65,31400,5.95,47100,0,533800
SAIL30Jan2040CE.NFO,07/01/2020,14:13:26,5.55,5.65,47100,5.95,15700,0,533800
SAIL30Jan2040CE.NFO,07/01/2020,14:13:34,5.55,5.75,15700,6,31400,0,533800
SAIL30Jan2040CE.NFO,07/01/2020,14:13:41,5.55,5.7,31400,6,31400,0,533800
SAIL30Jan2040CE.NFO,07/01/2020,14:13:47,5.55,5.7,31400,6,47100,0,533800
SAIL30Jan2040CE.NFO,07/01/2020,14:13:57,5.55,5.7,31400,6,31400,0,533800
SAIL30Jan2040CE.NFO,07/01/2020,14:14:03,5.55,5.7,31400,6,47100,0,533800
SAIL30Jan2040CE.NFO,07/01/2020,14:14:10,5.55,5.7,31400,6,15700,0,533800
SAIL30Jan2040CE.NFO,07/01/2020,14:14:25,5.55,5.7,31400,6,47100,0,533800
SAIL30Jan2040CE.NFO,07/01/2020,14:15:05,5.55,5.8,15700,6.05,31400,0,533800
SAIL30Jan2040CE.NFO,07/01/2020,14:15:31,5.55,5.75,15700,6.05,31400,0,533800
SAIL30Jan2040CE.NFO,07/01/2020,14:15:44,5.55,5.75,31400,6.05,31400,0,533800
SAIL30Jan2040CE.NFO,07/01/2020,14:15:54,5.55,5.85,15700,6.1,31400,0,533800
SAIL30Jan2040CE.NFO,07/01/2020,14:16:04,5.55,5.8,15700,6.05,47100,0,533800
SAIL30Jan2040CE.NFO,07/01/2020,14:16:39,5.55,5.8,15700,6.1,31400,0,533800
SAIL30Jan2040CE.NFO,07/01/2020,14:16:45,5.55,5.8,15700,6.05,47100,0,533800
SAIL30Jan2040CE.NFO,07/01/2020,14:17:13,5.55,5.75,15700,6,15700,0,533800
SAIL30Jan2040CE.NFO,07/01/2020,14:17:28,5.55,5.75,15700,6,31400,0,533800
SAIL30Jan2040CE.NFO,07/01/2020,14:17:48,5.55,5.75,15700,6,15700,0,533800
SAIL30Jan2040CE.NFO,07/01/2020,14:17:57,5.55,5.75,15700,6,31400,0,533800
SAIL30Jan2040CE.NFO,07/01/2020,14:18:17,5.55,5.75,15700,6,15700,0,533800
SAIL30Jan2040CE.NFO,07/01/2020,14:18:21,5.55,5.75,15700,6.05,47100,0,533800
SAIL30Jan2040CE.NFO,07/01/2020,14:18:27,5.55,5.75,15700,6,15700,0,533800
SAIL30Jan2040CE.NFO,07/01/2020,14:18:41,5.55,5.75,15700,6.05,47100,0,533800
SAIL30Jan2040CE.NFO,07/01/2020,14:18:56,5.55,5.75,15700,6,15700,0,533800
SAIL30Jan2040CE.NFO,07/01/2020,14:19:22,5.55,5.75,15700,6,31400,0,533800
SAIL30Jan2040CE.NFO,07/01/2020,14:19:31,5.55,5.75,15700,6,15700,0,533800
SAIL30Jan2040CE.NFO,07/01/2020,14:19:43,5.55,5.75,31400,6.05,47100,0,533800
SAIL30Jan2040CE.NFO,07/01/2020,14:19:51,5.55,5.75,15700,6.05,47100,0,533800
SAIL30Jan2040CE.NFO,07/01/2020,14:19:58,5.55,5.75,15700,6,15700,0,533800
SAIL30Jan2040CE.NFO,07/01/2020,14:20:04,5.55,5.75,15700,6.05,47100,0,533800
SAIL30Jan2040CE.NFO,07/01/2020,14:20:18,5.55,5.75,31400,6.05,47100,0,533800
SAIL30Jan2040CE.NFO,07/01/2020,14:20:28,5.55,5.85,15700,6.1,15700,0,533800
SAIL30Jan2040CE.NFO,07/01/2020,14:20:33,5.55,5.85,15700,6.15,31400,0,533800
SAIL30Jan2040CE.NFO,07/01/2020,14:20:44,5.55,5.85,15700,6.1,47100,0,533800
SAIL30Jan2040CE.NFO,07/01/2020,14:21:04,5.55,5.85,15700,6.15,31400,0,533800
SAIL30Jan2040CE.NFO,07/01/2020,14:21:08,5.55,5.85,15700,6.1,31400,0,533800
SAIL30Jan2040CE.NFO,07/01/2020,14:21:12,5.55,5.85,15700,6.1,47100,0,533800
SAIL30Jan2040CE.NFO,07/01/2020,14:21:29,5.55,5.85,15700,6.1,31400,0,533800
SAIL30Jan2040CE.NFO,07/01/2020,14:22:06,5.55,5.85,15700,6.1,47100,0,533800
SAIL30Jan2040CE.NFO,07/01/2020,14:22:10,5.55,5.85,15700,6.15,31400,0,533800
SAIL30Jan2040CE.NFO,07/01/2020,14:22:15,5.55,5.85,15700,6.1,15700,0,533800
SAIL30Jan2040CE.NFO,07/01/2020,14:22:39,5.55,5.85,15700,6.15,31400,0,533800
SAIL30Jan2040CE.NFO,07/01/2020,14:22:51,5.55,5.85,15700,6.1,15700,0,533800
SAIL30Jan2040CE.NFO,07/01/2020,14:22:56,5.55,5.85,15700,6.15,31400,0,533800
SAIL30Jan2040CE.NFO,07/01/2020,14:23:01,5.55,5.85,15700,6.1,15700,0,533800
SAIL30Jan2040CE.NFO,07/01/2020,14:23:06,5.55,5.85,15700,6.1,31400,0,533800
SAIL30Jan2040CE.NFO,07/01/2020,14:23:31,5.55,5.85,31400,6.15,31400,0,533800
SAIL30Jan2040CE.NFO,07/01/2020,14:24:06,5.55,5.85,15700,6.15,31400,0,533800
SAIL30Jan2040CE.NFO,07/01/2020,14:24:14,5.55,5.75,15700,6.05,31400,0,533800
SAIL30Jan2040CE.NFO,07/01/2020,14:24:21,5.55,5.75,31400,6.05,31400,0,533800
SAIL30Jan2040CE.NFO,07/01/2020,14:24:43,5.55,5.75,15700,6.05,15700,0,533800
SAIL30Jan2040CE.NFO,07/01/2020,14:24:48,5.55,5.75,15700,6,15700,0,533800
SAIL30Jan2040CE.NFO,07/01/2020,14:24:56,5.55,5.75,31400,6.05,31400,0,533800
SAIL30Jan2040CE.NFO,07/01/2020,14:25:00,5.55,5.75,15700,6.05,31400,0,533800
SAIL30Jan2040CE.NFO,07/01/2020,14:25:05,5.55,5.75,15700,6,31400,0,533800
SAIL30Jan2040CE.NFO,07/01/2020,14:25:13,5.55,5.75,15700,6,15700,0,533800
SAIL30Jan2040CE.NFO,07/01/2020,14:25:17,5.55,5.75,15700,6.05,47100,0,533800
SAIL30Jan2040CE.NFO,07/01/2020,14:25:22,5.55,5.75,31400,6.05,47100,0,533800
SAIL30Jan2040CE.NFO,07/01/2020,14:26:09,5.55,5.75,15700,6.05,47100,0,533800
SAIL30Jan2040CE.NFO,07/01/2020,14:26:19,5.55,5.85,31400,6.15,15700,0,533800
SAIL30Jan2040CE.NFO,07/01/2020,14:26:24,5.55,5.85,15700,6.15,15700,0,533800
SAIL30Jan2040CE.NFO,07/01/2020,14:26:29,5.55,5.85,31400,6.15,31400,0,533800
SAIL30Jan2040CE.NFO,07/01/2020,14:26:39,5.55,5.85,15700,6.15,31400,0,533800
SAIL30Jan2040CE.NFO,07/01/2020,14:26:43,5.55,5.85,15700,6.1,15700,0,533800
SAIL30Jan2040CE.NFO,07/01/2020,14:27:06,5.55,5.85,31400,6.15,15700,0,533800
SAIL30Jan2040CE.NFO,07/01/2020,14:27:13,5.55,5.95,15700,6.2,31400,0,533800
SAIL30Jan2040CE.NFO,07/01/2020,14:27:21,5.55,5.9,15700,6.2,15700,0,533800
SAIL30Jan2040CE.NFO,07/01/2020,14:27:27,5.55,5.9,15700,6.2,31400,0,533800
SAIL30Jan2040CE.NFO,07/01/2020,14:27:37,5.55,5.9,15700,6.15,15700,0,533800
SAIL30Jan2040CE.NFO,07/01/2020,14:27:42,5.55,5.9,15700,6.15,47100,0,533800
SAIL30Jan2040CE.NFO,07/01/2020,14:28:36,5.55,5.85,15700,6.15,31400,0,533800
SAIL30Jan2040CE.NFO,07/01/2020,14:28:41,5.55,5.85,15700,6.15,47100,0,533800
SAIL30Jan2040CE.NFO,07/01/2020,14:28:52,5.55,5.85,15700,6.15,31400,0,533800
SAIL30Jan2040CE.NFO,07/01/2020,14:29:15,5.55,5.85,15700,6.15,47100,0,533800
SAIL30Jan2040CE.NFO,07/01/2020,14:29:30,5.55,5.85,15700,6.1,15700,0,533800
SAIL30Jan2040CE.NFO,07/01/2020,14:29:49,5.55,5.85,15700,6.15,47100,0,533800
SAIL30Jan2040CE.NFO,07/01/2020,14:29:53,5.55,5.85,15700,6.1,15700,0,533800
SAIL30Jan2040CE.NFO,07/01/2020,14:30:12,5.55,5.85,15700,6.15,47100,0,533800
SAIL30Jan2040CE.NFO,07/01/2020,14:30:37,5.55,5.85,47100,6.2,15700,0,533800
SAIL30Jan2040CE.NFO,07/01/2020,14:30:46,5.55,5.95,15700,6.2,31400,0,533800
SAIL30Jan2040CE.NFO,07/01/2020,14:31:04,5.55,5.95,31400,6.25,31400,0,533800
SAIL30Jan2040CE.NFO,07/01/2020,14:31:12,5.55,5.95,15700,6.25,31400,0,533800
SAIL30Jan2040CE.NFO,07/01/2020,14:31:21,5.55,5.95,31400,6.25,31400,0,533800
SAIL30Jan2040CE.NFO,07/01/2020,14:31:37,5.55,5.95,47100,6.3,31400,0,533800
SAIL30Jan2040CE.NFO,07/01/2020,14:31:46,5.55,5.95,47100,6.25,47100,0,533800
SAIL30Jan2040CE.NFO,07/01/2020,14:32:06,5.55,5.95,47100,6.3,15700,0,533800
SAIL30Jan2040CE.NFO,07/01/2020,14:32:13,5.55,5.95,47100,6.25,31400,0,533800
SAIL30Jan2040CE.NFO,07/01/2020,14:32:30,5.55,5.95,47100,6.25,15700,0,533800
SAIL30Jan2040CE.NFO,07/01/2020,14:32:45,5.55,6,15700,6.3,31400,0,533800
SAIL30Jan2040CE.NFO,07/01/2020,14:33:04,5.55,6,31400,6.3,31400,0,533800
SAIL30Jan2040CE.NFO,07/01/2020,14:33:13,5.55,6,31400,6.3,15700,0,533800
SAIL30Jan2040CE.NFO,07/01/2020,14:33:21,5.55,6,31400,6.3,47100,0,533800
SAIL30Jan2040CE.NFO,07/01/2020,14:33:28,5.55,6,15700,6.3,47100,0,533800
SAIL30Jan2040CE.NFO,07/01/2020,14:33:41,5.55,6,15700,6.25,15700,0,533800
SAIL30Jan2040CE.NFO,07/01/2020,14:33:48,5.55,6,15700,6.3,47100,0,533800
SAIL30Jan2040CE.NFO,07/01/2020,14:33:54,5.55,5.95,15700,6.25,31400,0,533800
SAIL30Jan2040CE.NFO,07/01/2020,14:34:00,5.55,5.95,31400,6.25,31400,0,533800
SAIL30Jan2040CE.NFO,07/01/2020,14:34:33,5.55,5.95,15700,6.25,31400,0,533800
SAIL30Jan2040CE.NFO,07/01/2020,14:34:39,5.55,5.95,15700,6.2,15700,0,533800
SAIL30Jan2040CE.NFO,07/01/2020,14:35:02,5.55,5.95,15700,6.25,31400,0,533800
SAIL30Jan2040CE.NFO,07/01/2020,14:35:08,5.55,5.95,15700,6.2,15700,0,533800
SAIL30Jan2040CE.NFO,07/01/2020,14:35:14,5.55,5.95,15700,6.2,31400,0,533800
SAIL30Jan2040CE.NFO,07/01/2020,14:35:31,5.55,5.95,15700,6.2,47100,0,533800
SAIL30Jan2040CE.NFO,07/01/2020,14:35:37,5.55,5.95,15700,6.2,31400,0,533800
SAIL30Jan2040CE.NFO,07/01/2020,14:36:03,5.55,5.95,15700,6.25,31400,0,533800
SAIL30Jan2040CE.NFO,07/01/2020,14:36:08,5.55,5.95,15700,6.2,15700,0,533800
SAIL30Jan2040CE.NFO,07/01/2020,14:36:14,5.55,5.95,15700,6.2,31400,0,533800
SAIL30Jan2040CE.NFO,07/01/2020,14:36:20,5.55,5.95,15700,6.2,15700,0,533800
SAIL30Jan2040CE.NFO,07/01/2020,14:36:26,5.55,5.95,15700,6.25,15700,0,533800
SAIL30Jan2040CE.NFO,07/01/2020,14:36:31,5.55,5.95,15700,6.2,15700,0,533800
SAIL30Jan2040CE.NFO,07/01/2020,14:36:46,5.55,5.95,15700,6.2,31400,0,533800
SAIL30Jan2040CE.NFO,07/01/2020,14:36:50,5.55,5.95,15700,6.2,15700,0,533800
SAIL30Jan2040CE.NFO,07/01/2020,14:36:55,5.55,5.95,15700,6.25,31400,0,533800
SAIL30Jan2040CE.NFO,07/01/2020,14:36:59,5.55,5.95,31400,6.25,31400,0,533800
SAIL30Jan2040CE.NFO,07/01/2020,14:37:03,5.55,6,31400,6.3,31400,0,533800
SAIL30Jan2040CE.NFO,07/01/2020,14:38:26,5.55,6,15700,6.25,31400,0,533800
SAIL30Jan2040CE.NFO,07/01/2020,14:38:32,5.55,6,15700,6.25,15700,0,533800
SAIL30Jan2040CE.NFO,07/01/2020,14:38:43,5.55,6,31400,6.3,47100,0,533800
SAIL30Jan2040CE.NFO,07/01/2020,14:38:56,5.55,6,15700,6.3,47100,0,533800
SAIL30Jan2040CE.NFO,07/01/2020,14:39:26,5.55,6,47100,6.3,31400,0,533800
SAIL30Jan2040CE.NFO,07/01/2020,14:39:33,5.55,6.1,15700,6.35,31400,0,533800
SAIL30Jan2040CE.NFO,07/01/2020,14:39:39,5.55,6.05,15700,6.3,15700,0,533800
SAIL30Jan2040CE.NFO,07/01/2020,14:39:49,5.55,6.05,15700,6.3,31400,0,533800
SAIL30Jan2040CE.NFO,07/01/2020,14:39:59,5.55,6.05,31400,6.35,31400,0,533800
SAIL30Jan2040CE.NFO,07/01/2020,14:40:03,5.55,6.05,15700,6.3,15700,0,533800
SAIL30Jan2040CE.NFO,07/01/2020,14:40:14,5.55,6.05,15700,6.35,31400,0,533800
SAIL30Jan2040CE.NFO,07/01/2020,14:40:40,5.55,6.05,15700,6.3,15700,0,533800
SAIL30Jan2040CE.NFO,07/01/2020,14:41:02,5.55,6.05,15700,6.3,31400,0,533800
SAIL30Jan2040CE.NFO,07/01/2020,14:41:22,5.55,6.05,15700,6.3,15700,0,533800
SAIL30Jan2040CE.NFO,07/01/2020,14:41:33,5.55,6.05,31400,6.35,31400,0,533800
SAIL30Jan2040CE.NFO,07/01/2020,14:41:38,5.55,6.05,15700,6.3,31400,0,533800
SAIL30Jan2040CE.NFO,07/01/2020,14:41:50,5.55,6.05,15700,6.3,47100,0,533800
SAIL30Jan2040CE.NFO,07/01/2020,14:42:01,5.55,6,15700,6.25,15700,0,533800
SAIL30Jan2040CE.NFO,07/01/2020,14:42:05,5.55,6,15700,6.3,47100,0,533800
SAIL30Jan2040CE.NFO,07/01/2020,14:43:14,5.55,6,15700,6.25,15700,0,533800
SAIL30Jan2040CE.NFO,07/01/2020,14:43:23,5.55,6,15700,6.25,31400,0,533800
SAIL30Jan2040CE.NFO,07/01/2020,14:43:54,5.55,6,15700,6.3,31400,0,533800
SAIL30Jan2040CE.NFO,07/01/2020,14:43:59,5.55,6,31400,6.3,31400,0,533800
SAIL30Jan2040CE.NFO,07/01/2020,14:44:09,5.55,6,15700,6.3,31400,0,533800
SAIL30Jan2040CE.NFO,07/01/2020,14:44:13,5.55,6,31400,6.3,31400,0,533800
SAIL30Jan2040CE.NFO,07/01/2020,14:44:50,5.55,6,15700,6.25,31400,0,533800
SAIL30Jan2040CE.NFO,07/01/2020,14:45:14,5.55,5.95,15700,6.2,31400,0,533800
SAIL30Jan2040CE.NFO,07/01/2020,14:45:22,5.55,5.9,15700,6.2,47100,0,533800
SAIL30Jan2040CE.NFO,07/01/2020,14:46:01,5.55,5.9,15700,6.15,15700,0,533800
SAIL30Jan2040CE.NFO,07/01/2020,14:46:08,5.55,5.9,15700,6.2,47100,0,533800
SAIL30Jan2040CE.NFO,07/01/2020,14:46:15,5.55,5.9,15700,6.15,15700,0,533800
SAIL30Jan2040CE.NFO,07/01/2020,14:47:14,5.55,5.9,15700,6.15,31400,0,533800
SAIL30Jan2040CE.NFO,07/01/2020,14:47:59,5.55,5.85,15700,6.1,15700,0,533800
SAIL30Jan2040CE.NFO,07/01/2020,14:48:07,5.55,5.85,15700,6.15,31400,0,533800
SAIL30Jan2040CE.NFO,07/01/2020,14:48:12,5.55,5.85,31400,6.15,31400,0,533800
SAIL30Jan2040CE.NFO,07/01/2020,14:48:17,5.55,5.95,15700,6.2,31400,0,533800
SAIL30Jan2040CE.NFO,07/01/2020,14:48:21,5.55,5.95,15700,6.2,47100,0,533800
SAIL30Jan2040CE.NFO,07/01/2020,14:48:45,5.55,5.9,15700,6.15,15700,0,533800
SAIL30Jan2040CE.NFO,07/01/2020,14:48:52,5.55,5.9,15700,6.2,47100,0,533800
SAIL30Jan2040CE.NFO,07/01/2020,14:48:59,5.55,5.9,15700,6.15,15700,0,533800
SAIL30Jan2040CE.NFO,07/01/2020,14:49:10,5.55,5.9,15700,6.15,31400,0,533800
SAIL30Jan2040CE.NFO,07/01/2020,14:49:53,5.55,5.9,15700,6.2,47100,0,533800
SAIL30Jan2040CE.NFO,07/01/2020,14:49:58,5.55,5.9,31400,6.2,47100,0,533800
SAIL30Jan2040CE.NFO,07/01/2020,14:50:33,5.55,5.9,15700,6.2,47100,0,533800
SAIL30Jan2040CE.NFO,07/01/2020,14:51:06,5.55,5.9,31400,6.2,47100,0,533800
SAIL30Jan2040CE.NFO,07/01/2020,14:53:03,5.55,5.9,47100,6.25,31400,0,533800
SAIL30Jan2040CE.NFO,07/01/2020,14:53:24,5.55,5.95,15700,6.25,31400,0,533800
SAIL30Jan2040CE.NFO,07/01/2020,14:53:38,5.55,5.95,31400,6.25,31400,0,533800
SAIL30Jan2040CE.NFO,07/01/2020,14:54:34,5.55,5.9,15700,6.2,31400,0,533800
SAIL30Jan2040CE.NFO,07/01/2020,14:54:41,5.55,5.9,15700,6.15,15700,0,533800
SAIL30Jan2040CE.NFO,07/01/2020,14:55:15,5.55,5.9,15700,6.15,31400,0,533800
SAIL30Jan2040CE.NFO,07/01/2020,14:56:42,5.55,5.85,15700,6.1,15700,0,533800
SAIL30Jan2040CE.NFO,07/01/2020,14:56:51,5.55,5.85,15700,6.15,31400,0,533800
SAIL30Jan2040CE.NFO,07/01/2020,14:57:21,5.55,5.85,31400,6.15,31400,0,533800
SAIL30Jan2040CE.NFO,07/01/2020,14:57:25,5.55,5.85,15700,6.15,31400,0,533800
SAIL30Jan2040CE.NFO,07/01/2020,14:57:35,5.55,5.85,15700,6.15,47100,0,533800
SAIL30Jan2040CE.NFO,07/01/2020,14:57:54,5.55,5.85,15700,6.1,15700,0,533800
SAIL30Jan2040CE.NFO,07/01/2020,14:57:58,5.55,5.85,15700,6.15,47100,0,533800
SAIL30Jan2040CE.NFO,07/01/2020,14:59:20,5.55,5.85,15700,6.1,15700,0,533800
SAIL30Jan2040CE.NFO,07/01/2020,15:00:06,5.55,5.9,15700,6.2,31400,0,533800
SAIL30Jan2040CE.NFO,07/01/2020,15:00:16,5.55,5.9,15700,6.15,31400,0,533800
SAIL30Jan2040CE.NFO,07/01/2020,15:00:24,5.55,5.9,15700,6.15,47100,0,533800
SAIL30Jan2040CE.NFO,07/01/2020,15:00:58,5.55,5.85,15700,6.1,15700,0,533800
SAIL30Jan2040CE.NFO,07/01/2020,15:01:09,5.55,5.85,31400,6.15,47100,0,533800
SAIL30Jan2040CE.NFO,07/01/2020,15:01:14,5.55,5.85,31400,6.15,31400,0,533800
SAIL30Jan2040CE.NFO,07/01/2020,15:02:15,5.55,5.85,15700,6.1,15700,0,533800
SAIL30Jan2040CE.NFO,07/01/2020,15:02:30,5.55,5.85,15700,6.15,47100,0,533800
SAIL30Jan2040CE.NFO,07/01/2020,15:02:58,5.55,5.85,31400,6.15,47100,0,533800
SAIL30Jan2040CE.NFO,07/01/2020,15:03:17,5.55,5.95,15700,6.2,31400,0,533800
SAIL30Jan2040CE.NFO,07/01/2020,15:03:35,5.55,5.9,15700,6.2,31400,0,533800
SAIL30Jan2040CE.NFO,07/01/2020,15:03:39,5.55,5.9,15700,6.15,15700,0,533800
SAIL30Jan2040CE.NFO,07/01/2020,15:03:43,5.55,5.9,15700,6.15,31400,0,533800
SAIL30Jan2040CE.NFO,07/01/2020,15:03:47,5.55,5.9,15700,6.2,15700,0,533800
SAIL30Jan2040CE.NFO,07/01/2020,15:03:53,5.55,5.9,15700,6.15,47100,0,533800
SAIL30Jan2040CE.NFO,07/01/2020,15:04:12,5.55,5.85,31400,6.15,47100,0,533800
SAIL30Jan2040CE.NFO,07/01/2020,15:04:41,5.55,5.9,15700,6.2,31400,0,533800
SAIL30Jan2040CE.NFO,07/01/2020,15:05:27,5.55,5.9,31400,6.2,31400,0,533800
SAIL30Jan2040CE.NFO,07/01/2020,15:05:51,5.55,5.9,15700,6.2,31400,0,533800
SAIL30Jan2040CE.NFO,07/01/2020,15:06:01,5.55,5.9,31400,6.2,31400,0,533800
SAIL30Jan2040CE.NFO,07/01/2020,15:06:28,5.55,5.9,15700,6.2,31400,0,533800
SAIL30Jan2040CE.NFO,07/01/2020,15:06:45,5.55,5.9,31400,6.2,31400,0,533800
SAIL30Jan2040CE.NFO,07/01/2020,15:07:04,5.55,6,15700,6.25,31400,0,533800
SAIL30Jan2040CE.NFO,07/01/2020,15:07:10,5.55,6,15700,6.25,47100,0,533800
SAIL30Jan2040CE.NFO,07/01/2020,15:07:48,5.55,5.95,15700,6.2,15700,0,533800
SAIL30Jan2040CE.NFO,07/01/2020,15:08:19,5.55,5.95,15700,6.2,31400,0,533800
SAIL30Jan2040CE.NFO,07/01/2020,15:09:49,5.55,5.95,15700,6.2,15700,0,533800
SAIL30Jan2040CE.NFO,07/01/2020,15:09:59,5.55,5.95,15700,6.25,47100,0,533800
SAIL30Jan2040CE.NFO,07/01/2020,15:10:05,5.55,5.95,31400,6.25,47100,0,533800
SAIL30Jan2040CE.NFO,07/01/2020,15:11:36,5.55,5.95,15700,6.2,31400,0,533800
SAIL30Jan2040CE.NFO,07/01/2020,15:12:34,5.55,5.95,15700,6.2,15700,0,533800
SAIL30Jan2040CE.NFO,07/01/2020,15:13:10,5.55,5.95,15700,6.2,31400,0,533800
SAIL30Jan2040CE.NFO,07/01/2020,15:13:33,5.55,5.95,31400,6.25,47100,0,533800
SAIL30Jan2040CE.NFO,07/01/2020,15:13:49,5.55,5.95,15700,6.25,47100,0,533800
SAIL30Jan2040CE.NFO,07/01/2020,15:14:00,5.55,5.95,15700,6.2,31400,0,533800
SAIL30Jan2040CE.NFO,07/01/2020,15:14:09,5.55,5.95,15700,6.2,15700,0,533800
SAIL30Jan2040CE.NFO,07/01/2020,15:14:15,5.55,5.95,15700,6.2,31400,0,533800
SAIL30Jan2040CE.NFO,07/01/2020,15:15:21,5.55,5.95,15700,6.2,15700,0,533800
SAIL30Jan2040CE.NFO,07/01/2020,15:15:27,5.55,5.95,15700,6.2,31400,0,533800
SAIL30Jan2040CE.NFO,07/01/2020,15:17:42,5.55,5.95,15700,6.2,15700,0,533800
SAIL30Jan2040CE.NFO,07/01/2020,15:17:48,5.55,5.95,15700,6.2,31400,0,533800
SAIL30Jan2040CE.NFO,07/01/2020,15:18:09,5.55,5.95,15700,6.2,15700,0,533800
SAIL30Jan2040CE.NFO,07/01/2020,15:18:14,5.55,5.95,15700,6.2,31400,0,533800
SAIL30Jan2040CE.NFO,07/01/2020,15:18:20,5.55,5.95,15700,6.2,15700,0,533800
SAIL30Jan2040CE.NFO,07/01/2020,15:18:26,5.55,5.95,31400,6.25,47100,0,533800
SAIL30Jan2040CE.NFO,07/01/2020,15:18:32,5.55,5.95,15700,6.25,47100,0,533800
SAIL30Jan2040CE.NFO,07/01/2020,15:18:57,5.55,5.95,15700,6.2,15700,0,533800
SAIL30Jan2040CE.NFO,07/01/2020,15:19:03,5.55,5.95,31400,6.25,47100,0,533800
SAIL30Jan2040CE.NFO,07/01/2020,15:20:02,5.55,5.95,31400,6.25,15700,0,533800
SAIL30Jan2040CE.NFO,07/01/2020,15:20:10,5.55,5.95,47100,6.25,15700,0,533800
SAIL30Jan2040CE.NFO,07/01/2020,15:20:18,5.55,5.95,47100,6.25,31400,0,533800
SAIL30Jan2040CE.NFO,07/01/2020,15:21:21,5.55,5.95,47100,6.2,15700,0,533800
SAIL30Jan2040CE.NFO,07/01/2020,15:21:28,5.55,5.95,15700,6.2,31400,0,533800
SAIL30Jan2040CE.NFO,07/01/2020,15:21:58,5.55,5.95,15700,6.15,15700,0,533800
SAIL30Jan2040CE.NFO,07/01/2020,15:22:02,5.55,5.9,15700,6.15,31400,0,533800
SAIL30Jan2040CE.NFO,07/01/2020,15:22:17,5.55,5.9,15700,6.15,15700,0,533800
SAIL30Jan2040CE.NFO,07/01/2020,15:22:23,5.55,5.9,15700,6.15,31400,0,533800
SAIL30Jan2040CE.NFO,07/01/2020,15:23:22,5.55,5.85,15700,6.15,31400,0,533800
SAIL30Jan2040CE.NFO,07/01/2020,15:23:29,5.55,5.85,15700,6.15,47100,0,533800
SAIL30Jan2040CE.NFO,07/01/2020,15:23:50,5.55,5.85,31400,6.15,47100,0,533800
SAIL30Jan2040CE.NFO,07/01/2020,15:24:02,5.55,5.95,15700,6.15,15700,0,533800
SAIL30Jan2040CE.NFO,07/01/2020,15:24:24,5.55,5.9,15700,6.15,15700,0,533800
SAIL30Jan2040CE.NFO,07/01/2020,15:24:30,5.55,5.9,15700,6.15,31400,0,533800
SAIL30Jan2040CE.NFO,07/01/2020,15:24:35,5.55,5.9,15700,6.15,15700,0,533800
SAIL30Jan2040CE.NFO,07/01/2020,15:24:39,5.55,5.9,15700,6.15,31400,0,533800
SAIL30Jan2040CE.NFO,07/01/2020,15:24:48,5.55,5.9,15700,6.15,15700,0,533800
SAIL30Jan2040CE.NFO,07/01/2020,15:24:58,5.55,5.9,15700,6.15,31400,0,533800
SAIL30Jan2040CE.NFO,07/01/2020,15:26:01,5.55,5.95,15700,6.2,15700,0,533800
SAIL30Jan2040CE.NFO,07/01/2020,15:26:06,5.55,5.95,31400,6.2,15700,0,533800
SAIL30Jan2040CE.NFO,07/01/2020,15:26:25,5.55,5.95,31400,6.25,31400,0,533800
SAIL30Jan2040CE.NFO,07/01/2020,15:28:36,5.55,5.95,15700,6.25,31400,0,533800
SAIL30Jan2040CE.NFO,07/01/2020,15:28:42,5.55,5.95,15700,6.2,31400,0,533800
SAIL30Jan2040CE.NFO,07/01/2020,15:29:06,5.55,5.95,15700,6.2,15700,0,533800
SAIL30Jan2040CE.NFO,07/01/2020,15:29:14,5.55,5.95,15700,6.2,31400,0,533800
SAIL30Jan2040CE.NFO,07/01/2020,15:29:49,5.55,5.95,15700,6.2,15700,0,533800
SAIL30Jan2040CE.NFO,07/01/2020,15:29:54,5.55,5.95,15700,6.2,31400,0,533800
SAIL30Jan2040CE.NFO,07/01/2020,15:30:02,5.55,5.95,15700,6.2,15700,0,533800
