Ticker,Date,Time,LTP,BuyPrice,BuyQty,SellPrice,SellQty,LTQ,OpenInterest
SBIN30Jan20280CE.NFO,07/01/2020,09:24:57,47,46.1,27000,47.85,33000,3000,60000
SBIN30Jan20280CE.NFO,07/01/2020,09:24:57,47,46.1,27000,47.85,33000,0,60000
SBIN30Jan20280CE.NFO,07/01/2020,09:24:57,47,46.1,27000,47.85,33000,0,60000
SBIN30Jan20280CE.NFO,07/01/2020,09:24:57,47,46.1,27000,47.85,33000,0,60000
SBIN30Jan20280CE.NFO,07/01/2020,09:25:04,47,46.1,33000,47.85,6000,0,60000
SBIN30Jan20280CE.NFO,07/01/2020,09:25:32,47,46.1,33000,47.8,6000,0,60000
SBIN30Jan20280CE.NFO,07/01/2020,09:25:39,47,46.1,27000,47.75,18000,0,60000
SBIN30Jan20280CE.NFO,07/01/2020,09:25:47,47,46.1,27000,47.7,33000,0,60000
SBIN30Jan20280CE.NFO,07/01/2020,09:26:02,47,46.1,15000,47.7,33000,0,60000
SBIN30Jan20280CE.NFO,07/01/2020,09:26:11,47,45.25,33000,47.7,33000,0,60000
SBIN30Jan20280CE.NFO,07/01/2020,09:26:31,47,45.25,33000,47.55,9000,0,60000
SBIN30Jan20280CE.NFO,07/01/2020,09:26:44,47,45.25,33000,47.55,6000,0,60000
SBIN30Jan20280CE.NFO,07/01/2020,09:26:50,47,45.25,33000,47,3000,0,60000
SBIN30Jan20280CE.NFO,07/01/2020,09:27:18,47,45.25,33000,47.5,18000,0,60000
SBIN30Jan20280CE.NFO,07/01/2020,09:27:25,47,45.25,33000,47.85,33000,0,60000
SBIN30Jan20280CE.NFO,07/01/2020,09:28:54,47,45.25,33000,47.5,9000,0,60000
SBIN30Jan20280CE.NFO,07/01/2020,09:29:00,47,45.25,33000,47.4,9000,0,60000
SBIN30Jan20280CE.NFO,07/01/2020,09:29:06,47,45.25,33000,47.4,3000,0,60000
SBIN30Jan20280CE.NFO,07/01/2020,09:29:13,47,45.25,33000,47.4,9000,0,60000
SBIN30Jan20280CE.NFO,07/01/2020,09:29:25,47,45.25,33000,47.3,9000,0,60000
SBIN30Jan20280CE.NFO,07/01/2020,09:29:31,47,45.25,33000,47.2,9000,0,60000
SBIN30Jan20280CE.NFO,07/01/2020,09:29:44,47,45.25,33000,47.05,9000,0,60000
SBIN30Jan20280CE.NFO,07/01/2020,09:30:44,47,45.25,33000,47.05,3000,0,60000
SBIN30Jan20280CE.NFO,07/01/2020,09:31:17,47,45.25,33000,47.6,21000,0,60000
SBIN30Jan20280CE.NFO,07/01/2020,09:31:23,47,45.25,33000,47.6,9000,0,60000
SBIN30Jan20280CE.NFO,07/01/2020,09:31:35,47,45.25,33000,47.5,9000,0,60000
SBIN30Jan20280CE.NFO,07/01/2020,09:32:24,47,45.25,33000,47.5,3000,0,60000
SBIN30Jan20280CE.NFO,07/01/2020,09:32:36,47,45.85,33000,47.5,3000,0,60000
SBIN30Jan20280CE.NFO,07/01/2020,09:32:49,47,45.85,33000,48.25,33000,0,60000
SBIN30Jan20280CE.NFO,07/01/2020,09:35:24,47,45.85,33000,47.6,9000,0,60000
SBIN30Jan20280CE.NFO,07/01/2020,09:35:43,47,45.85,27000,47.4,15000,0,60000
SBIN30Jan20280CE.NFO,07/01/2020,09:35:51,47,45.85,27000,47.3,9000,0,60000
SBIN30Jan20280CE.NFO,07/01/2020,09:36:24,47,45.85,27000,47.3,3000,0,60000
SBIN30Jan20280CE.NFO,07/01/2020,09:36:30,47,45.85,33000,47.3,3000,0,60000
SBIN30Jan20280CE.NFO,07/01/2020,09:38:19,47,45.85,33000,47.75,15000,0,60000
SBIN30Jan20280CE.NFO,07/01/2020,09:38:24,47,45.85,33000,47.75,21000,0,60000
SBIN30Jan20280CE.NFO,07/01/2020,09:38:28,47,45.85,33000,47.65,9000,0,60000
SBIN30Jan20280CE.NFO,07/01/2020,09:38:47,47,45.85,33000,47.55,9000,0,60000
SBIN30Jan20280CE.NFO,07/01/2020,09:39:23,47,45.85,33000,47.55,3000,0,60000
SBIN30Jan20280CE.NFO,07/01/2020,09:40:12,47,45.85,33000,48.05,9000,0,60000
SBIN30Jan20280CE.NFO,07/01/2020,09:40:18,47,45.85,33000,48.05,15000,0,60000
SBIN30Jan20280CE.NFO,07/01/2020,09:40:24,47,45.85,33000,48.05,9000,0,60000
SBIN30Jan20280CE.NFO,07/01/2020,09:40:35,47,45.85,33000,48.05,15000,0,60000
SBIN30Jan20280CE.NFO,07/01/2020,09:40:41,47,45.85,33000,48.05,9000,0,60000
SBIN30Jan20280CE.NFO,07/01/2020,09:40:57,47,45.85,33000,47.85,9000,0,60000
SBIN30Jan20280CE.NFO,07/01/2020,09:42:03,47,45.85,33000,47.85,15000,0,60000
SBIN30Jan20280CE.NFO,07/01/2020,09:42:18,47,45.85,33000,47.85,9000,0,60000
SBIN30Jan20280CE.NFO,07/01/2020,09:42:58,47,45.85,33000,47.85,15000,0,60000
SBIN30Jan20280CE.NFO,07/01/2020,09:43:04,47,45.85,33000,47.65,9000,0,60000
SBIN30Jan20280CE.NFO,07/01/2020,09:43:14,47,45.85,33000,47.55,3000,0,60000
SBIN30Jan20280CE.NFO,07/01/2020,09:43:55,47,45.85,33000,48.1,21000,0,60000
SBIN30Jan20280CE.NFO,07/01/2020,09:44:01,47,45.85,33000,48,15000,0,60000
SBIN30Jan20280CE.NFO,07/01/2020,09:44:07,47,45.85,33000,48,9000,0,60000
SBIN30Jan20280CE.NFO,07/01/2020,09:44:34,47,45.85,33000,48,3000,0,60000
SBIN30Jan20280CE.NFO,07/01/2020,09:44:44,47,45.85,33000,48,9000,0,60000
SBIN30Jan20280CE.NFO,07/01/2020,09:45:04,47,45.85,33000,48,3000,0,60000
SBIN30Jan20280CE.NFO,07/01/2020,09:45:11,47,45.85,33000,48.45,15000,0,60000
SBIN30Jan20280CE.NFO,07/01/2020,09:45:19,47,46.65,33000,48.35,3000,0,60000
SBIN30Jan20280CE.NFO,07/01/2020,09:45:48,47,46.65,33000,48.75,3000,0,60000
SBIN30Jan20280CE.NFO,07/01/2020,09:45:53,47,46.65,33000,48.65,9000,0,60000
SBIN30Jan20280CE.NFO,07/01/2020,09:45:59,47,46.65,33000,48.65,3000,0,60000
SBIN30Jan20280CE.NFO,07/01/2020,09:46:10,47,46.65,33000,48.65,9000,0,60000
SBIN30Jan20280CE.NFO,07/01/2020,09:46:25,47,46.65,33000,48.65,3000,0,60000
SBIN30Jan20280CE.NFO,07/01/2020,09:46:31,47,46.65,33000,48.65,9000,0,60000
SBIN30Jan20280CE.NFO,07/01/2020,09:47:04,47,46.65,33000,48.65,15000,0,60000
SBIN30Jan20280CE.NFO,07/01/2020,09:47:09,47,46.65,33000,48.65,21000,0,60000
SBIN30Jan20280CE.NFO,07/01/2020,09:47:14,47,46.65,33000,48.55,9000,0,60000
SBIN30Jan20280CE.NFO,07/01/2020,09:47:23,47,46.65,33000,48.55,3000,0,60000
SBIN30Jan20280CE.NFO,07/01/2020,09:47:28,47,46.65,33000,48.55,9000,0,60000
SBIN30Jan20280CE.NFO,07/01/2020,09:48:19,47,46.65,33000,48.55,21000,0,60000
SBIN30Jan20280CE.NFO,07/01/2020,09:48:24,47,46.65,33000,48.45,9000,0,60000
SBIN30Jan20280CE.NFO,07/01/2020,09:48:41,47,46.65,33000,48.45,21000,0,60000
SBIN30Jan20280CE.NFO,07/01/2020,09:48:48,47,46.65,33000,48.35,9000,0,60000
SBIN30Jan20280CE.NFO,07/01/2020,09:49:00,47,46.65,27000,48.35,9000,0,60000
SBIN30Jan20280CE.NFO,07/01/2020,09:49:22,47,46.65,27000,48.25,9000,0,60000
SBIN30Jan20280CE.NFO,07/01/2020,09:49:29,47,46.65,21000,48.15,9000,0,60000
SBIN30Jan20280CE.NFO,07/01/2020,09:49:35,47,46.65,21000,48.15,15000,0,60000
SBIN30Jan20280CE.NFO,07/01/2020,09:49:40,47,45.9,33000,48.05,9000,0,60000
SBIN30Jan20280CE.NFO,07/01/2020,09:50:30,47,45.9,33000,48.05,15000,0,60000
SBIN30Jan20280CE.NFO,07/01/2020,09:50:34,47,45.9,33000,47.95,9000,0,60000
SBIN30Jan20280CE.NFO,07/01/2020,09:50:43,47,45.9,33000,47.85,9000,0,60000
SBIN30Jan20280CE.NFO,07/01/2020,09:51:08,47,45.9,33000,47.75,9000,0,60000
SBIN30Jan20280CE.NFO,07/01/2020,09:52:08,47,45.9,33000,47.7,9000,0,60000
SBIN30Jan20280CE.NFO,07/01/2020,09:52:18,47,45.9,27000,47.6,15000,0,60000
SBIN30Jan20280CE.NFO,07/01/2020,09:52:23,47,45.9,27000,47.5,9000,0,60000
SBIN30Jan20280CE.NFO,07/01/2020,09:52:29,47,45.9,27000,47.5,15000,0,60000
SBIN30Jan20280CE.NFO,07/01/2020,09:52:38,47,45.9,27000,47.5,9000,0,60000
SBIN30Jan20280CE.NFO,07/01/2020,09:53:01,47,45.9,27000,47.4,9000,0,60000
SBIN30Jan20280CE.NFO,07/01/2020,09:53:08,47,45.45,33000,47.2,9000,0,60000
SBIN30Jan20280CE.NFO,07/01/2020,09:55:07,47,45.45,33000,47.2,3000,0,60000
SBIN30Jan20280CE.NFO,07/01/2020,09:55:12,47,45.45,33000,47.2,9000,0,60000
SBIN30Jan20280CE.NFO,07/01/2020,09:55:44,47,45.45,33000,47.2,3000,0,60000
SBIN30Jan20280CE.NFO,07/01/2020,09:55:48,47,45.45,33000,47.2,9000,0,60000
SBIN30Jan20280CE.NFO,07/01/2020,09:55:57,47,45.45,33000,47.2,3000,0,60000
SBIN30Jan20280CE.NFO,07/01/2020,09:56:02,47,45.45,27000,47,9000,0,60000
SBIN30Jan20280CE.NFO,07/01/2020,09:56:07,47,44.6,9000,46.4,9000,0,60000
SBIN30Jan20280CE.NFO,07/01/2020,09:56:14,47,45.15,15000,46.4,3000,0,60000
SBIN30Jan20280CE.NFO,07/01/2020,09:56:21,47,45.25,21000,46.4,3000,0,60000
SBIN30Jan20280CE.NFO,07/01/2020,09:56:27,47,45.25,21000,46.85,9000,0,60000
SBIN30Jan20280CE.NFO,07/01/2020,09:56:33,47,45.25,27000,46.85,9000,0,60000
SBIN30Jan20280CE.NFO,07/01/2020,09:56:43,47,45.25,27000,46.7,9000,0,60000
SBIN30Jan20280CE.NFO,07/01/2020,09:57:05,47,45.25,6000,46.7,9000,0,60000
SBIN30Jan20280CE.NFO,07/01/2020,09:57:15,47,45.15,27000,46.6,3000,0,60000
SBIN30Jan20280CE.NFO,07/01/2020,09:57:32,47,45.15,33000,46.6,3000,0,60000
SBIN30Jan20280CE.NFO,07/01/2020,09:57:41,47,45.15,27000,46.6,3000,0,60000
SBIN30Jan20280CE.NFO,07/01/2020,09:57:58,47,45.15,27000,46.6,9000,0,60000
SBIN30Jan20280CE.NFO,07/01/2020,09:58:03,47,45.15,27000,46.5,9000,0,60000
SBIN30Jan20280CE.NFO,07/01/2020,09:58:09,47,45.15,27000,46.5,3000,0,60000
SBIN30Jan20280CE.NFO,07/01/2020,09:59:11,47,45.15,6000,46.5,9000,0,60000
SBIN30Jan20280CE.NFO,07/01/2020,09:59:17,47,45.15,6000,46.4,9000,0,60000
SBIN30Jan20280CE.NFO,07/01/2020,09:59:23,47,45.1,6000,46.4,9000,0,60000
SBIN30Jan20280CE.NFO,07/01/2020,09:59:29,47,45.15,21000,46.4,3000,0,60000
SBIN30Jan20280CE.NFO,07/01/2020,09:59:34,47,44.6,9000,46.4,9000,0,60000
SBIN30Jan20280CE.NFO,07/01/2020,09:59:38,47,45.2,21000,46.4,3000,0,60000
SBIN30Jan20280CE.NFO,07/01/2020,09:59:44,47,45.2,27000,46.4,3000,0,60000
SBIN30Jan20280CE.NFO,07/01/2020,09:59:52,47,45.2,21000,46.4,3000,0,60000
SBIN30Jan20280CE.NFO,07/01/2020,10:00:00,47,45.2,12000,46.4,3000,0,60000
SBIN30Jan20280CE.NFO,07/01/2020,10:00:12,47,45.1,27000,46.4,3000,0,60000
SBIN30Jan20280CE.NFO,07/01/2020,10:00:20,47,45.1,12000,46.4,9000,0,60000
SBIN30Jan20280CE.NFO,07/01/2020,10:00:26,47,44.6,9000,46.4,9000,0,60000
SBIN30Jan20280CE.NFO,07/01/2020,10:00:31,47,44.6,9000,46.3,9000,0,60000
SBIN30Jan20280CE.NFO,07/01/2020,10:00:36,47,44.6,9000,46.3,3000,0,60000
SBIN30Jan20280CE.NFO,07/01/2020,10:00:40,47,44.6,9000,46,3000,0,60000
SBIN30Jan20280CE.NFO,07/01/2020,10:00:47,47,40.1,69000,45.7,3000,0,60000
SBIN30Jan20280CE.NFO,07/01/2020,10:00:54,47,40.1,69000,45.7,9000,0,60000
SBIN30Jan20280CE.NFO,07/01/2020,10:01:06,47,44,6000,45.7,3000,0,60000
SBIN30Jan20280CE.NFO,07/01/2020,10:01:31,47,44,6000,45.6,3000,0,60000
SBIN30Jan20280CE.NFO,07/01/2020,10:01:54,47,44.6,9000,45.6,3000,0,60000
SBIN30Jan20280CE.NFO,07/01/2020,10:02:00,47,44,6000,45.6,3000,0,60000
SBIN30Jan20280CE.NFO,07/01/2020,10:02:16,47,44.6,9000,45.6,3000,0,60000
SBIN30Jan20280CE.NFO,07/01/2020,10:02:21,47,44,6000,45.6,3000,0,60000
SBIN30Jan20280CE.NFO,07/01/2020,10:02:36,47,44.6,9000,45.6,3000,0,60000
SBIN30Jan20280CE.NFO,07/01/2020,10:03:02,47,44.6,9000,46.1,3000,0,60000
SBIN30Jan20280CE.NFO,07/01/2020,10:03:46,47,44.6,9000,46,3000,0,60000
SBIN30Jan20280CE.NFO,07/01/2020,10:03:51,47,44,6000,45.9,3000,0,60000
SBIN30Jan20280CE.NFO,07/01/2020,10:03:58,47,44.6,9000,45.9,3000,0,60000
SBIN30Jan20280CE.NFO,07/01/2020,10:04:09,47,44,6000,45.9,3000,0,60000
SBIN30Jan20280CE.NFO,07/01/2020,10:04:14,47,44.6,9000,45.9,3000,0,60000
SBIN30Jan20280CE.NFO,07/01/2020,10:05:30,47,44,6000,45.9,3000,0,60000
SBIN30Jan20280CE.NFO,07/01/2020,10:05:37,47,44,6000,45.8,3000,0,60000
SBIN30Jan20280CE.NFO,07/01/2020,10:06:13,47,44,6000,45.8,9000,0,60000
SBIN30Jan20280CE.NFO,07/01/2020,10:06:25,47,44,6000,45.8,3000,0,60000
SBIN30Jan20280CE.NFO,07/01/2020,10:06:45,47,44,6000,45.8,9000,0,60000
SBIN30Jan20280CE.NFO,07/01/2020,10:06:51,47,44,6000,45.7,3000,0,60000
SBIN30Jan20280CE.NFO,07/01/2020,10:06:56,47,44,6000,45.7,9000,0,60000
SBIN30Jan20280CE.NFO,07/01/2020,10:07:01,47,44,6000,45.7,3000,0,60000
SBIN30Jan20280CE.NFO,07/01/2020,10:07:06,47,44,6000,45.6,3000,0,60000
SBIN30Jan20280CE.NFO,07/01/2020,10:07:11,47,40.1,69000,45.3,3000,0,60000
SBIN30Jan20280CE.NFO,07/01/2020,10:07:17,47,40.1,69000,45.25,9000,0,60000
SBIN30Jan20280CE.NFO,07/01/2020,10:07:22,47,40.1,69000,45.25,3000,0,60000
SBIN30Jan20280CE.NFO,07/01/2020,10:09:27,47,40.1,69000,45.8,9000,0,60000
SBIN30Jan20280CE.NFO,07/01/2020,10:09:33,47,40.1,69000,45.7,3000,0,60000
SBIN30Jan20280CE.NFO,07/01/2020,10:09:48,47,40.1,69000,45.7,9000,0,60000
SBIN30Jan20280CE.NFO,07/01/2020,10:09:58,47,44.6,9000,45.7,3000,0,60000
SBIN30Jan20280CE.NFO,07/01/2020,10:10:05,47,40.1,69000,45.7,3000,0,60000
SBIN30Jan20280CE.NFO,07/01/2020,10:11:12,47,44.6,9000,45.7,3000,0,60000
SBIN30Jan20280CE.NFO,07/01/2020,10:11:33,47,44.6,9000,46.5,27000,0,60000
SBIN30Jan20280CE.NFO,07/01/2020,10:11:39,47,44.6,9000,46.2,3000,0,60000
SBIN30Jan20280CE.NFO,07/01/2020,10:12:36,47,45.2,12000,46.2,3000,0,60000
SBIN30Jan20280CE.NFO,07/01/2020,10:12:41,47,44.6,9000,46.2,3000,0,60000
SBIN30Jan20280CE.NFO,07/01/2020,10:13:09,47,45.1,12000,46.2,3000,0,60000
SBIN30Jan20280CE.NFO,07/01/2020,10:13:15,47,45.15,21000,46.2,3000,0,60000
SBIN30Jan20280CE.NFO,07/01/2020,10:13:22,47,44.6,9000,46.2,3000,0,60000
SBIN30Jan20280CE.NFO,07/01/2020,10:13:34,47,45.15,9000,46.2,3000,0,60000
SBIN30Jan20280CE.NFO,07/01/2020,10:13:44,47,45.15,21000,46.2,3000,0,60000
SBIN30Jan20280CE.NFO,07/01/2020,10:13:50,47,45.15,21000,47,36000,0,60000
SBIN30Jan20280CE.NFO,07/01/2020,10:14:18,47,45.15,27000,47,36000,0,60000
SBIN30Jan20280CE.NFO,07/01/2020,10:14:23,47,45.15,21000,47,36000,0,60000
SBIN30Jan20280CE.NFO,07/01/2020,10:14:35,47,44.6,9000,47,36000,0,60000
SBIN30Jan20280CE.NFO,07/01/2020,10:14:52,47,44.6,15000,47,36000,0,60000
SBIN30Jan20280CE.NFO,07/01/2020,10:16:40,47,40.1,69000,46.4,36000,0,60000
SBIN30Jan20280CE.NFO,07/01/2020,10:16:45,47,44.6,9000,46.4,36000,0,60000
SBIN30Jan20280CE.NFO,07/01/2020,10:17:18,47,40.1,69000,46.4,36000,0,60000
SBIN30Jan20280CE.NFO,07/01/2020,10:17:32,47,44.6,9000,46.4,36000,0,60000
SBIN30Jan20280CE.NFO,07/01/2020,10:17:37,47,40.1,69000,46.4,36000,0,60000
SBIN30Jan20280CE.NFO,07/01/2020,10:17:42,47,43.8,6000,46.4,36000,0,60000
SBIN30Jan20280CE.NFO,07/01/2020,10:21:25,47,44.6,9000,46.4,36000,0,60000
SBIN30Jan20280CE.NFO,07/01/2020,10:21:53,47,43.8,6000,46.4,36000,0,60000
SBIN30Jan20280CE.NFO,07/01/2020,10:21:58,47,44.6,9000,46.4,36000,0,60000
SBIN30Jan20280CE.NFO,07/01/2020,10:22:02,47,43.8,6000,46.4,36000,0,60000
SBIN30Jan20280CE.NFO,07/01/2020,10:23:17,47,44.6,9000,46.4,36000,0,60000
SBIN30Jan20280CE.NFO,07/01/2020,10:23:31,47,43.8,6000,46.4,36000,0,60000
SBIN30Jan20280CE.NFO,07/01/2020,10:24:55,47,43.8,12000,46.4,36000,0,60000
SBIN30Jan20280CE.NFO,07/01/2020,10:30:20,47,44.6,9000,46.4,36000,0,60000
SBIN30Jan20280CE.NFO,07/01/2020,10:30:27,47,43.8,12000,46.4,36000,0,60000
SBIN30Jan20280CE.NFO,07/01/2020,10:30:49,47,44.6,9000,46.4,36000,0,60000
SBIN30Jan20280CE.NFO,07/01/2020,10:31:03,47,43.8,12000,46.4,36000,0,60000
SBIN30Jan20280CE.NFO,07/01/2020,10:31:08,47,44.6,9000,46.4,36000,0,60000
SBIN30Jan20280CE.NFO,07/01/2020,10:31:18,47,44.6,9000,46.4,30000,0,60000
SBIN30Jan20280CE.NFO,07/01/2020,10:31:38,47,43.8,12000,46.4,30000,0,60000
SBIN30Jan20280CE.NFO,07/01/2020,10:32:08,47,43.8,12000,46.4,36000,0,60000
SBIN30Jan20280CE.NFO,07/01/2020,10:36:17,47,44.6,9000,46.4,36000,0,60000
SBIN30Jan20280CE.NFO,07/01/2020,10:36:36,47,43.8,12000,46.4,36000,0,60000
SBIN30Jan20280CE.NFO,07/01/2020,10:36:39,47,44.6,9000,46.4,36000,0,60000
SBIN30Jan20280CE.NFO,07/01/2020,10:37:20,47,43.8,12000,46.4,36000,0,60000
SBIN30Jan20280CE.NFO,07/01/2020,10:37:28,47,44.6,9000,46.4,36000,0,60000
SBIN30Jan20280CE.NFO,07/01/2020,10:37:34,47,43.8,12000,46.4,36000,0,60000
SBIN30Jan20280CE.NFO,07/01/2020,10:37:39,47,44.6,9000,46.4,36000,0,60000
SBIN30Jan20280CE.NFO,07/01/2020,10:37:50,47,43.8,12000,46.4,36000,0,60000
SBIN30Jan20280CE.NFO,07/01/2020,10:41:32,47,43.8,12000,46.4,27000,0,60000
SBIN30Jan20280CE.NFO,07/01/2020,10:50:00,47,43.8,12000,45.8,36000,0,60000
SBIN30Jan20280CE.NFO,07/01/2020,10:50:06,47,36.15,69000,45.2,30000,0,60000
SBIN30Jan20280CE.NFO,07/01/2020,10:54:59,47,36.15,69000,44.9,3000,0,60000
SBIN30Jan20280CE.NFO,07/01/2020,10:55:04,47,36.15,69000,44.9,12000,0,60000
SBIN30Jan20280CE.NFO,07/01/2020,10:56:11,47,42.05,6000,44.9,12000,0,60000
SBIN30Jan20280CE.NFO,07/01/2020,10:57:32,47,42.05,12000,44.9,12000,0,60000
SBIN30Jan20280CE.NFO,07/01/2020,10:58:47,47,36.15,69000,44.9,12000,0,60000
SBIN30Jan20280CE.NFO,07/01/2020,11:15:27,47,40.15,12000,44.9,12000,0,60000
SBIN30Jan20280CE.NFO,07/01/2020,11:20:08,47,40.2,6000,44.9,12000,0,60000
SBIN30Jan20280CE.NFO,07/01/2020,11:30:26,47,40.2,6000,44.9,3000,0,60000
SBIN30Jan20280CE.NFO,07/01/2020,11:31:26,47,40.2,12000,44.9,3000,0,60000
SBIN30Jan20280CE.NFO,07/01/2020,11:31:47,47,40.2,12000,44.65,9000,0,60000
SBIN30Jan20280CE.NFO,07/01/2020,11:34:03,47,40.2,12000,44.9,3000,0,60000
SBIN30Jan20280CE.NFO,07/01/2020,11:34:09,47,40.2,12000,44.85,9000,0,60000
SBIN30Jan20280CE.NFO,07/01/2020,11:34:26,47,40.2,12000,44.65,9000,0,60000
SBIN30Jan20280CE.NFO,07/01/2020,11:34:28,47,40.2,12000,44.85,9000,0,60000
SBIN30Jan20280CE.NFO,07/01/2020,11:34:29,47,40.2,12000,44.7,3000,0,60000
SBIN30Jan20280CE.NFO,07/01/2020,11:34:30,47,40.2,12000,44.65,9000,0,60000
SBIN30Jan20280CE.NFO,07/01/2020,11:36:29,47,40.2,12000,44.95,24000,0,60000
SBIN30Jan20280CE.NFO,07/01/2020,11:36:35,47,40.2,12000,44.85,9000,0,60000
SBIN30Jan20280CE.NFO,07/01/2020,11:37:10,47,41.6,6000,44.9,3000,0,60000
SBIN30Jan20280CE.NFO,07/01/2020,11:37:15,47,41.6,6000,44.85,9000,0,60000
SBIN30Jan20280CE.NFO,07/01/2020,11:37:19,47,41.6,6000,44.75,9000,0,60000
SBIN30Jan20280CE.NFO,07/01/2020,11:37:24,47,41.6,6000,44.8,3000,0,60000
SBIN30Jan20280CE.NFO,07/01/2020,11:37:28,47,41.6,6000,44.9,3000,0,60000
SBIN30Jan20280CE.NFO,07/01/2020,11:37:33,47,41.6,6000,44.75,9000,0,60000
SBIN30Jan20280CE.NFO,07/01/2020,11:37:37,47,41.6,6000,44.7,3000,0,60000
SBIN30Jan20280CE.NFO,07/01/2020,11:37:43,47,41.6,6000,44.65,9000,0,60000
SBIN30Jan20280CE.NFO,07/01/2020,11:37:48,47,41.6,6000,44.75,9000,0,60000
SBIN30Jan20280CE.NFO,07/01/2020,11:37:53,47,41.6,6000,44.95,24000,0,60000
SBIN30Jan20280CE.NFO,07/01/2020,11:38:20,47,41.6,6000,44.7,3000,0,60000
SBIN30Jan20280CE.NFO,07/01/2020,11:38:20,47,41.6,6000,44.8,3000,0,60000
SBIN30Jan20280CE.NFO,07/01/2020,11:38:22,47,41.6,6000,44.9,3000,0,60000
SBIN30Jan20280CE.NFO,07/01/2020,11:38:23,47,41.6,6000,44.85,9000,0,60000
SBIN30Jan20280CE.NFO,07/01/2020,11:38:23,47,41.6,6000,44.7,3000,0,60000
SBIN30Jan20280CE.NFO,07/01/2020,11:38:24,47,41.6,6000,44.65,9000,0,60000
SBIN30Jan20280CE.NFO,07/01/2020,11:38:25,47,41.6,6000,44.75,9000,0,60000
SBIN30Jan20280CE.NFO,07/01/2020,11:38:27,47,41.6,6000,44.9,3000,0,60000
SBIN30Jan20280CE.NFO,07/01/2020,11:38:27,47,41.6,6000,44.8,3000,0,60000
SBIN30Jan20280CE.NFO,07/01/2020,11:38:28,47,41.6,6000,44.9,3000,0,60000
SBIN30Jan20280CE.NFO,07/01/2020,11:38:30,47,41.6,6000,44.7,3000,0,60000
SBIN30Jan20280CE.NFO,07/01/2020,11:38:31,47,41.6,6000,44.8,3000,0,60000
SBIN30Jan20280CE.NFO,07/01/2020,11:38:31,47,41.6,6000,44.9,3000,0,60000
SBIN30Jan20280CE.NFO,07/01/2020,11:38:33,47,41.6,6000,44.75,9000,0,60000
SBIN30Jan20280CE.NFO,07/01/2020,11:38:33,47,41.6,6000,44.65,9000,0,60000
SBIN30Jan20280CE.NFO,07/01/2020,11:38:34,47,41.6,6000,44.7,3000,0,60000
SBIN30Jan20280CE.NFO,07/01/2020,11:38:35,47,41.6,6000,44.65,9000,0,60000
SBIN30Jan20280CE.NFO,07/01/2020,11:39:08,47,41.6,6000,44.7,3000,0,60000
SBIN30Jan20280CE.NFO,07/01/2020,11:39:09,47,41.6,6000,44.9,3000,0,60000
SBIN30Jan20280CE.NFO,07/01/2020,11:39:10,47,41.6,6000,44.65,9000,0,60000
SBIN30Jan20280CE.NFO,07/01/2020,11:39:11,47,41.6,6000,44.75,9000,0,60000
SBIN30Jan20280CE.NFO,07/01/2020,11:39:22,47,41.6,6000,44.7,3000,0,60000
SBIN30Jan20280CE.NFO,07/01/2020,11:39:22,47,41.6,6000,44.65,9000,0,60000
SBIN30Jan20280CE.NFO,07/01/2020,11:39:24,47,41.6,6000,44.8,3000,0,60000
SBIN30Jan20280CE.NFO,07/01/2020,11:39:24,47,41.6,6000,44.65,9000,0,60000
SBIN30Jan20280CE.NFO,07/01/2020,11:39:25,47,41.6,6000,44.75,9000,0,60000
SBIN30Jan20280CE.NFO,07/01/2020,11:39:26,47,41.6,6000,44.7,3000,0,60000
SBIN30Jan20280CE.NFO,07/01/2020,11:39:27,47,41.6,6000,44.8,3000,0,60000
SBIN30Jan20280CE.NFO,07/01/2020,11:39:28,47,41.6,6000,44.9,3000,0,60000
SBIN30Jan20280CE.NFO,07/01/2020,11:39:30,47,41.6,6000,44.65,9000,0,60000
SBIN30Jan20280CE.NFO,07/01/2020,11:39:34,47,41.6,6000,44.9,3000,0,60000
SBIN30Jan20280CE.NFO,07/01/2020,11:39:35,47,41.6,6000,44.65,9000,0,60000
SBIN30Jan20280CE.NFO,07/01/2020,11:39:37,47,41.6,6000,44.9,3000,0,60000
SBIN30Jan20280CE.NFO,07/01/2020,11:39:38,47,41.6,6000,44.75,9000,0,60000
SBIN30Jan20280CE.NFO,07/01/2020,11:39:39,47,41.6,6000,44.9,3000,0,60000
SBIN30Jan20280CE.NFO,07/01/2020,11:39:40,47,41.6,6000,44.95,24000,0,60000
SBIN30Jan20280CE.NFO,07/01/2020,11:39:50,47,40.6,6000,44.95,24000,0,60000
SBIN30Jan20280CE.NFO,07/01/2020,11:39:50,47,40.6,6000,44.85,9000,0,60000
SBIN30Jan20280CE.NFO,07/01/2020,11:39:51,47,40.2,6000,44.65,9000,0,60000
SBIN30Jan20280CE.NFO,07/01/2020,11:39:52,47,40.2,6000,44.75,9000,0,60000
SBIN30Jan20280CE.NFO,07/01/2020,11:39:53,47,40.2,6000,44.65,9000,0,60000
SBIN30Jan20280CE.NFO,07/01/2020,11:39:56,47,40.2,6000,44.95,24000,0,60000
SBIN30Jan20280CE.NFO,07/01/2020,11:39:57,47,40.2,6000,44.85,9000,0,60000
SBIN30Jan20280CE.NFO,07/01/2020,11:39:58,47,40.2,6000,44.65,9000,0,60000
SBIN30Jan20280CE.NFO,07/01/2020,11:40:00,47,40.2,6000,44.9,3000,0,60000
SBIN30Jan20280CE.NFO,07/01/2020,11:40:02,47,40.2,6000,44.85,9000,0,60000
SBIN30Jan20280CE.NFO,07/01/2020,11:40:03,47,40.2,6000,44.7,3000,0,60000
SBIN30Jan20280CE.NFO,07/01/2020,11:40:04,47,40.2,6000,44.65,9000,0,60000
SBIN30Jan20280CE.NFO,07/01/2020,11:40:04,47,40.2,6000,44.9,3000,0,60000
SBIN30Jan20280CE.NFO,07/01/2020,11:40:06,47,40.2,6000,44.65,9000,0,60000
SBIN30Jan20280CE.NFO,07/01/2020,11:40:08,47,40.2,6000,44.9,3000,0,60000
SBIN30Jan20280CE.NFO,07/01/2020,11:40:08,47,40.2,6000,44.7,3000,0,60000
SBIN30Jan20280CE.NFO,07/01/2020,11:40:09,47,40.2,6000,44.8,3000,0,60000
SBIN30Jan20280CE.NFO,07/01/2020,11:40:12,47,40.2,6000,44.85,9000,0,60000
SBIN30Jan20280CE.NFO,07/01/2020,11:40:13,47,40.2,6000,44.65,9000,0,60000
SBIN30Jan20280CE.NFO,07/01/2020,11:40:15,47,40.2,6000,44.7,3000,0,60000
SBIN30Jan20280CE.NFO,07/01/2020,11:40:17,47,40.2,6000,44.65,9000,0,60000
SBIN30Jan20280CE.NFO,07/01/2020,11:40:17,47,40.2,6000,44.9,3000,0,60000
SBIN30Jan20280CE.NFO,07/01/2020,11:40:18,47,40.2,6000,44.8,3000,0,60000
SBIN30Jan20280CE.NFO,07/01/2020,11:40:19,47,40.2,6000,44.65,9000,0,60000
SBIN30Jan20280CE.NFO,07/01/2020,11:40:20,47,40.2,6000,44.8,3000,0,60000
SBIN30Jan20280CE.NFO,07/01/2020,11:40:22,47,40.2,6000,44.7,3000,0,60000
SBIN30Jan20280CE.NFO,07/01/2020,11:40:22,47,40.2,6000,44.85,9000,0,60000
SBIN30Jan20280CE.NFO,07/01/2020,11:40:24,47,40.2,6000,44.95,24000,0,60000
SBIN30Jan20280CE.NFO,07/01/2020,11:40:25,47,40.2,6000,44.8,3000,0,60000
SBIN30Jan20280CE.NFO,07/01/2020,11:40:26,47,40.2,6000,44.65,9000,0,60000
SBIN30Jan20280CE.NFO,07/01/2020,11:40:29,47,40.2,6000,44.9,3000,0,60000
SBIN30Jan20280CE.NFO,07/01/2020,11:40:29,47,40.2,6000,44.7,3000,0,60000
SBIN30Jan20280CE.NFO,07/01/2020,11:40:30,47,40.2,6000,44.65,9000,0,60000
SBIN30Jan20280CE.NFO,07/01/2020,11:40:32,47,40.2,6000,44.8,3000,0,60000
SBIN30Jan20280CE.NFO,07/01/2020,11:40:33,47,40.2,6000,44.7,3000,0,60000
SBIN30Jan20280CE.NFO,07/01/2020,11:40:34,47,40.2,6000,44.65,9000,0,60000
SBIN30Jan20280CE.NFO,07/01/2020,11:40:35,47,40.2,6000,44.7,3000,0,60000
SBIN30Jan20280CE.NFO,07/01/2020,11:40:36,47,40.2,6000,44.9,3000,0,60000
SBIN30Jan20280CE.NFO,07/01/2020,11:40:38,47,40.2,6000,44.85,9000,0,60000
SBIN30Jan20280CE.NFO,07/01/2020,11:40:38,47,40.2,6000,44.8,3000,0,60000
SBIN30Jan20280CE.NFO,07/01/2020,11:40:40,47,40.2,6000,44.65,9000,0,60000
SBIN30Jan20280CE.NFO,07/01/2020,11:40:41,47,40.2,6000,44.9,3000,0,60000
SBIN30Jan20280CE.NFO,07/01/2020,11:40:43,47,40.2,6000,44.7,3000,0,60000
SBIN30Jan20280CE.NFO,07/01/2020,11:40:43,47,40.2,6000,44.8,3000,0,60000
SBIN30Jan20280CE.NFO,07/01/2020,11:40:45,47,40.2,6000,44.65,9000,0,60000
SBIN30Jan20280CE.NFO,07/01/2020,11:40:45,47,40.2,6000,44.9,3000,0,60000
SBIN30Jan20280CE.NFO,07/01/2020,11:40:47,47,40.2,6000,44.8,3000,0,60000
SBIN30Jan20280CE.NFO,07/01/2020,11:40:48,47,40.2,6000,44.65,9000,0,60000
SBIN30Jan20280CE.NFO,07/01/2020,11:40:49,47,40.2,6000,44.7,3000,0,60000
SBIN30Jan20280CE.NFO,07/01/2020,11:40:50,47,40.2,6000,44.8,3000,0,60000
SBIN30Jan20280CE.NFO,07/01/2020,11:40:52,47,40.2,6000,44.85,9000,0,60000
SBIN30Jan20280CE.NFO,07/01/2020,11:40:53,47,40.2,6000,44.65,9000,0,60000
SBIN30Jan20280CE.NFO,07/01/2020,11:40:55,47,40.2,6000,44.8,3000,0,60000
SBIN30Jan20280CE.NFO,07/01/2020,11:40:57,47,40.2,6000,44.7,3000,0,60000
SBIN30Jan20280CE.NFO,07/01/2020,11:40:57,47,40.2,6000,44.9,3000,0,60000
SBIN30Jan20280CE.NFO,07/01/2020,11:40:58,47,40.2,6000,44.7,3000,0,60000
SBIN30Jan20280CE.NFO,07/01/2020,11:40:59,47,40.2,6000,44.65,9000,0,60000
SBIN30Jan20280CE.NFO,07/01/2020,11:41:01,47,40.2,6000,44.7,3000,0,60000
SBIN30Jan20280CE.NFO,07/01/2020,11:41:02,47,40.2,6000,44.8,3000,0,60000
SBIN30Jan20280CE.NFO,07/01/2020,11:41:04,47,40.2,6000,44.7,3000,0,60000
SBIN30Jan20280CE.NFO,07/01/2020,11:41:04,47,40.2,6000,44.75,9000,0,60000
SBIN30Jan20280CE.NFO,07/01/2020,11:41:05,47,40.2,6000,44.7,3000,0,60000
SBIN30Jan20280CE.NFO,07/01/2020,11:41:06,47,40.2,6000,44.9,3000,0,60000
SBIN30Jan20280CE.NFO,07/01/2020,11:41:07,47,40.2,6000,44.65,9000,0,60000
SBIN30Jan20280CE.NFO,07/01/2020,11:41:08,47,40.2,6000,44.8,3000,0,60000
SBIN30Jan20280CE.NFO,07/01/2020,11:41:09,47,40.2,6000,44.7,3000,0,60000
SBIN30Jan20280CE.NFO,07/01/2020,11:41:10,47,40.2,6000,44.9,3000,0,60000
SBIN30Jan20280CE.NFO,07/01/2020,11:41:12,47,40.2,6000,44.65,9000,0,60000
SBIN30Jan20280CE.NFO,07/01/2020,11:41:13,47,40.2,6000,44.75,9000,0,60000
SBIN30Jan20280CE.NFO,07/01/2020,11:41:14,47,40.2,6000,44.9,3000,0,60000
SBIN30Jan20280CE.NFO,07/01/2020,11:41:15,47,40.2,6000,44.65,9000,0,60000
SBIN30Jan20280CE.NFO,07/01/2020,11:41:16,47,40.2,6000,44.9,3000,0,60000
SBIN30Jan20280CE.NFO,07/01/2020,11:41:18,47,40.2,6000,44.7,3000,0,60000
SBIN30Jan20280CE.NFO,07/01/2020,11:41:18,47,40.2,6000,44.65,9000,0,60000
SBIN30Jan20280CE.NFO,07/01/2020,11:41:19,47,40.2,6000,44.9,3000,0,60000
SBIN30Jan20280CE.NFO,07/01/2020,11:41:20,47,40.2,6000,44.65,9000,0,60000
SBIN30Jan20280CE.NFO,07/01/2020,11:41:21,47,40.2,6000,44.7,3000,0,60000
SBIN30Jan20280CE.NFO,07/01/2020,11:41:22,47,40.2,6000,44.9,3000,0,60000
SBIN30Jan20280CE.NFO,07/01/2020,11:41:24,47,40.2,6000,44.8,3000,0,60000
SBIN30Jan20280CE.NFO,07/01/2020,11:41:25,47,40.2,6000,44.7,3000,0,60000
SBIN30Jan20280CE.NFO,07/01/2020,11:41:26,47,40.2,6000,44.9,3000,0,60000
SBIN30Jan20280CE.NFO,07/01/2020,11:41:28,47,40.2,6000,44.8,3000,0,60000
SBIN30Jan20280CE.NFO,07/01/2020,11:41:29,47,40.2,6000,44.65,9000,0,60000
SBIN30Jan20280CE.NFO,07/01/2020,11:41:30,47,40.2,6000,44.8,3000,0,60000
SBIN30Jan20280CE.NFO,07/01/2020,11:41:31,47,40.2,6000,44.9,3000,0,60000
SBIN30Jan20280CE.NFO,07/01/2020,11:41:33,47,40.2,6000,44.7,3000,0,60000
SBIN30Jan20280CE.NFO,07/01/2020,11:41:33,47,40.2,6000,44.9,3000,0,60000
SBIN30Jan20280CE.NFO,07/01/2020,11:41:34,47,40.2,6000,44.65,9000,0,60000
SBIN30Jan20280CE.NFO,07/01/2020,11:41:35,47,40.2,6000,44.9,3000,0,60000
SBIN30Jan20280CE.NFO,07/01/2020,11:41:36,47,40.2,6000,44.8,3000,0,60000
SBIN30Jan20280CE.NFO,07/01/2020,11:41:38,47,40.2,6000,44.65,9000,0,60000
SBIN30Jan20280CE.NFO,07/01/2020,11:41:40,47,40.2,6000,44.9,3000,0,60000
SBIN30Jan20280CE.NFO,07/01/2020,11:41:40,47,40.2,6000,44.65,9000,0,60000
SBIN30Jan20280CE.NFO,07/01/2020,11:41:41,47,40.2,6000,44.9,3000,0,60000
SBIN30Jan20280CE.NFO,07/01/2020,11:41:43,47,40.2,6000,44.65,9000,0,60000
SBIN30Jan20280CE.NFO,07/01/2020,11:41:44,47,40.2,6000,44.75,9000,0,60000
SBIN30Jan20280CE.NFO,07/01/2020,11:41:46,47,40.2,6000,44.8,3000,0,60000
SBIN30Jan20280CE.NFO,07/01/2020,11:41:46,47,40.2,6000,44.95,24000,0,60000
SBIN30Jan20280CE.NFO,07/01/2020,11:41:47,47,40.2,6000,44.9,3000,0,60000
SBIN30Jan20280CE.NFO,07/01/2020,11:41:49,47,40.2,6000,44.7,3000,0,60000
SBIN30Jan20280CE.NFO,07/01/2020,11:41:50,47,40.2,6000,44.65,9000,0,60000
SBIN30Jan20280CE.NFO,07/01/2020,11:41:51,47,40.2,6000,44.85,9000,0,60000
SBIN30Jan20280CE.NFO,07/01/2020,11:41:53,47,40.2,6000,44.7,3000,0,60000
SBIN30Jan20280CE.NFO,07/01/2020,11:41:53,47,40.2,6000,44.65,9000,0,60000
SBIN30Jan20280CE.NFO,07/01/2020,11:41:55,47,40.2,6000,44.9,3000,0,60000
SBIN30Jan20280CE.NFO,07/01/2020,11:41:56,47,40.2,6000,44.95,24000,0,60000
SBIN30Jan20280CE.NFO,07/01/2020,11:41:58,47,40.2,6000,44.65,9000,0,60000
SBIN30Jan20280CE.NFO,07/01/2020,11:42:00,47,40.2,6000,44.9,3000,0,60000
SBIN30Jan20280CE.NFO,07/01/2020,11:42:01,47,40.2,6000,44.7,3000,0,60000
SBIN30Jan20280CE.NFO,07/01/2020,11:42:02,47,40.2,6000,44.65,9000,0,60000
SBIN30Jan20280CE.NFO,07/01/2020,11:42:03,47,40.2,6000,44.7,3000,0,60000
SBIN30Jan20280CE.NFO,07/01/2020,11:42:04,47,40.2,6000,44.9,3000,0,60000
SBIN30Jan20280CE.NFO,07/01/2020,11:42:05,47,40.2,6000,44.85,9000,0,60000
SBIN30Jan20280CE.NFO,07/01/2020,11:42:06,47,40.2,6000,44.7,3000,0,60000
SBIN30Jan20280CE.NFO,07/01/2020,11:42:09,47,40.2,6000,44.8,3000,0,60000
SBIN30Jan20280CE.NFO,07/01/2020,11:42:09,47,40.2,6000,44.65,9000,0,60000
SBIN30Jan20280CE.NFO,07/01/2020,11:42:11,47,40.2,6000,44.8,3000,0,60000
SBIN30Jan20280CE.NFO,07/01/2020,11:42:12,47,40.2,6000,44.7,3000,0,60000
SBIN30Jan20280CE.NFO,07/01/2020,11:42:13,47,40.2,6000,44.75,9000,0,60000
SBIN30Jan20280CE.NFO,07/01/2020,11:42:14,47,40.2,6000,44.65,9000,0,60000
SBIN30Jan20280CE.NFO,07/01/2020,11:42:15,47,40.2,6000,44.8,3000,0,60000
SBIN30Jan20280CE.NFO,07/01/2020,11:42:16,47,40.2,6000,44.9,3000,0,60000
SBIN30Jan20280CE.NFO,07/01/2020,11:42:17,47,40.2,6000,44.7,3000,0,60000
SBIN30Jan20280CE.NFO,07/01/2020,11:42:18,47,40.2,6000,44.9,3000,0,60000
SBIN30Jan20280CE.NFO,07/01/2020,11:42:20,47,40.2,6000,44.8,3000,0,60000
SBIN30Jan20280CE.NFO,07/01/2020,11:42:21,47,40.2,6000,44.7,3000,0,60000
SBIN30Jan20280CE.NFO,07/01/2020,11:42:23,47,40.2,6000,44.8,3000,0,60000
SBIN30Jan20280CE.NFO,07/01/2020,11:42:24,47,40.2,6000,44.75,9000,0,60000
SBIN30Jan20280CE.NFO,07/01/2020,11:42:25,47,40.2,6000,44.9,3000,0,60000
SBIN30Jan20280CE.NFO,07/01/2020,11:42:26,47,40.2,6000,44.7,3000,0,60000
SBIN30Jan20280CE.NFO,07/01/2020,11:42:28,47,40.2,6000,44.65,9000,0,60000
SBIN30Jan20280CE.NFO,07/01/2020,11:42:28,47,40.2,6000,44.9,3000,0,60000
SBIN30Jan20280CE.NFO,07/01/2020,11:42:30,47,40.2,6000,44.65,9000,0,60000
SBIN30Jan20280CE.NFO,07/01/2020,11:42:35,47,40.2,6000,44.8,3000,0,60000
SBIN30Jan20280CE.NFO,07/01/2020,11:42:36,47,40.2,6000,44.9,3000,0,60000
SBIN30Jan20280CE.NFO,07/01/2020,11:42:37,47,40.2,6000,44.95,24000,0,60000
SBIN30Jan20280CE.NFO,07/01/2020,11:42:40,47,40.2,6000,44.65,9000,0,60000
SBIN30Jan20280CE.NFO,07/01/2020,11:42:49,47,40.2,6000,44.95,24000,0,60000
SBIN30Jan20280CE.NFO,07/01/2020,11:42:59,47,40.2,6000,44.7,3000,0,60000
SBIN30Jan20280CE.NFO,07/01/2020,11:43:01,47,40.2,6000,44.65,9000,0,60000
SBIN30Jan20280CE.NFO,07/01/2020,11:43:03,47,40.2,6000,44.75,9000,0,60000
SBIN30Jan20280CE.NFO,07/01/2020,11:43:03,47,40.2,6000,44.8,3000,0,60000
SBIN30Jan20280CE.NFO,07/01/2020,11:43:04,47,40.2,6000,44.65,9000,0,60000
SBIN30Jan20280CE.NFO,07/01/2020,11:43:05,47,40.2,6000,44.95,24000,0,60000
SBIN30Jan20280CE.NFO,07/01/2020,11:43:07,47,40.2,6000,44.65,9000,0,60000
SBIN30Jan20280CE.NFO,07/01/2020,11:43:10,47,40.2,6000,44.7,3000,0,60000
SBIN30Jan20280CE.NFO,07/01/2020,11:43:11,47,40.2,6000,44.8,3000,0,60000
SBIN30Jan20280CE.NFO,07/01/2020,11:43:13,47,40.2,6000,44.65,9000,0,60000
SBIN30Jan20280CE.NFO,07/01/2020,11:43:14,47,40.2,6000,44.95,24000,0,60000
SBIN30Jan20280CE.NFO,07/01/2020,11:45:21,47,40.2,6000,44.75,9000,0,60000
SBIN30Jan20280CE.NFO,07/01/2020,11:45:25,47,40.2,6000,44.85,9000,0,60000
SBIN30Jan20280CE.NFO,07/01/2020,11:45:34,47,40.2,6000,44.65,9000,0,60000
SBIN30Jan20280CE.NFO,07/01/2020,11:45:38,47,40.2,6000,44.95,24000,0,60000
SBIN30Jan20280CE.NFO,07/01/2020,11:45:43,47,40.2,6000,44.9,3000,0,60000
SBIN30Jan20280CE.NFO,07/01/2020,11:45:47,47,40.2,6000,44.75,9000,0,60000
SBIN30Jan20280CE.NFO,07/01/2020,11:45:51,47,40.2,6000,44.65,9000,0,60000
SBIN30Jan20280CE.NFO,07/01/2020,11:45:56,47,40.2,6000,44.95,24000,0,60000
SBIN30Jan20280CE.NFO,07/01/2020,11:45:59,47,40.2,6000,44.8,3000,0,60000
SBIN30Jan20280CE.NFO,07/01/2020,11:46:01,47,40.2,6000,44.75,9000,0,60000
SBIN30Jan20280CE.NFO,07/01/2020,11:46:05,47,40.2,6000,44.9,3000,0,60000
SBIN30Jan20280CE.NFO,07/01/2020,11:46:08,47,40.2,6000,44.65,9000,0,60000
SBIN30Jan20280CE.NFO,07/01/2020,11:46:12,47,40.2,6000,44.8,3000,0,60000
SBIN30Jan20280CE.NFO,07/01/2020,11:46:14,47,40.2,6000,44.65,9000,0,60000
SBIN30Jan20280CE.NFO,07/01/2020,11:46:15,47,40.2,6000,44.8,3000,0,60000
SBIN30Jan20280CE.NFO,07/01/2020,11:46:16,47,40.2,6000,44.7,3000,0,60000
SBIN30Jan20280CE.NFO,07/01/2020,11:46:17,47,40.2,6000,44.9,3000,0,60000
SBIN30Jan20280CE.NFO,07/01/2020,11:46:19,47,40.2,6000,44.95,24000,0,60000
SBIN30Jan20280CE.NFO,07/01/2020,11:46:20,47,40.2,6000,44.7,3000,0,60000
SBIN30Jan20280CE.NFO,07/01/2020,11:46:21,47,40.2,6000,44.8,3000,0,60000
SBIN30Jan20280CE.NFO,07/01/2020,11:46:21,47,40.2,6000,44.65,9000,0,60000
SBIN30Jan20280CE.NFO,07/01/2020,11:46:22,47,40.2,6000,44.95,24000,0,60000
SBIN30Jan20280CE.NFO,07/01/2020,11:46:23,47,40.2,6000,44.9,3000,0,60000
SBIN30Jan20280CE.NFO,07/01/2020,11:46:24,47,40.2,6000,44.8,3000,0,60000
SBIN30Jan20280CE.NFO,07/01/2020,11:46:25,47,40.2,6000,44.65,9000,0,60000
SBIN30Jan20280CE.NFO,07/01/2020,11:46:27,47,40.2,6000,44.85,9000,0,60000
SBIN30Jan20280CE.NFO,07/01/2020,11:47:26,47,40.2,6000,44.95,24000,0,60000
SBIN30Jan20280CE.NFO,07/01/2020,11:47:26,47,40.2,6000,44.65,9000,0,60000
SBIN30Jan20280CE.NFO,07/01/2020,11:47:27,47,40.2,6000,44.7,3000,0,60000
SBIN30Jan20280CE.NFO,07/01/2020,11:47:28,47,40.2,6000,44.65,9000,0,60000
SBIN30Jan20280CE.NFO,07/01/2020,11:47:29,47,40.2,6000,44.9,3000,0,60000
SBIN30Jan20280CE.NFO,07/01/2020,11:47:30,47,40.2,6000,44.65,9000,0,60000
SBIN30Jan20280CE.NFO,07/01/2020,11:47:39,47,40.2,6000,44.8,3000,0,60000
SBIN30Jan20280CE.NFO,07/01/2020,11:47:39,47,40.2,6000,44.7,3000,0,60000
SBIN30Jan20280CE.NFO,07/01/2020,11:47:40,47,40.2,6000,44.75,9000,0,60000
SBIN30Jan20280CE.NFO,07/01/2020,11:47:41,47,40.2,6000,44.65,9000,0,60000
SBIN30Jan20280CE.NFO,07/01/2020,11:47:42,47,40.2,6000,44.7,3000,0,60000
SBIN30Jan20280CE.NFO,07/01/2020,11:47:44,47,40.2,6000,44.65,9000,0,60000
SBIN30Jan20280CE.NFO,07/01/2020,11:47:45,47,40.2,6000,44.8,3000,0,60000
SBIN30Jan20280CE.NFO,07/01/2020,11:47:46,47,40.2,6000,44.7,3000,0,60000
SBIN30Jan20280CE.NFO,07/01/2020,11:47:49,47,40.2,6000,44.8,3000,0,60000
SBIN30Jan20280CE.NFO,07/01/2020,11:47:50,47,40.2,6000,44.7,3000,0,60000
SBIN30Jan20280CE.NFO,07/01/2020,11:47:51,47,40.2,6000,44.65,9000,0,60000
SBIN30Jan20280CE.NFO,07/01/2020,11:47:51,47,40.2,6000,44.9,3000,0,60000
SBIN30Jan20280CE.NFO,07/01/2020,11:47:52,47,40.2,6000,44.8,3000,0,60000
SBIN30Jan20280CE.NFO,07/01/2020,11:47:53,47,40.2,6000,44.7,3000,0,60000
SBIN30Jan20280CE.NFO,07/01/2020,11:47:56,47,40.2,6000,44.65,9000,0,60000
SBIN30Jan20280CE.NFO,07/01/2020,11:47:58,47,40.2,6000,44.9,3000,0,60000
SBIN30Jan20280CE.NFO,07/01/2020,11:48:00,47,40.2,6000,44.65,9000,0,60000
SBIN30Jan20280CE.NFO,07/01/2020,11:48:00,47,40.2,6000,44.9,3000,0,60000
SBIN30Jan20280CE.NFO,07/01/2020,11:48:01,47,40.2,6000,44.8,3000,0,60000
SBIN30Jan20280CE.NFO,07/01/2020,11:48:04,47,40.2,6000,44.95,24000,0,60000
SBIN30Jan20280CE.NFO,07/01/2020,11:48:16,47,40.2,6000,44.9,3000,0,60000
SBIN30Jan20280CE.NFO,07/01/2020,11:48:16,47,40.2,6000,44.8,3000,0,60000
SBIN30Jan20280CE.NFO,07/01/2020,11:48:18,47,40.2,6000,44.9,3000,0,60000
SBIN30Jan20280CE.NFO,07/01/2020,11:48:20,47,40.2,6000,44.7,3000,0,60000
SBIN30Jan20280CE.NFO,07/01/2020,11:48:21,47,40.2,6000,44.65,9000,0,60000
SBIN30Jan20280CE.NFO,07/01/2020,11:48:22,47,40.2,6000,44.7,3000,0,60000
SBIN30Jan20280CE.NFO,07/01/2020,11:48:22,47,40.2,6000,44.95,24000,0,60000
SBIN30Jan20280CE.NFO,07/01/2020,11:48:36,47,40.2,6000,44.65,9000,0,60000
SBIN30Jan20280CE.NFO,07/01/2020,11:48:37,47,40.2,6000,44.85,9000,0,60000
SBIN30Jan20280CE.NFO,07/01/2020,11:48:40,47,40.2,6000,44.65,9000,0,60000
SBIN30Jan20280CE.NFO,07/01/2020,11:49:02,47,40.2,6000,44.9,3000,0,60000
SBIN30Jan20280CE.NFO,07/01/2020,11:49:03,47,40.2,6000,44.65,9000,0,60000
SBIN30Jan20280CE.NFO,07/01/2020,11:49:05,47,40.2,6000,44.9,3000,0,60000
SBIN30Jan20280CE.NFO,07/01/2020,11:49:05,47,40.2,6000,44.8,3000,0,60000
SBIN30Jan20280CE.NFO,07/01/2020,11:49:06,47,40.2,6000,44.75,9000,0,60000
SBIN30Jan20280CE.NFO,07/01/2020,11:49:07,47,40.2,6000,44.7,3000,0,60000
SBIN30Jan20280CE.NFO,07/01/2020,11:49:09,47,40.2,6000,44.65,9000,0,60000
SBIN30Jan20280CE.NFO,07/01/2020,11:49:10,47,40.2,6000,44.75,9000,0,60000
SBIN30Jan20280CE.NFO,07/01/2020,11:49:11,47,40.2,6000,44.7,3000,0,60000
SBIN30Jan20280CE.NFO,07/01/2020,11:49:13,47,40.2,6000,44.85,9000,0,60000
SBIN30Jan20280CE.NFO,07/01/2020,11:49:15,47,40.2,6000,44.7,3000,0,60000
SBIN30Jan20280CE.NFO,07/01/2020,11:49:16,47,40.2,6000,44.95,24000,0,60000
SBIN30Jan20280CE.NFO,07/01/2020,11:49:17,47,40.2,6000,44.9,3000,0,60000
SBIN30Jan20280CE.NFO,07/01/2020,11:49:18,47,40.2,6000,44.8,3000,0,60000
SBIN30Jan20280CE.NFO,07/01/2020,11:49:19,47,40.2,6000,44.75,9000,0,60000
SBIN30Jan20280CE.NFO,07/01/2020,11:49:20,47,40.2,6000,44.7,3000,0,60000
SBIN30Jan20280CE.NFO,07/01/2020,11:49:21,47,40.2,6000,44.8,3000,0,60000
SBIN30Jan20280CE.NFO,07/01/2020,11:49:22,47,40.2,6000,44.9,3000,0,60000
SBIN30Jan20280CE.NFO,07/01/2020,11:49:22,47,40.2,6000,44.65,9000,0,60000
SBIN30Jan20280CE.NFO,07/01/2020,11:49:23,47,40.2,6000,44.9,3000,0,60000
SBIN30Jan20280CE.NFO,07/01/2020,11:49:24,47,40.2,6000,44.65,9000,0,60000
SBIN30Jan20280CE.NFO,07/01/2020,11:49:25,47,40.2,6000,44.85,9000,0,60000
SBIN30Jan20280CE.NFO,07/01/2020,11:49:26,47,40.2,6000,44.65,9000,0,60000
SBIN30Jan20280CE.NFO,07/01/2020,11:49:28,47,40.2,6000,44.7,3000,0,60000
SBIN30Jan20280CE.NFO,07/01/2020,11:49:30,47,40.2,6000,44.8,3000,0,60000
SBIN30Jan20280CE.NFO,07/01/2020,11:49:31,47,40.2,6000,44.65,9000,0,60000
SBIN30Jan20280CE.NFO,07/01/2020,11:50:07,47,40.2,12000,44.8,3000,0,60000
SBIN30Jan20280CE.NFO,07/01/2020,11:50:08,47,40.2,12000,44.65,9000,0,60000
SBIN30Jan20280CE.NFO,07/01/2020,11:50:09,47,40.2,12000,44.85,9000,0,60000
SBIN30Jan20280CE.NFO,07/01/2020,11:50:10,47,40.2,12000,44.65,9000,0,60000
SBIN30Jan20280CE.NFO,07/01/2020,11:50:11,47,40.2,12000,44.75,9000,0,60000
SBIN30Jan20280CE.NFO,07/01/2020,11:50:14,47,40.2,12000,44.65,9000,0,60000
SBIN30Jan20280CE.NFO,07/01/2020,11:50:14,47,40.2,12000,44.9,3000,0,60000
SBIN30Jan20280CE.NFO,07/01/2020,11:50:15,47,40.2,18000,44.95,24000,0,60000
SBIN30Jan20280CE.NFO,07/01/2020,11:50:16,47,40.2,18000,44.9,3000,0,60000
SBIN30Jan20280CE.NFO,07/01/2020,11:50:18,47,40.2,18000,44.7,3000,0,60000
SBIN30Jan20280CE.NFO,07/01/2020,11:50:19,47,40.2,18000,44.65,9000,0,60000
SBIN30Jan20280CE.NFO,07/01/2020,11:50:20,47,40.2,18000,44.8,3000,0,60000
SBIN30Jan20280CE.NFO,07/01/2020,11:50:21,47,40.2,18000,44.85,9000,0,60000
SBIN30Jan20280CE.NFO,07/01/2020,11:50:23,47,40.2,18000,44.65,9000,0,60000
SBIN30Jan20280CE.NFO,07/01/2020,11:50:24,47,40.2,18000,44.7,3000,0,60000
SBIN30Jan20280CE.NFO,07/01/2020,11:50:25,47,40.2,18000,44.65,9000,0,60000
SBIN30Jan20280CE.NFO,07/01/2020,11:50:27,47,40.2,18000,44.9,3000,0,60000
SBIN30Jan20280CE.NFO,07/01/2020,11:50:28,47,40.2,18000,44.7,3000,0,60000
SBIN30Jan20280CE.NFO,07/01/2020,11:50:29,47,40.2,18000,44.9,3000,0,60000
SBIN30Jan20280CE.NFO,07/01/2020,11:50:29,47,40.2,18000,44.85,9000,0,60000
SBIN30Jan20280CE.NFO,07/01/2020,11:51:26,47,40.2,18000,44.7,3000,0,60000
SBIN30Jan20280CE.NFO,07/01/2020,11:51:28,47,40.2,18000,44.95,24000,0,60000
SBIN30Jan20280CE.NFO,07/01/2020,11:52:31,47,40.2,18000,44.65,9000,0,60000
SBIN30Jan20280CE.NFO,07/01/2020,11:52:36,47,40.2,18000,44.85,9000,0,60000
SBIN30Jan20280CE.NFO,07/01/2020,11:52:39,47,40.2,18000,44.9,3000,0,60000
SBIN30Jan20280CE.NFO,07/01/2020,11:52:42,47,40.2,18000,44.8,3000,0,60000
SBIN30Jan20280CE.NFO,07/01/2020,11:52:46,47,40.2,18000,44.65,9000,0,60000
SBIN30Jan20280CE.NFO,07/01/2020,11:52:49,47,40.2,18000,44.85,9000,0,60000
SBIN30Jan20280CE.NFO,07/01/2020,11:52:53,47,40.2,18000,44.65,9000,0,60000
SBIN30Jan20280CE.NFO,07/01/2020,11:52:58,47,40.2,18000,44.9,3000,0,60000
SBIN30Jan20280CE.NFO,07/01/2020,11:53:03,47,40.2,18000,44.95,24000,0,60000
SBIN30Jan20280CE.NFO,07/01/2020,11:53:48,47,40.2,18000,44.7,3000,0,60000
SBIN30Jan20280CE.NFO,07/01/2020,11:53:52,47,40.2,18000,44.95,24000,0,60000
SBIN30Jan20280CE.NFO,07/01/2020,11:53:53,47,40.2,18000,44.85,9000,0,60000
SBIN30Jan20280CE.NFO,07/01/2020,11:53:54,47,40.2,18000,44.8,3000,0,60000
SBIN30Jan20280CE.NFO,07/01/2020,11:53:55,47,40.2,18000,44.9,3000,0,60000
SBIN30Jan20280CE.NFO,07/01/2020,11:53:55,47,40.2,18000,44.65,9000,0,60000
SBIN30Jan20280CE.NFO,07/01/2020,11:53:56,47,40.2,18000,44.7,3000,0,60000
SBIN30Jan20280CE.NFO,07/01/2020,11:53:57,47,40.2,18000,44.8,3000,0,60000
SBIN30Jan20280CE.NFO,07/01/2020,11:53:59,47,40.2,18000,44.65,9000,0,60000
SBIN30Jan20280CE.NFO,07/01/2020,11:54:00,47,40.2,18000,44.9,3000,0,60000
SBIN30Jan20280CE.NFO,07/01/2020,11:54:01,47,40.2,18000,44.7,3000,0,60000
SBIN30Jan20280CE.NFO,07/01/2020,11:54:02,47,40.2,18000,44.9,3000,0,60000
SBIN30Jan20280CE.NFO,07/01/2020,11:54:03,47,40.2,18000,44.75,9000,0,60000
SBIN30Jan20280CE.NFO,07/01/2020,11:54:04,47,40.2,18000,44.7,3000,0,60000
SBIN30Jan20280CE.NFO,07/01/2020,11:54:05,47,40.2,18000,44.65,9000,0,60000
SBIN30Jan20280CE.NFO,07/01/2020,11:54:06,47,40.2,18000,44.8,3000,0,60000
SBIN30Jan20280CE.NFO,07/01/2020,11:54:07,47,40.2,18000,44.9,3000,0,60000
SBIN30Jan20280CE.NFO,07/01/2020,11:54:08,47,40.2,18000,44.65,9000,0,60000
SBIN30Jan20280CE.NFO,07/01/2020,11:54:10,47,40.2,18000,44.8,3000,0,60000
SBIN30Jan20280CE.NFO,07/01/2020,11:54:11,47,40.2,18000,44.7,3000,0,60000
SBIN30Jan20280CE.NFO,07/01/2020,11:54:12,47,40.2,18000,44.75,9000,0,60000
SBIN30Jan20280CE.NFO,07/01/2020,11:54:14,47,40.2,18000,44.8,3000,0,60000
SBIN30Jan20280CE.NFO,07/01/2020,11:54:15,47,40.2,18000,44.95,24000,0,60000
SBIN30Jan20280CE.NFO,07/01/2020,11:54:15,47,40.2,18000,44.75,9000,0,60000
SBIN30Jan20280CE.NFO,07/01/2020,11:54:16,47,40.2,18000,44.85,9000,0,60000
SBIN30Jan20280CE.NFO,07/01/2020,11:54:17,47,40.2,18000,44.65,9000,0,60000
SBIN30Jan20280CE.NFO,07/01/2020,11:54:18,47,40.2,18000,44.85,9000,0,60000
SBIN30Jan20280CE.NFO,07/01/2020,11:54:19,47,40.2,18000,44.9,3000,0,60000
SBIN30Jan20280CE.NFO,07/01/2020,11:54:20,47,40.2,18000,44.85,9000,0,60000
SBIN30Jan20280CE.NFO,07/01/2020,11:54:22,47,40.2,18000,44.7,3000,0,60000
SBIN30Jan20280CE.NFO,07/01/2020,11:54:22,47,40.2,18000,44.6,9000,0,60000
SBIN30Jan20280CE.NFO,07/01/2020,11:54:24,47,40.2,18000,44.7,3000,0,60000
SBIN30Jan20280CE.NFO,07/01/2020,11:54:25,47,40.2,18000,44.75,9000,0,60000
SBIN30Jan20280CE.NFO,07/01/2020,11:54:29,47,40.2,18000,44.65,9000,0,60000
SBIN30Jan20280CE.NFO,07/01/2020,11:54:29,47,40.2,18000,44.95,24000,0,60000
SBIN30Jan20280CE.NFO,07/01/2020,11:56:34,47,40.2,18000,44.9,3000,0,60000
SBIN30Jan20280CE.NFO,07/01/2020,11:56:38,47,40.2,18000,44.65,9000,0,60000
SBIN30Jan20280CE.NFO,07/01/2020,11:56:41,47,40.2,18000,44.7,3000,0,60000
SBIN30Jan20280CE.NFO,07/01/2020,11:56:48,47,40.2,18000,44.95,24000,0,60000
SBIN30Jan20280CE.NFO,07/01/2020,11:56:50,47,40.2,18000,44.8,3000,0,60000
SBIN30Jan20280CE.NFO,07/01/2020,11:56:54,47,40.2,18000,44.65,9000,0,60000
SBIN30Jan20280CE.NFO,07/01/2020,11:56:57,47,40.2,18000,44.8,3000,0,60000
SBIN30Jan20280CE.NFO,07/01/2020,11:57:01,47,40.2,18000,44.75,9000,0,60000
SBIN30Jan20280CE.NFO,07/01/2020,11:57:04,47,40.2,18000,44.8,3000,0,60000
SBIN30Jan20280CE.NFO,07/01/2020,11:57:08,47,40.2,18000,44.95,24000,0,60000
SBIN30Jan20280CE.NFO,07/01/2020,11:57:36,47,40.2,18000,44.9,3000,0,60000
SBIN30Jan20280CE.NFO,07/01/2020,11:57:39,47,40.2,18000,44.95,24000,0,60000
SBIN30Jan20280CE.NFO,07/01/2020,11:57:53,47,40.2,18000,44.85,9000,0,60000
SBIN30Jan20280CE.NFO,07/01/2020,11:57:54,47,40.2,18000,44.9,3000,0,60000
SBIN30Jan20280CE.NFO,07/01/2020,11:57:55,47,40.2,18000,44.75,9000,0,60000
SBIN30Jan20280CE.NFO,07/01/2020,11:57:55,47,40.2,18000,44.85,9000,0,60000
SBIN30Jan20280CE.NFO,07/01/2020,11:58:27,47,40.2,18000,44.65,9000,0,60000
SBIN30Jan20280CE.NFO,07/01/2020,11:58:31,47,40.2,18000,44.85,9000,0,60000
SBIN30Jan20280CE.NFO,07/01/2020,11:59:26,47,40.2,18000,44.8,3000,0,60000
SBIN30Jan20280CE.NFO,07/01/2020,11:59:31,47,40.2,18000,44.7,3000,0,60000
SBIN30Jan20280CE.NFO,07/01/2020,11:59:35,47,40.2,18000,44.8,3000,0,60000
SBIN30Jan20280CE.NFO,07/01/2020,11:59:39,47,40.2,18000,44.65,9000,0,60000
SBIN30Jan20280CE.NFO,07/01/2020,11:59:42,47,40.2,18000,44.8,3000,0,60000
SBIN30Jan20280CE.NFO,07/01/2020,11:59:51,47,40.2,18000,44.85,9000,0,60000
SBIN30Jan20280CE.NFO,07/01/2020,11:59:55,47,40.2,18000,44.7,3000,0,60000
SBIN30Jan20280CE.NFO,07/01/2020,11:59:59,47,40.2,18000,44.75,9000,0,60000
SBIN30Jan20280CE.NFO,07/01/2020,12:00:02,47,40.2,18000,44.7,3000,0,60000
SBIN30Jan20280CE.NFO,07/01/2020,12:00:06,47,40.2,18000,44.9,3000,0,60000
SBIN30Jan20280CE.NFO,07/01/2020,12:00:10,47,40.2,18000,44.65,9000,0,60000
SBIN30Jan20280CE.NFO,07/01/2020,12:02:43,47,40.2,18000,44.8,3000,0,60000
SBIN30Jan20280CE.NFO,07/01/2020,12:02:49,47,40.2,18000,44.75,9000,0,60000
SBIN30Jan20280CE.NFO,07/01/2020,12:02:55,47,40.2,18000,44.95,24000,0,60000
SBIN30Jan20280CE.NFO,07/01/2020,12:04:14,47,40.2,18000,44.9,3000,0,60000
SBIN30Jan20280CE.NFO,07/01/2020,12:04:17,47,40.2,18000,44.8,3000,0,60000
SBIN30Jan20280CE.NFO,07/01/2020,12:04:20,47,40.2,18000,44.85,9000,0,60000
SBIN30Jan20280CE.NFO,07/01/2020,12:04:23,47,40.2,18000,44.8,3000,0,60000
SBIN30Jan20280CE.NFO,07/01/2020,12:04:27,47,40.2,18000,44.65,9000,0,60000
SBIN30Jan20280CE.NFO,07/01/2020,12:04:30,47,40.2,18000,44.75,9000,0,60000
SBIN30Jan20280CE.NFO,07/01/2020,12:04:33,47,40.2,18000,44.8,3000,0,60000
SBIN30Jan20280CE.NFO,07/01/2020,12:04:37,47,40.2,18000,44.9,3000,0,60000
SBIN30Jan20280CE.NFO,07/01/2020,12:04:41,47,40.2,18000,44.65,9000,0,60000
SBIN30Jan20280CE.NFO,07/01/2020,12:04:46,47,40.2,18000,44.8,3000,0,60000
SBIN30Jan20280CE.NFO,07/01/2020,12:04:50,47,40.2,18000,44.9,3000,0,60000
SBIN30Jan20280CE.NFO,07/01/2020,12:04:56,47,40.2,18000,44.65,9000,0,60000
SBIN30Jan20280CE.NFO,07/01/2020,12:04:59,47,40.2,18000,44.8,3000,0,60000
SBIN30Jan20280CE.NFO,07/01/2020,12:05:11,47,40.2,18000,44.9,3000,0,60000
SBIN30Jan20280CE.NFO,07/01/2020,12:05:12,47,40.2,18000,44.7,3000,0,60000
SBIN30Jan20280CE.NFO,07/01/2020,12:05:13,47,40.2,18000,44.85,9000,0,60000
SBIN30Jan20280CE.NFO,07/01/2020,12:05:14,47,40.2,18000,44.7,3000,0,60000
SBIN30Jan20280CE.NFO,07/01/2020,12:05:15,47,40.2,18000,44.65,9000,0,60000
SBIN30Jan20280CE.NFO,07/01/2020,12:05:16,47,40.2,18000,44.85,9000,0,60000
SBIN30Jan20280CE.NFO,07/01/2020,12:05:17,47,40.2,18000,44.7,3000,0,60000
SBIN30Jan20280CE.NFO,07/01/2020,12:05:17,47,40.2,18000,44.8,3000,0,60000
SBIN30Jan20280CE.NFO,07/01/2020,12:05:19,47,40.2,18000,44.9,3000,0,60000
SBIN30Jan20280CE.NFO,07/01/2020,12:05:23,47,40.2,18000,44.65,9000,0,60000
SBIN30Jan20280CE.NFO,07/01/2020,12:05:24,47,40.2,18000,44.95,24000,0,60000
SBIN30Jan20280CE.NFO,07/01/2020,12:05:25,47,40.2,18000,44.65,9000,0,60000
SBIN30Jan20280CE.NFO,07/01/2020,12:13:54,47,40.2,18000,44.85,9000,0,60000
SBIN30Jan20280CE.NFO,07/01/2020,12:13:58,47,40.2,18000,44.75,9000,0,60000
SBIN30Jan20280CE.NFO,07/01/2020,12:15:24,47,40.2,18000,44.9,3000,0,60000
SBIN30Jan20280CE.NFO,07/01/2020,12:15:28,47,40.2,18000,44.8,3000,0,60000
SBIN30Jan20280CE.NFO,07/01/2020,12:15:35,47,40.2,18000,44.9,3000,0,60000
SBIN30Jan20280CE.NFO,07/01/2020,12:15:38,47,40.2,18000,44.7,3000,0,60000
SBIN30Jan20280CE.NFO,07/01/2020,12:15:42,47,40.2,18000,44.9,3000,0,60000
SBIN30Jan20280CE.NFO,07/01/2020,12:15:46,47,40.2,18000,44.85,9000,0,60000
SBIN30Jan20280CE.NFO,07/01/2020,12:15:48,47,40.2,18000,44.75,9000,0,60000
SBIN30Jan20280CE.NFO,07/01/2020,12:15:50,47,40.2,18000,44.85,9000,0,60000
SBIN30Jan20280CE.NFO,07/01/2020,12:16:22,47,40.2,18000,44.8,3000,0,60000
SBIN30Jan20280CE.NFO,07/01/2020,12:16:23,47,40.2,18000,44.75,9000,0,60000
SBIN30Jan20280CE.NFO,07/01/2020,12:16:24,47,40.2,18000,44.9,3000,0,60000
SBIN30Jan20280CE.NFO,07/01/2020,12:16:25,47,40.2,18000,44.65,9000,0,60000
SBIN30Jan20280CE.NFO,07/01/2020,12:16:26,47,40.2,18000,44.7,3000,0,60000
SBIN30Jan20280CE.NFO,07/01/2020,12:16:27,47,40.2,18000,44.85,9000,0,60000
SBIN30Jan20280CE.NFO,07/01/2020,12:16:29,47,40.2,18000,44.8,3000,0,60000
SBIN30Jan20280CE.NFO,07/01/2020,12:16:30,47,40.2,18000,44.95,24000,0,60000
SBIN30Jan20280CE.NFO,07/01/2020,12:16:32,47,40.2,18000,44.9,3000,0,60000
SBIN30Jan20280CE.NFO,07/01/2020,12:16:33,47,40.2,18000,44.65,9000,0,60000
SBIN30Jan20280CE.NFO,07/01/2020,12:16:34,47,40.2,18000,44.95,24000,0,60000
SBIN30Jan20280CE.NFO,07/01/2020,12:16:35,47,40.2,18000,44.65,9000,0,60000
SBIN30Jan20280CE.NFO,07/01/2020,12:18:17,47,40.2,18000,44.95,24000,0,60000
SBIN30Jan20280CE.NFO,07/01/2020,12:19:05,47,40.2,18000,44.85,9000,0,60000
SBIN30Jan20280CE.NFO,07/01/2020,12:19:16,47,40.2,18000,44.9,3000,0,60000
SBIN30Jan20280CE.NFO,07/01/2020,12:19:25,47,40.2,18000,44.65,9000,0,60000
SBIN30Jan20280CE.NFO,07/01/2020,12:19:29,47,40.2,18000,44.85,9000,0,60000
SBIN30Jan20280CE.NFO,07/01/2020,12:22:57,47,40.2,18000,44.8,3000,0,60000
SBIN30Jan20280CE.NFO,07/01/2020,12:22:59,47,40.2,18000,44.75,9000,0,60000
SBIN30Jan20280CE.NFO,07/01/2020,12:23:02,47,40.2,18000,44.85,9000,0,60000
SBIN30Jan20280CE.NFO,07/01/2020,12:23:18,47,40.2,18000,44.65,9000,0,60000
SBIN30Jan20280CE.NFO,07/01/2020,12:23:29,47,40.2,18000,44.75,9000,0,60000
SBIN30Jan20280CE.NFO,07/01/2020,12:23:41,47,40.2,18000,44.7,3000,0,60000
SBIN30Jan20280CE.NFO,07/01/2020,12:23:43,47,40.2,18000,44.8,3000,0,60000
SBIN30Jan20280CE.NFO,07/01/2020,12:23:46,47,40.2,18000,44.7,3000,0,60000
SBIN30Jan20280CE.NFO,07/01/2020,12:23:48,47,40.2,18000,44.65,9000,0,60000
SBIN30Jan20280CE.NFO,07/01/2020,12:23:50,47,40.2,18000,44.7,3000,0,60000
SBIN30Jan20280CE.NFO,07/01/2020,12:23:52,47,40.2,18000,44.9,3000,0,60000
SBIN30Jan20280CE.NFO,07/01/2020,12:23:54,47,40.2,18000,44.7,3000,0,60000
SBIN30Jan20280CE.NFO,07/01/2020,12:23:55,47,40.2,18000,44.9,3000,0,60000
SBIN30Jan20280CE.NFO,07/01/2020,12:23:57,47,40.2,18000,44.95,24000,0,60000
SBIN30Jan20280CE.NFO,07/01/2020,12:24:12,47,40.2,18000,44.85,9000,0,60000
SBIN30Jan20280CE.NFO,07/01/2020,12:24:12,47,40.2,18000,44.9,3000,0,60000
SBIN30Jan20280CE.NFO,07/01/2020,12:24:14,47,40.2,18000,44.7,3000,0,60000
SBIN30Jan20280CE.NFO,07/01/2020,12:24:16,47,40.2,18000,44.95,24000,0,60000
SBIN30Jan20280CE.NFO,07/01/2020,12:26:41,47,40.2,18000,44.9,3000,0,60000
SBIN30Jan20280CE.NFO,07/01/2020,12:26:46,47,40.2,18000,44.7,3000,0,60000
SBIN30Jan20280CE.NFO,07/01/2020,12:26:49,47,40.2,18000,44.65,9000,0,60000
SBIN30Jan20280CE.NFO,07/01/2020,12:26:56,47,40.2,18000,44.85,9000,0,60000
SBIN30Jan20280CE.NFO,07/01/2020,12:27:00,47,40.2,18000,44.9,3000,0,60000
SBIN30Jan20280CE.NFO,07/01/2020,12:27:04,47,40.2,18000,44.65,9000,0,60000
SBIN30Jan20280CE.NFO,07/01/2020,12:27:08,47,40.2,18000,44.75,9000,0,60000
SBIN30Jan20280CE.NFO,07/01/2020,12:32:41,47,40.2,18000,44.95,24000,0,60000
SBIN30Jan20280CE.NFO,07/01/2020,12:39:36,47,40.95,6000,44.95,24000,0,60000
SBIN30Jan20280CE.NFO,07/01/2020,12:59:52,47,40.2,12000,44.95,24000,0,60000
SBIN30Jan20280CE.NFO,07/01/2020,13:01:22,47,36.15,69000,44.95,18000,0,60000
SBIN30Jan20280CE.NFO,07/01/2020,13:01:36,47,36.15,69000,44.9,9000,0,60000
SBIN30Jan20280CE.NFO,07/01/2020,13:04:51,47,36.15,69000,44.9,3000,0,60000
SBIN30Jan20280CE.NFO,07/01/2020,13:04:57,47,36.15,69000,44.9,12000,0,60000
SBIN30Jan20280CE.NFO,07/01/2020,13:08:10,47,32.5,69000,44.9,12000,0,60000
SBIN30Jan20280CE.NFO,07/01/2020,13:08:52,47,32.5,69000,44.9,81000,0,60000
SBIN30Jan20280CE.NFO,07/01/2020,13:36:41,47,38.25,6000,44.9,81000,0,60000
SBIN30Jan20280CE.NFO,07/01/2020,13:48:38,47,39.65,6000,44.9,81000,0,60000
SBIN30Jan20280CE.NFO,07/01/2020,13:50:55,47,39.65,6000,44.9,12000,0,60000
SBIN30Jan20280CE.NFO,07/01/2020,13:58:15,47,34.1,69000,44.9,12000,0,60000
SBIN30Jan20280CE.NFO,07/01/2020,14:07:52,47,34.1,69000,44.9,81000,0,60000
SBIN30Jan20280CE.NFO,07/01/2020,14:24:27,47,38.8,6000,44.9,81000,0,60000
SBIN30Jan20280CE.NFO,07/01/2020,14:39:33,47,39.5,6000,44.9,81000,0,60000
SBIN30Jan20280CE.NFO,07/01/2020,14:44:45,47,39.5,12000,44.9,81000,0,60000
SBIN30Jan20280CE.NFO,07/01/2020,14:47:55,47,39.5,6000,44.9,81000,0,60000
SBIN30Jan20280CE.NFO,07/01/2020,14:49:35,47,39.5,12000,44.9,81000,0,60000
SBIN30Jan20280CE.NFO,07/01/2020,14:53:04,47,39.5,6000,44.9,81000,0,60000
SBIN30Jan20280CE.NFO,07/01/2020,15:10:52,47,39.5,12000,44.9,81000,0,60000
SBIN30Jan20280CE.NFO,07/01/2020,15:16:02,47,39.5,12000,44.9,12000,0,60000
SBIN30Jan20280CE.NFO,07/01/2020,15:29:54,47,39.5,12000,44.9,9000,0,60000
SBIN30Jan20280CE.NFO,07/01/2020,15:30:02,47,39.5,18000,44.9,9000,0,60000
