Ticker,Date,Time,LTP,BuyPrice,BuyQty,SellPrice,SellQty,LTQ,OpenInterest
SBIN30Jan20325PE.NFO,07/01/2020,09:15:08,13.7,10,6000,13.7,12000,3000,804000
SBIN30Jan20325PE.NFO,07/01/2020,09:15:08,13.7,10,6000,13.7,12000,0,804000
SBIN30Jan20325PE.NFO,07/01/2020,09:15:08,13.7,10,6000,13.7,12000,0,804000
SBIN30Jan20325PE.NFO,07/01/2020,09:15:08,13.7,10,6000,13.7,12000,0,804000
SBIN30Jan20325PE.NFO,07/01/2020,09:15:17,10.4,10,6000,11.55,18000,3000,804000
SBIN30Jan20325PE.NFO,07/01/2020,09:15:17,10.4,10,6000,11.55,18000,0,804000
SBIN30Jan20325PE.NFO,07/01/2020,09:15:28,10,9.5,9000,10.4,9000,6000,804000
SBIN30Jan20325PE.NFO,07/01/2020,09:15:28,10,9.5,9000,10.4,9000,0,804000
SBIN30Jan20325PE.NFO,07/01/2020,09:15:41,9.5,9.35,6000,9.65,9000,6000,804000
SBIN30Jan20325PE.NFO,07/01/2020,09:15:41,9.5,9.35,6000,9.65,9000,0,804000
SBIN30Jan20325PE.NFO,07/01/2020,09:15:52,9.6,9.4,3000,9.85,3000,9000,804000
SBIN30Jan20325PE.NFO,07/01/2020,09:16:05,9.5,9.45,3000,9.6,3000,6000,804000
SBIN30Jan20325PE.NFO,07/01/2020,09:16:16,9.5,9.3,3000,9.45,3000,0,804000
SBIN30Jan20325PE.NFO,07/01/2020,09:16:28,9.2,9.15,9000,9.25,12000,9000,804000
SBIN30Jan20325PE.NFO,07/01/2020,09:16:28,9.2,9.15,9000,9.25,12000,0,804000
SBIN30Jan20325PE.NFO,07/01/2020,09:16:38,9.15,9,6000,9.35,3000,18000,804000
SBIN30Jan20325PE.NFO,07/01/2020,09:16:38,9.1,9,6000,9.35,3000,0,804000
SBIN30Jan20325PE.NFO,07/01/2020,09:16:48,9.15,9.1,3000,9.2,3000,0,804000
SBIN30Jan20325PE.NFO,07/01/2020,09:16:57,9.25,9.15,9000,9.3,3000,15000,804000
SBIN30Jan20325PE.NFO,07/01/2020,09:17:07,9.15,9.15,3000,9.25,3000,9000,804000
SBIN30Jan20325PE.NFO,07/01/2020,09:17:16,9.2,9.15,15000,9.3,3000,6000,810000
SBIN30Jan20325PE.NFO,07/01/2020,09:17:26,9.1,9.05,3000,9.2,9000,18000,810000
SBIN30Jan20325PE.NFO,07/01/2020,09:17:36,9.4,9.35,12000,9.5,12000,63000,810000
SBIN30Jan20325PE.NFO,07/01/2020,09:17:36,9.05,9.35,12000,9.5,12000,0,810000
SBIN30Jan20325PE.NFO,07/01/2020,09:17:47,9.4,9.35,6000,9.55,3000,12000,810000
SBIN30Jan20325PE.NFO,07/01/2020,09:17:57,9.4,9.5,3000,9.55,3000,0,810000
SBIN30Jan20325PE.NFO,07/01/2020,09:18:07,9.55,9.5,3000,9.6,6000,15000,810000
SBIN30Jan20325PE.NFO,07/01/2020,09:18:16,9.7,9.65,18000,9.75,12000,27000,810000
SBIN30Jan20325PE.NFO,07/01/2020,09:18:25,9.8,9.75,3000,9.85,12000,9000,810000
SBIN30Jan20325PE.NFO,07/01/2020,09:18:34,9.8,9.8,6000,9.95,3000,12000,810000
SBIN30Jan20325PE.NFO,07/01/2020,09:18:43,9.9,9.8,12000,9.95,6000,9000,810000
SBIN30Jan20325PE.NFO,07/01/2020,09:18:52,9.9,9.75,9000,9.9,12000,3000,810000
SBIN30Jan20325PE.NFO,07/01/2020,09:19:01,9.9,9.7,12000,9.85,9000,0,810000
SBIN30Jan20325PE.NFO,07/01/2020,09:19:18,9.75,9.7,6000,9.8,9000,9000,810000
SBIN30Jan20325PE.NFO,07/01/2020,09:19:27,9.75,9.65,27000,9.75,9000,0,810000
SBIN30Jan20325PE.NFO,07/01/2020,09:19:35,9.8,9.8,3000,9.85,9000,54000,810000
SBIN30Jan20325PE.NFO,07/01/2020,09:19:44,9.85,9.75,15000,9.85,6000,3000,810000
SBIN30Jan20325PE.NFO,07/01/2020,09:19:51,9.85,9.75,6000,9.85,9000,0,810000
SBIN30Jan20325PE.NFO,07/01/2020,09:19:59,9.75,9.7,6000,9.85,18000,9000,810000
SBIN30Jan20325PE.NFO,07/01/2020,09:20:07,9.7,9.65,36000,9.75,6000,21000,810000
SBIN30Jan20325PE.NFO,07/01/2020,09:20:15,9.75,9.65,24000,9.7,3000,6000,810000
SBIN30Jan20325PE.NFO,07/01/2020,09:20:22,9.65,9.6,12000,9.7,12000,18000,855000
SBIN30Jan20325PE.NFO,07/01/2020,09:20:30,9.6,9.55,12000,9.65,9000,3000,855000
SBIN30Jan20325PE.NFO,07/01/2020,09:20:37,9.65,9.55,6000,9.65,9000,6000,855000
SBIN30Jan20325PE.NFO,07/01/2020,09:20:45,9.55,9.5,9000,9.6,6000,12000,855000
SBIN30Jan20325PE.NFO,07/01/2020,09:20:53,9.55,9.4,6000,9.5,6000,0,855000
SBIN30Jan20325PE.NFO,07/01/2020,09:21:00,9.5,9.35,6000,9.45,15000,6000,855000
SBIN30Jan20325PE.NFO,07/01/2020,09:21:09,9.5,9.35,9000,9.4,6000,0,855000
SBIN30Jan20325PE.NFO,07/01/2020,09:21:17,9.4,9.35,12000,9.45,18000,6000,855000
SBIN30Jan20325PE.NFO,07/01/2020,09:21:24,9.45,9.35,6000,9.45,24000,9000,855000
SBIN30Jan20325PE.NFO,07/01/2020,09:21:32,9.3,9.4,3000,9.45,6000,12000,855000
SBIN30Jan20325PE.NFO,07/01/2020,09:21:40,9.3,9.25,30000,9.4,12000,0,855000
SBIN30Jan20325PE.NFO,07/01/2020,09:21:48,9.25,9.2,6000,9.3,12000,15000,855000
SBIN30Jan20325PE.NFO,07/01/2020,09:21:56,9.25,9.2,9000,9.35,27000,0,855000
SBIN30Jan20325PE.NFO,07/01/2020,09:22:04,9.25,9.1,6000,9.2,6000,3000,855000
SBIN30Jan20325PE.NFO,07/01/2020,09:22:12,9.2,9.15,9000,9.25,15000,9000,855000
SBIN30Jan20325PE.NFO,07/01/2020,09:22:20,9.2,9.1,6000,9.2,6000,0,855000
SBIN30Jan20325PE.NFO,07/01/2020,09:22:28,9.2,9.1,9000,9.2,6000,3000,855000
SBIN30Jan20325PE.NFO,07/01/2020,09:22:35,9.2,9.2,3000,9.25,12000,3000,855000
SBIN30Jan20325PE.NFO,07/01/2020,09:22:42,9.2,9.2,3000,9.25,12000,0,855000
SBIN30Jan20325PE.NFO,07/01/2020,09:22:49,9.2,9.2,3000,9.3,18000,0,855000
SBIN30Jan20325PE.NFO,07/01/2020,09:22:56,9.2,9.15,6000,9.25,18000,3000,855000
SBIN30Jan20325PE.NFO,07/01/2020,09:23:04,9.2,9.25,3000,9.35,15000,0,855000
SBIN30Jan20325PE.NFO,07/01/2020,09:23:12,9.35,9.3,6000,9.4,21000,6000,855000
SBIN30Jan20325PE.NFO,07/01/2020,09:23:19,9.3,9.25,24000,9.4,21000,6000,855000
SBIN30Jan20325PE.NFO,07/01/2020,09:23:25,9.3,9.25,24000,9.35,3000,0,855000
SBIN30Jan20325PE.NFO,07/01/2020,09:23:38,9.3,9.25,21000,9.35,9000,0,855000
SBIN30Jan20325PE.NFO,07/01/2020,09:23:44,9.45,9.35,27000,9.5,24000,33000,855000
SBIN30Jan20325PE.NFO,07/01/2020,09:23:50,9.5,9.4,18000,9.55,24000,3000,855000
SBIN30Jan20325PE.NFO,07/01/2020,09:23:57,9.45,9.35,30000,9.45,6000,30000,855000
SBIN30Jan20325PE.NFO,07/01/2020,09:24:04,9.45,9.35,18000,9.45,9000,3000,855000
SBIN30Jan20325PE.NFO,07/01/2020,09:24:11,9.4,9.35,18000,9.5,21000,3000,855000
SBIN30Jan20325PE.NFO,07/01/2020,09:24:18,9.55,9.5,9000,9.6,9000,3000,855000
SBIN30Jan20325PE.NFO,07/01/2020,09:24:25,9.55,9.5,15000,9.65,18000,0,855000
SBIN30Jan20325PE.NFO,07/01/2020,09:24:32,9.5,9.45,18000,9.6,9000,9000,855000
SBIN30Jan20325PE.NFO,07/01/2020,09:24:38,9.65,9.6,9000,9.7,9000,12000,855000
SBIN30Jan20325PE.NFO,07/01/2020,09:24:44,9.65,9.6,9000,9.7,6000,0,855000
SBIN30Jan20325PE.NFO,07/01/2020,09:24:50,9.65,9.65,18000,9.75,9000,0,855000
SBIN30Jan20325PE.NFO,07/01/2020,09:24:57,9.8,9.85,6000,9.95,12000,6000,855000
SBIN30Jan20325PE.NFO,07/01/2020,09:25:04,9.85,9.7,9000,9.8,6000,6000,855000
SBIN30Jan20325PE.NFO,07/01/2020,09:25:11,9.7,9.65,18000,9.75,6000,12000,855000
SBIN30Jan20325PE.NFO,07/01/2020,09:25:19,9.7,9.7,3000,9.75,9000,0,855000
SBIN30Jan20325PE.NFO,07/01/2020,09:25:26,9.75,9.7,18000,9.85,33000,3000,855000
SBIN30Jan20325PE.NFO,07/01/2020,09:25:32,9.75,9.75,12000,9.85,3000,0,855000
SBIN30Jan20325PE.NFO,07/01/2020,09:25:39,9.75,9.8,9000,9.9,15000,0,855000
SBIN30Jan20325PE.NFO,07/01/2020,09:25:47,9.8,9.8,21000,9.95,21000,3000,855000
SBIN30Jan20325PE.NFO,07/01/2020,09:26:02,9.8,9.85,3000,9.95,15000,0,855000
SBIN30Jan20325PE.NFO,07/01/2020,09:26:11,9.9,9.85,24000,10,30000,9000,855000
SBIN30Jan20325PE.NFO,07/01/2020,09:26:18,9.9,9.9,12000,10,24000,0,855000
SBIN30Jan20325PE.NFO,07/01/2020,09:26:25,9.9,9.9,18000,10,30000,0,855000
SBIN30Jan20325PE.NFO,07/01/2020,09:26:31,9.9,9.75,6000,9.9,21000,9000,894000
SBIN30Jan20325PE.NFO,07/01/2020,09:26:38,9.9,9.8,18000,9.9,6000,6000,894000
SBIN30Jan20325PE.NFO,07/01/2020,09:26:44,9.85,9.8,33000,9.9,9000,3000,894000
SBIN30Jan20325PE.NFO,07/01/2020,09:26:50,9.9,9.85,15000,9.95,6000,3000,894000
SBIN30Jan20325PE.NFO,07/01/2020,09:26:56,9.95,9.85,15000,10,48000,3000,894000
SBIN30Jan20325PE.NFO,07/01/2020,09:27:01,9.95,9.85,6000,9.95,21000,0,894000
SBIN30Jan20325PE.NFO,07/01/2020,09:27:06,9.95,9.9,9000,10,24000,0,894000
SBIN30Jan20325PE.NFO,07/01/2020,09:27:12,9.95,9.9,9000,10,39000,0,894000
SBIN30Jan20325PE.NFO,07/01/2020,09:27:18,9.95,9.9,9000,9.95,3000,0,894000
SBIN30Jan20325PE.NFO,07/01/2020,09:27:25,9.85,9.8,24000,9.9,3000,6000,894000
SBIN30Jan20325PE.NFO,07/01/2020,09:27:31,9.9,9.8,27000,9.95,30000,3000,894000
SBIN30Jan20325PE.NFO,07/01/2020,09:27:37,9.95,9.9,6000,10,21000,3000,894000
SBIN30Jan20325PE.NFO,07/01/2020,09:27:43,9.95,9.9,9000,10,36000,0,894000
SBIN30Jan20325PE.NFO,07/01/2020,09:27:49,9.95,9.9,9000,10,33000,0,894000
SBIN30Jan20325PE.NFO,07/01/2020,09:27:58,9.95,9.9,3000,10,15000,0,894000
SBIN30Jan20325PE.NFO,07/01/2020,09:28:12,10.05,10,9000,10.1,15000,9000,894000
SBIN30Jan20325PE.NFO,07/01/2020,09:28:19,10,10,18000,10.1,15000,21000,894000
SBIN30Jan20325PE.NFO,07/01/2020,09:28:25,10,10,15000,10.1,6000,0,894000
SBIN30Jan20325PE.NFO,07/01/2020,09:28:32,10,10,15000,10.1,12000,0,894000
SBIN30Jan20325PE.NFO,07/01/2020,09:28:38,10.1,10,15000,10.15,21000,3000,894000
SBIN30Jan20325PE.NFO,07/01/2020,09:28:43,10.1,10,18000,10.1,9000,0,894000
SBIN30Jan20325PE.NFO,07/01/2020,09:28:49,10.05,10,15000,10.1,9000,3000,894000
SBIN30Jan20325PE.NFO,07/01/2020,09:28:55,10,9.95,9000,10.05,18000,6000,894000
SBIN30Jan20325PE.NFO,07/01/2020,09:29:07,10,9.85,18000,9.95,6000,0,894000
SBIN30Jan20325PE.NFO,07/01/2020,09:29:13,10,9.9,18000,10,9000,0,894000
SBIN30Jan20325PE.NFO,07/01/2020,09:29:19,10,10,3000,10.05,9000,9000,924000
SBIN30Jan20325PE.NFO,07/01/2020,09:29:25,10.1,10,6000,10.05,3000,3000,924000
SBIN30Jan20325PE.NFO,07/01/2020,09:29:31,10.05,10.05,15000,10.2,24000,3000,924000
SBIN30Jan20325PE.NFO,07/01/2020,09:29:38,10.1,10.05,27000,10.2,18000,12000,924000
SBIN30Jan20325PE.NFO,07/01/2020,09:29:44,10.1,10.1,3000,10.2,15000,0,924000
SBIN30Jan20325PE.NFO,07/01/2020,09:29:50,10.1,10.1,12000,10.2,18000,0,924000
SBIN30Jan20325PE.NFO,07/01/2020,09:30:00,10.1,10.1,9000,10.2,6000,3000,924000
SBIN30Jan20325PE.NFO,07/01/2020,09:30:05,10.1,10.1,12000,10.2,18000,0,924000
SBIN30Jan20325PE.NFO,07/01/2020,09:30:12,10.1,10.1,6000,10.2,21000,0,924000
SBIN30Jan20325PE.NFO,07/01/2020,09:30:17,10.1,10.1,9000,10.2,21000,0,924000
SBIN30Jan20325PE.NFO,07/01/2020,09:30:23,10.1,10.1,9000,10.15,3000,0,924000
SBIN30Jan20325PE.NFO,07/01/2020,09:30:29,10.1,10.1,6000,10.15,3000,3000,924000
SBIN30Jan20325PE.NFO,07/01/2020,09:30:34,10.15,10.1,6000,10.15,3000,3000,924000
SBIN30Jan20325PE.NFO,07/01/2020,09:30:39,10.15,10.1,9000,10.2,27000,0,924000
SBIN30Jan20325PE.NFO,07/01/2020,09:30:44,10.15,10.05,3000,10.15,21000,9000,924000
SBIN30Jan20325PE.NFO,07/01/2020,09:30:50,10.15,10.05,9000,10.15,27000,0,924000
SBIN30Jan20325PE.NFO,07/01/2020,09:30:55,10.15,10.05,3000,10.1,6000,0,924000
SBIN30Jan20325PE.NFO,07/01/2020,09:31:00,10.05,10,18000,10.1,3000,3000,924000
SBIN30Jan20325PE.NFO,07/01/2020,09:31:05,10.05,10,3000,10.05,3000,6000,924000
SBIN30Jan20325PE.NFO,07/01/2020,09:31:11,10,9.95,3000,10.05,24000,3000,924000
SBIN30Jan20325PE.NFO,07/01/2020,09:31:17,10,9.85,21000,10,12000,0,924000
SBIN30Jan20325PE.NFO,07/01/2020,09:31:23,10,9.85,15000,10,33000,0,924000
SBIN30Jan20325PE.NFO,07/01/2020,09:31:29,10,9.85,15000,10,27000,3000,924000
SBIN30Jan20325PE.NFO,07/01/2020,09:31:35,10,9.9,15000,10,3000,6000,924000
SBIN30Jan20325PE.NFO,07/01/2020,09:31:40,10,9.85,24000,9.95,3000,0,924000
SBIN30Jan20325PE.NFO,07/01/2020,09:31:51,10,9.85,9000,9.95,3000,0,924000
SBIN30Jan20325PE.NFO,07/01/2020,09:31:57,10,9.8,27000,9.95,24000,0,924000
SBIN30Jan20325PE.NFO,07/01/2020,09:32:03,10,9.85,6000,9.95,12000,0,924000
SBIN30Jan20325PE.NFO,07/01/2020,09:32:10,10,9.9,18000,10.05,30000,0,924000
SBIN30Jan20325PE.NFO,07/01/2020,09:32:17,10,9.9,9000,10,12000,0,924000
SBIN30Jan20325PE.NFO,07/01/2020,09:32:24,10,9.8,12000,9.9,6000,0,924000
SBIN30Jan20325PE.NFO,07/01/2020,09:32:30,10,9.8,9000,9.9,3000,0,924000
SBIN30Jan20325PE.NFO,07/01/2020,09:32:36,9.8,9.75,6000,9.85,3000,3000,924000
SBIN30Jan20325PE.NFO,07/01/2020,09:32:43,9.8,9.75,6000,9.8,3000,0,924000
SBIN30Jan20325PE.NFO,07/01/2020,09:32:49,9.8,9.8,9000,9.9,6000,3000,924000
SBIN30Jan20325PE.NFO,07/01/2020,09:33:00,9.8,9.8,12000,9.9,3000,6000,924000
SBIN30Jan20325PE.NFO,07/01/2020,09:33:07,9.8,9.8,15000,9.9,3000,0,924000
SBIN30Jan20325PE.NFO,07/01/2020,09:33:13,9.8,9.8,3000,9.9,18000,0,924000
SBIN30Jan20325PE.NFO,07/01/2020,09:33:19,9.8,9.8,6000,9.9,27000,0,924000
SBIN30Jan20325PE.NFO,07/01/2020,09:33:25,9.8,9.8,9000,9.9,3000,0,924000
SBIN30Jan20325PE.NFO,07/01/2020,09:33:32,9.8,9.8,9000,9.9,12000,0,924000
SBIN30Jan20325PE.NFO,07/01/2020,09:33:37,9.8,9.8,6000,9.85,3000,0,924000
SBIN30Jan20325PE.NFO,07/01/2020,09:33:43,9.8,9.75,9000,9.85,9000,0,924000
SBIN30Jan20325PE.NFO,07/01/2020,09:33:48,9.8,9.75,9000,9.85,18000,0,924000
SBIN30Jan20325PE.NFO,07/01/2020,09:33:53,9.8,9.7,3000,9.75,6000,0,924000
SBIN30Jan20325PE.NFO,07/01/2020,09:33:59,9.8,9.7,3000,9.8,27000,0,924000
SBIN30Jan20325PE.NFO,07/01/2020,09:34:04,9.8,9.7,3000,9.75,9000,0,924000
SBIN30Jan20325PE.NFO,07/01/2020,09:34:15,9.8,9.7,3000,9.75,6000,0,924000
SBIN30Jan20325PE.NFO,07/01/2020,09:34:21,9.8,9.7,12000,9.8,12000,0,924000
SBIN30Jan20325PE.NFO,07/01/2020,09:34:33,9.75,9.7,12000,9.8,18000,3000,924000
SBIN30Jan20325PE.NFO,07/01/2020,09:34:40,9.75,9.7,12000,9.8,12000,0,924000
SBIN30Jan20325PE.NFO,07/01/2020,09:34:46,9.75,9.7,12000,9.8,9000,0,924000
SBIN30Jan20325PE.NFO,07/01/2020,09:34:52,9.75,9.7,15000,9.8,3000,0,924000
SBIN30Jan20325PE.NFO,07/01/2020,09:34:57,9.8,9.7,12000,9.85,36000,3000,924000
SBIN30Jan20325PE.NFO,07/01/2020,09:35:02,9.8,9.7,12000,9.85,30000,0,924000
SBIN30Jan20325PE.NFO,07/01/2020,09:35:08,9.8,9.75,6000,9.85,30000,0,924000
SBIN30Jan20325PE.NFO,07/01/2020,09:35:13,9.8,9.75,9000,9.85,18000,0,924000
SBIN30Jan20325PE.NFO,07/01/2020,09:35:19,9.8,9.75,12000,9.85,6000,0,924000
SBIN30Jan20325PE.NFO,07/01/2020,09:35:24,9.85,9.8,18000,10,24000,9000,921000
SBIN30Jan20325PE.NFO,07/01/2020,09:35:30,9.9,9.85,21000,10,15000,3000,921000
SBIN30Jan20325PE.NFO,07/01/2020,09:35:36,9.9,9.9,12000,10.05,24000,0,921000
SBIN30Jan20325PE.NFO,07/01/2020,09:35:43,9.9,10,3000,10.15,18000,0,921000
SBIN30Jan20325PE.NFO,07/01/2020,09:35:51,9.9,10,15000,10.15,18000,0,921000
SBIN30Jan20325PE.NFO,07/01/2020,09:35:59,9.9,10.05,6000,10.15,15000,0,921000
SBIN30Jan20325PE.NFO,07/01/2020,09:36:06,9.9,10.05,6000,10.15,9000,0,921000
SBIN30Jan20325PE.NFO,07/01/2020,09:36:12,10.05,9.9,9000,10,6000,6000,921000
SBIN30Jan20325PE.NFO,07/01/2020,09:36:18,9.9,9.9,9000,10,6000,6000,921000
SBIN30Jan20325PE.NFO,07/01/2020,09:36:24,9.9,9.95,15000,10.1,9000,0,921000
SBIN30Jan20325PE.NFO,07/01/2020,09:36:30,9.9,9.9,18000,10.05,12000,0,921000
SBIN30Jan20325PE.NFO,07/01/2020,09:36:35,9.9,9.9,9000,10,6000,0,921000
SBIN30Jan20325PE.NFO,07/01/2020,09:36:40,9.9,9.9,3000,10,24000,0,921000
SBIN30Jan20325PE.NFO,07/01/2020,09:36:46,9.9,9.9,3000,10,21000,0,921000
SBIN30Jan20325PE.NFO,07/01/2020,09:36:51,9.9,9.85,3000,9.95,12000,3000,921000
SBIN30Jan20325PE.NFO,07/01/2020,09:36:57,9.95,9.85,9000,9.95,9000,3000,921000
SBIN30Jan20325PE.NFO,07/01/2020,09:37:08,9.95,9.85,21000,10,27000,0,921000
SBIN30Jan20325PE.NFO,07/01/2020,09:37:13,9.95,9.85,24000,9.95,3000,0,921000
SBIN30Jan20325PE.NFO,07/01/2020,09:37:19,9.95,9.85,15000,9.95,6000,0,921000
SBIN30Jan20325PE.NFO,07/01/2020,09:37:23,9.95,9.9,9000,9.95,3000,3000,921000
SBIN30Jan20325PE.NFO,07/01/2020,09:37:28,9.95,9.9,12000,10,12000,3000,921000
SBIN30Jan20325PE.NFO,07/01/2020,09:37:33,9.95,9.9,9000,10,12000,0,921000
SBIN30Jan20325PE.NFO,07/01/2020,09:37:38,9.95,9.9,6000,10,12000,0,921000
SBIN30Jan20325PE.NFO,07/01/2020,09:37:44,9.95,9.9,9000,10,12000,0,921000
SBIN30Jan20325PE.NFO,07/01/2020,09:37:53,9.95,9.95,3000,10,12000,0,921000
SBIN30Jan20325PE.NFO,07/01/2020,09:37:58,9.95,9.95,9000,10,12000,0,921000
SBIN30Jan20325PE.NFO,07/01/2020,09:38:08,10,9.95,3000,10,27000,3000,921000
SBIN30Jan20325PE.NFO,07/01/2020,09:38:14,9.95,9.85,12000,9.95,15000,3000,921000
SBIN30Jan20325PE.NFO,07/01/2020,09:38:19,9.95,9.85,18000,9.95,15000,0,921000
SBIN30Jan20325PE.NFO,07/01/2020,09:38:24,9.95,9.85,21000,9.95,9000,0,921000
SBIN30Jan20325PE.NFO,07/01/2020,09:38:28,9.95,9.85,18000,9.95,9000,0,921000
SBIN30Jan20325PE.NFO,07/01/2020,09:38:33,9.95,9.85,27000,10,36000,0,921000
SBIN30Jan20325PE.NFO,07/01/2020,09:38:37,9.95,9.85,24000,10,30000,15000,927000
SBIN30Jan20325PE.NFO,07/01/2020,09:38:42,9.95,9.9,12000,10,30000,0,927000
SBIN30Jan20325PE.NFO,07/01/2020,09:38:47,10,9.9,21000,10.05,15000,15000,927000
SBIN30Jan20325PE.NFO,07/01/2020,09:38:52,10,9.95,12000,10.05,6000,0,927000
SBIN30Jan20325PE.NFO,07/01/2020,09:39:02,10,9.95,9000,10.05,3000,0,927000
SBIN30Jan20325PE.NFO,07/01/2020,09:39:08,10,9.95,18000,10.05,3000,0,927000
SBIN30Jan20325PE.NFO,07/01/2020,09:39:13,10,9.95,15000,10.05,3000,0,927000
SBIN30Jan20325PE.NFO,07/01/2020,09:39:18,10,9.95,6000,10.05,15000,0,927000
SBIN30Jan20325PE.NFO,07/01/2020,09:39:23,10,9.9,3000,10,15000,0,927000
SBIN30Jan20325PE.NFO,07/01/2020,09:39:28,10,9.9,3000,9.95,9000,0,927000
SBIN30Jan20325PE.NFO,07/01/2020,09:39:33,9.8,9.75,3000,9.85,9000,15000,927000
SBIN30Jan20325PE.NFO,07/01/2020,09:39:39,9.8,9.75,21000,9.85,9000,0,927000
SBIN30Jan20325PE.NFO,07/01/2020,09:39:44,9.8,9.8,18000,9.9,3000,0,927000
SBIN30Jan20325PE.NFO,07/01/2020,09:39:50,9.8,9.85,15000,9.95,9000,0,927000
SBIN30Jan20325PE.NFO,07/01/2020,09:39:55,9.8,9.85,18000,9.95,3000,0,927000
SBIN30Jan20325PE.NFO,07/01/2020,09:40:05,9.8,9.8,6000,9.9,12000,0,927000
SBIN30Jan20325PE.NFO,07/01/2020,09:40:12,9.8,9.8,12000,9.85,3000,0,927000
SBIN30Jan20325PE.NFO,07/01/2020,09:40:18,9.8,9.75,24000,9.85,3000,6000,927000
SBIN30Jan20325PE.NFO,07/01/2020,09:40:24,9.8,9.75,15000,9.85,6000,3000,927000
SBIN30Jan20325PE.NFO,07/01/2020,09:40:35,9.8,9.75,15000,9.85,6000,0,927000
SBIN30Jan20325PE.NFO,07/01/2020,09:40:41,9.8,9.7,27000,9.8,6000,3000,927000
SBIN30Jan20325PE.NFO,07/01/2020,09:40:46,9.8,9.75,3000,9.85,27000,0,927000
SBIN30Jan20325PE.NFO,07/01/2020,09:40:51,9.8,9.7,18000,9.8,6000,0,927000
SBIN30Jan20325PE.NFO,07/01/2020,09:40:57,9.8,9.8,24000,9.95,21000,6000,927000
SBIN30Jan20325PE.NFO,07/01/2020,09:41:02,9.8,9.8,24000,9.95,18000,0,927000
SBIN30Jan20325PE.NFO,07/01/2020,09:41:14,9.8,9.85,6000,9.95,6000,0,927000
SBIN30Jan20325PE.NFO,07/01/2020,09:41:18,9.8,9.8,18000,9.9,3000,0,927000
SBIN30Jan20325PE.NFO,07/01/2020,09:41:24,9.8,9.8,15000,9.9,9000,0,927000
SBIN30Jan20325PE.NFO,07/01/2020,09:41:29,9.8,9.8,24000,9.9,3000,0,927000
SBIN30Jan20325PE.NFO,07/01/2020,09:41:34,9.8,9.8,15000,9.9,3000,0,927000
SBIN30Jan20325PE.NFO,07/01/2020,09:41:39,9.8,9.8,12000,9.9,9000,0,927000
SBIN30Jan20325PE.NFO,07/01/2020,09:41:49,9.8,9.75,24000,9.85,3000,0,927000
SBIN30Jan20325PE.NFO,07/01/2020,09:41:56,9.8,9.8,12000,9.95,21000,3000,924000
SBIN30Jan20325PE.NFO,07/01/2020,09:42:03,9.8,9.85,21000,10,21000,0,924000
SBIN30Jan20325PE.NFO,07/01/2020,09:42:11,9.8,9.85,27000,10,21000,0,924000
SBIN30Jan20325PE.NFO,07/01/2020,09:42:18,9.8,9.85,18000,9.95,6000,0,924000
SBIN30Jan20325PE.NFO,07/01/2020,09:42:24,9.8,9.85,9000,9.95,12000,0,924000
SBIN30Jan20325PE.NFO,07/01/2020,09:42:30,9.8,9.8,15000,9.9,6000,0,924000
SBIN30Jan20325PE.NFO,07/01/2020,09:42:38,9.8,9.8,18000,9.9,6000,0,924000
SBIN30Jan20325PE.NFO,07/01/2020,09:42:51,9.8,9.8,24000,9.9,3000,0,924000
SBIN30Jan20325PE.NFO,07/01/2020,09:42:58,9.8,9.85,12000,9.95,15000,0,924000
SBIN30Jan20325PE.NFO,07/01/2020,09:43:04,9.8,9.95,6000,10.05,24000,0,924000
SBIN30Jan20325PE.NFO,07/01/2020,09:43:09,9.8,9.9,24000,10.05,27000,0,924000
SBIN30Jan20325PE.NFO,07/01/2020,09:43:14,10.05,9.95,9000,10.05,21000,6000,924000
SBIN30Jan20325PE.NFO,07/01/2020,09:43:19,10.05,9.95,3000,10.05,21000,0,924000
SBIN30Jan20325PE.NFO,07/01/2020,09:43:24,10.05,9.9,3000,10,27000,0,924000
SBIN30Jan20325PE.NFO,07/01/2020,09:43:30,10.05,9.9,3000,10,30000,0,924000
SBIN30Jan20325PE.NFO,07/01/2020,09:43:34,10.05,9.85,18000,10,27000,0,924000
SBIN30Jan20325PE.NFO,07/01/2020,09:43:40,10.05,9.85,18000,10,33000,0,924000
SBIN30Jan20325PE.NFO,07/01/2020,09:43:45,10.05,9.85,12000,9.95,18000,0,924000
SBIN30Jan20325PE.NFO,07/01/2020,09:43:50,10.05,9.8,21000,9.9,6000,0,924000
SBIN30Jan20325PE.NFO,07/01/2020,09:43:55,9.8,9.75,18000,9.9,18000,6000,924000
SBIN30Jan20325PE.NFO,07/01/2020,09:44:01,9.8,9.8,3000,9.9,15000,0,924000
SBIN30Jan20325PE.NFO,07/01/2020,09:44:07,9.8,9.75,15000,9.85,3000,0,924000
SBIN30Jan20325PE.NFO,07/01/2020,09:44:13,9.8,9.75,18000,9.85,3000,0,924000
SBIN30Jan20325PE.NFO,07/01/2020,09:44:24,9.75,9.7,18000,9.8,15000,3000,924000
SBIN30Jan20325PE.NFO,07/01/2020,09:44:34,9.75,9.7,3000,9.75,3000,0,924000
SBIN30Jan20325PE.NFO,07/01/2020,09:44:38,9.75,9.7,3000,9.75,9000,0,924000
SBIN30Jan20325PE.NFO,07/01/2020,09:44:44,9.75,9.7,15000,9.8,12000,3000,924000
SBIN30Jan20325PE.NFO,07/01/2020,09:44:49,9.75,9.7,18000,9.8,18000,0,924000
SBIN30Jan20325PE.NFO,07/01/2020,09:45:04,9.75,9.7,3000,9.8,30000,0,924000
SBIN30Jan20325PE.NFO,07/01/2020,09:45:11,9.65,9.55,9000,9.65,6000,9000,924000
SBIN30Jan20325PE.NFO,07/01/2020,09:45:19,9.5,9.4,12000,9.55,36000,33000,924000
SBIN30Jan20325PE.NFO,07/01/2020,09:45:25,9.45,9.35,21000,9.5,9000,9000,924000
SBIN30Jan20325PE.NFO,07/01/2020,09:45:32,9.45,9.4,3000,9.5,27000,6000,924000
SBIN30Jan20325PE.NFO,07/01/2020,09:45:37,9.4,9.35,21000,9.5,27000,12000,924000
SBIN30Jan20325PE.NFO,07/01/2020,09:45:42,9.4,9.4,15000,9.55,33000,0,924000
SBIN30Jan20325PE.NFO,07/01/2020,09:45:48,9.25,9.15,24000,9.25,6000,45000,924000
SBIN30Jan20325PE.NFO,07/01/2020,09:45:53,9.3,9.3,18000,9.45,12000,27000,924000
SBIN30Jan20325PE.NFO,07/01/2020,09:45:59,9.35,9.25,18000,9.4,36000,15000,924000
SBIN30Jan20325PE.NFO,07/01/2020,09:46:04,9.35,9.3,15000,9.4,15000,0,924000
SBIN30Jan20325PE.NFO,07/01/2020,09:46:10,9.35,9.3,21000,9.45,39000,0,924000
SBIN30Jan20325PE.NFO,07/01/2020,09:46:11,9.35,9.3,21000,9.4,6000,0,924000
SBIN30Jan20325PE.NFO,07/01/2020,09:46:13,9.35,9.35,3000,9.4,6000,0,924000
SBIN30Jan20325PE.NFO,07/01/2020,09:46:15,9.35,9.35,3000,9.4,9000,0,924000
SBIN30Jan20325PE.NFO,07/01/2020,09:46:18,9.35,9.35,6000,9.45,42000,0,924000
SBIN30Jan20325PE.NFO,07/01/2020,09:46:19,9.35,9.35,12000,9.45,27000,0,924000
SBIN30Jan20325PE.NFO,07/01/2020,09:46:20,9.35,9.35,21000,9.45,21000,0,924000
SBIN30Jan20325PE.NFO,07/01/2020,09:46:21,9.35,9.35,27000,9.45,12000,0,924000
SBIN30Jan20325PE.NFO,07/01/2020,09:46:22,9.35,9.35,24000,9.45,24000,0,924000
SBIN30Jan20325PE.NFO,07/01/2020,09:46:23,9.35,9.35,24000,9.45,18000,0,924000
SBIN30Jan20325PE.NFO,07/01/2020,09:46:24,9.35,9.3,3000,9.4,21000,9000,924000
SBIN30Jan20325PE.NFO,07/01/2020,09:46:25,9.35,9.3,3000,9.4,36000,0,924000
SBIN30Jan20325PE.NFO,07/01/2020,09:46:27,9.35,9.3,3000,9.4,33000,0,924000
SBIN30Jan20325PE.NFO,07/01/2020,09:46:28,9.35,9.3,6000,9.4,33000,0,924000
SBIN30Jan20325PE.NFO,07/01/2020,09:46:29,9.35,9.3,15000,9.4,15000,0,924000
SBIN30Jan20325PE.NFO,07/01/2020,09:46:30,9.35,9.3,15000,9.4,12000,0,924000
SBIN30Jan20325PE.NFO,07/01/2020,09:46:31,9.35,9.3,15000,9.4,18000,0,924000
SBIN30Jan20325PE.NFO,07/01/2020,09:46:33,9.35,9.3,24000,9.4,12000,0,924000
SBIN30Jan20325PE.NFO,07/01/2020,09:46:34,9.35,9.35,9000,9.45,18000,0,924000
SBIN30Jan20325PE.NFO,07/01/2020,09:46:35,9.35,9.35,12000,9.45,18000,0,924000
SBIN30Jan20325PE.NFO,07/01/2020,09:46:35,9.35,9.35,15000,9.45,18000,0,924000
SBIN30Jan20325PE.NFO,07/01/2020,09:46:36,9.35,9.35,6000,9.45,24000,0,924000
SBIN30Jan20325PE.NFO,07/01/2020,09:46:39,9.35,9.35,6000,9.45,30000,0,924000
SBIN30Jan20325PE.NFO,07/01/2020,09:46:40,9.35,9.35,9000,9.45,15000,0,924000
SBIN30Jan20325PE.NFO,07/01/2020,09:46:42,9.35,9.35,9000,9.45,21000,0,924000
SBIN30Jan20325PE.NFO,07/01/2020,09:46:45,9.35,9.35,6000,9.45,18000,0,924000
SBIN30Jan20325PE.NFO,07/01/2020,09:46:46,9.35,9.35,6000,9.45,24000,0,924000
SBIN30Jan20325PE.NFO,07/01/2020,09:46:50,9.35,9.35,12000,9.45,15000,0,924000
SBIN30Jan20325PE.NFO,07/01/2020,09:46:51,9.35,9.35,18000,9.45,12000,0,924000
SBIN30Jan20325PE.NFO,07/01/2020,09:46:54,9.35,9.35,12000,9.45,21000,0,924000
SBIN30Jan20325PE.NFO,07/01/2020,09:46:55,9.35,9.35,12000,9.45,12000,0,924000
SBIN30Jan20325PE.NFO,07/01/2020,09:46:56,9.35,9.35,15000,9.45,15000,0,924000
SBIN30Jan20325PE.NFO,07/01/2020,09:46:58,9.35,9.35,15000,9.45,12000,0,924000
SBIN30Jan20325PE.NFO,07/01/2020,09:46:59,9.35,9.35,21000,9.45,9000,0,924000
SBIN30Jan20325PE.NFO,07/01/2020,09:47:01,9.35,9.35,21000,9.45,6000,0,924000
SBIN30Jan20325PE.NFO,07/01/2020,09:47:02,9.35,9.4,15000,9.5,21000,0,924000
SBIN30Jan20325PE.NFO,07/01/2020,09:47:05,9.35,9.4,18000,9.5,15000,0,924000
SBIN30Jan20325PE.NFO,07/01/2020,09:47:06,9.35,9.4,18000,9.5,6000,0,924000
SBIN30Jan20325PE.NFO,07/01/2020,09:47:07,9.35,9.4,18000,9.55,30000,0,924000
SBIN30Jan20325PE.NFO,07/01/2020,09:47:08,9.35,9.4,18000,9.5,6000,0,924000
SBIN30Jan20325PE.NFO,07/01/2020,09:47:09,9.35,9.4,18000,9.5,12000,0,924000
SBIN30Jan20325PE.NFO,07/01/2020,09:47:14,9.35,9.4,21000,9.5,6000,0,924000
SBIN30Jan20325PE.NFO,07/01/2020,09:47:18,9.35,9.35,24000,9.45,12000,0,924000
SBIN30Jan20325PE.NFO,07/01/2020,09:47:23,9.45,9.35,24000,9.45,9000,3000,951000
SBIN30Jan20325PE.NFO,07/01/2020,09:47:28,9.45,9.4,6000,9.45,6000,0,951000
SBIN30Jan20325PE.NFO,07/01/2020,09:47:33,9.45,9.4,24000,9.5,18000,0,951000
SBIN30Jan20325PE.NFO,07/01/2020,09:47:41,9.45,9.4,24000,9.5,15000,0,951000
SBIN30Jan20325PE.NFO,07/01/2020,09:47:46,9.45,9.4,18000,9.5,15000,0,951000
SBIN30Jan20325PE.NFO,07/01/2020,09:47:50,9.45,9.4,21000,9.5,9000,0,951000
SBIN30Jan20325PE.NFO,07/01/2020,09:47:55,9.45,9.4,24000,9.45,3000,0,951000
SBIN30Jan20325PE.NFO,07/01/2020,09:48:00,9.45,9.4,15000,9.45,3000,0,951000
SBIN30Jan20325PE.NFO,07/01/2020,09:48:05,9.4,9.4,18000,9.5,6000,3000,951000
SBIN30Jan20325PE.NFO,07/01/2020,09:48:09,9.4,9.4,18000,9.45,3000,0,951000
SBIN30Jan20325PE.NFO,07/01/2020,09:48:14,9.4,9.4,21000,9.5,9000,0,951000
SBIN30Jan20325PE.NFO,07/01/2020,09:48:19,9.5,9.5,3000,9.55,12000,6000,951000
SBIN30Jan20325PE.NFO,07/01/2020,09:48:24,9.5,9.5,3000,9.55,9000,3000,951000
SBIN30Jan20325PE.NFO,07/01/2020,09:48:35,9.5,9.5,9000,9.55,9000,0,951000
SBIN30Jan20325PE.NFO,07/01/2020,09:48:41,9.5,9.5,24000,9.6,15000,3000,951000
SBIN30Jan20325PE.NFO,07/01/2020,09:48:48,9.5,9.5,24000,9.6,3000,0,951000
SBIN30Jan20325PE.NFO,07/01/2020,09:48:54,9.5,9.5,27000,9.6,3000,0,951000
SBIN30Jan20325PE.NFO,07/01/2020,09:49:00,9.5,9.55,6000,9.65,18000,0,951000
SBIN30Jan20325PE.NFO,07/01/2020,09:49:06,9.5,9.55,12000,9.6,3000,0,951000
SBIN30Jan20325PE.NFO,07/01/2020,09:49:12,9.5,9.5,30000,9.6,3000,0,951000
SBIN30Jan20325PE.NFO,07/01/2020,09:49:17,9.5,9.55,6000,9.6,3000,0,951000
SBIN30Jan20325PE.NFO,07/01/2020,09:49:22,9.6,9.55,24000,9.65,6000,3000,951000
SBIN30Jan20325PE.NFO,07/01/2020,09:49:29,9.65,9.65,3000,9.7,3000,6000,951000
SBIN30Jan20325PE.NFO,07/01/2020,09:49:35,9.65,9.65,15000,9.7,3000,0,951000
SBIN30Jan20325PE.NFO,07/01/2020,09:49:40,9.65,9.65,18000,9.7,3000,0,951000
SBIN30Jan20325PE.NFO,07/01/2020,09:49:45,9.65,9.6,18000,9.7,6000,12000,951000
SBIN30Jan20325PE.NFO,07/01/2020,09:49:50,9.65,9.6,21000,9.7,3000,0,951000
SBIN30Jan20325PE.NFO,07/01/2020,09:50:00,9.65,9.65,12000,9.7,3000,0,951000
SBIN30Jan20325PE.NFO,07/01/2020,09:50:05,9.65,9.65,24000,9.7,3000,0,951000
SBIN30Jan20325PE.NFO,07/01/2020,09:50:10,9.7,9.65,27000,9.75,3000,3000,951000
SBIN30Jan20325PE.NFO,07/01/2020,09:50:15,9.7,9.65,33000,9.8,18000,0,951000
SBIN30Jan20325PE.NFO,07/01/2020,09:50:21,9.7,9.7,6000,9.8,12000,0,951000
SBIN30Jan20325PE.NFO,07/01/2020,09:50:26,9.8,9.7,24000,9.85,21000,6000,933000
SBIN30Jan20325PE.NFO,07/01/2020,09:50:30,9.8,9.75,3000,9.85,18000,0,933000
SBIN30Jan20325PE.NFO,07/01/2020,09:50:38,9.8,9.8,9000,9.95,21000,0,933000
SBIN30Jan20325PE.NFO,07/01/2020,09:50:43,9.8,9.8,18000,9.9,6000,0,933000
SBIN30Jan20325PE.NFO,07/01/2020,09:50:48,9.8,9.8,24000,9.9,6000,0,933000
SBIN30Jan20325PE.NFO,07/01/2020,09:50:53,9.8,9.8,30000,9.9,6000,0,933000
SBIN30Jan20325PE.NFO,07/01/2020,09:51:02,9.8,9.8,36000,9.9,6000,0,933000
SBIN30Jan20325PE.NFO,07/01/2020,09:51:08,9.8,9.85,15000,9.95,9000,0,933000
SBIN30Jan20325PE.NFO,07/01/2020,09:51:13,9.8,9.85,18000,9.95,9000,0,933000
SBIN30Jan20325PE.NFO,07/01/2020,09:51:22,9.8,9.85,21000,10,21000,0,933000
SBIN30Jan20325PE.NFO,07/01/2020,09:51:26,9.8,9.9,6000,10,18000,0,933000
SBIN30Jan20325PE.NFO,07/01/2020,09:51:30,9.8,9.85,21000,9.95,9000,0,933000
SBIN30Jan20325PE.NFO,07/01/2020,09:51:34,9.8,9.9,6000,10,18000,0,933000
SBIN30Jan20325PE.NFO,07/01/2020,09:51:39,9.95,9.9,6000,10,18000,3000,933000
SBIN30Jan20325PE.NFO,07/01/2020,09:51:43,9.95,9.9,6000,10,18000,0,933000
SBIN30Jan20325PE.NFO,07/01/2020,09:51:48,9.95,9.85,18000,9.95,6000,0,933000
SBIN30Jan20325PE.NFO,07/01/2020,09:51:53,9.95,9.9,12000,10,18000,3000,933000
SBIN30Jan20325PE.NFO,07/01/2020,09:51:58,9.9,9.85,18000,9.95,9000,3000,933000
SBIN30Jan20325PE.NFO,07/01/2020,09:52:03,9.9,9.9,9000,10,15000,0,933000
SBIN30Jan20325PE.NFO,07/01/2020,09:52:08,9.9,9.9,15000,10,15000,0,933000
SBIN30Jan20325PE.NFO,07/01/2020,09:52:13,9.9,9.95,3000,10,12000,0,933000
SBIN30Jan20325PE.NFO,07/01/2020,09:52:18,10,10,6000,10.1,18000,18000,933000
SBIN30Jan20325PE.NFO,07/01/2020,09:52:23,10,10,21000,10.1,12000,0,933000
SBIN30Jan20325PE.NFO,07/01/2020,09:52:29,10.1,10.05,18000,10.2,18000,12000,933000
SBIN30Jan20325PE.NFO,07/01/2020,09:52:34,10.1,10.05,21000,10.2,15000,0,933000
SBIN30Jan20325PE.NFO,07/01/2020,09:52:43,10.1,10.05,12000,10.15,6000,0,933000
SBIN30Jan20325PE.NFO,07/01/2020,09:52:47,10.1,10.1,3000,10.2,21000,3000,933000
SBIN30Jan20325PE.NFO,07/01/2020,09:52:52,10.1,10.1,6000,10.2,18000,0,933000
SBIN30Jan20325PE.NFO,07/01/2020,09:52:57,10.1,10.1,6000,10.2,18000,3000,933000
SBIN30Jan20325PE.NFO,07/01/2020,09:53:01,10.1,10.1,15000,10.2,18000,0,933000
SBIN30Jan20325PE.NFO,07/01/2020,09:53:08,10.2,10.2,27000,10.35,27000,9000,933000
SBIN30Jan20325PE.NFO,07/01/2020,09:53:14,10.2,10.2,15000,10.35,33000,0,933000
SBIN30Jan20325PE.NFO,07/01/2020,09:53:20,10.2,10.2,21000,10.35,12000,0,933000
SBIN30Jan20325PE.NFO,07/01/2020,09:53:25,10.2,10.2,18000,10.3,6000,0,933000
SBIN30Jan20325PE.NFO,07/01/2020,09:53:34,10.2,10.25,3000,10.3,9000,0,933000
SBIN30Jan20325PE.NFO,07/01/2020,09:53:39,10.25,10.2,9000,10.3,6000,3000,915000
SBIN30Jan20325PE.NFO,07/01/2020,09:53:44,10.2,10.15,3000,10.25,12000,6000,915000
SBIN30Jan20325PE.NFO,07/01/2020,09:53:49,10.2,10.15,9000,10.25,15000,0,915000
SBIN30Jan20325PE.NFO,07/01/2020,09:53:55,10.25,10.2,9000,10.3,21000,3000,915000
SBIN30Jan20325PE.NFO,07/01/2020,09:54:00,10.25,10.2,3000,10.3,18000,0,915000
SBIN30Jan20325PE.NFO,07/01/2020,09:54:05,10.25,10.2,15000,10.3,9000,0,915000
SBIN30Jan20325PE.NFO,07/01/2020,09:54:10,10.25,10.15,24000,10.3,27000,0,915000
SBIN30Jan20325PE.NFO,07/01/2020,09:54:15,10.25,10.15,18000,10.25,12000,3000,915000
SBIN30Jan20325PE.NFO,07/01/2020,09:54:20,10.25,10.15,24000,10.25,6000,0,915000
SBIN30Jan20325PE.NFO,07/01/2020,09:54:26,10.25,10.15,18000,10.25,6000,0,915000
SBIN30Jan20325PE.NFO,07/01/2020,09:54:36,10.25,10.2,3000,10.3,18000,0,915000
SBIN30Jan20325PE.NFO,07/01/2020,09:54:41,10.25,10.15,15000,10.25,6000,0,915000
SBIN30Jan20325PE.NFO,07/01/2020,09:54:50,10.25,10.15,15000,10.25,9000,0,915000
SBIN30Jan20325PE.NFO,07/01/2020,09:54:55,10.25,10.15,24000,10.25,6000,0,915000
SBIN30Jan20325PE.NFO,07/01/2020,09:55:01,10.25,10.15,21000,10.25,6000,0,915000
SBIN30Jan20325PE.NFO,07/01/2020,09:55:07,10.25,10.1,9000,10.2,12000,0,915000
SBIN30Jan20325PE.NFO,07/01/2020,09:55:13,10.2,10.15,18000,10.3,21000,9000,915000
SBIN30Jan20325PE.NFO,07/01/2020,09:55:18,10.2,10.15,18000,10.25,6000,0,915000
SBIN30Jan20325PE.NFO,07/01/2020,09:55:24,10.2,10.15,18000,10.25,6000,3000,915000
SBIN30Jan20325PE.NFO,07/01/2020,09:55:29,10.2,10.15,9000,10.25,6000,0,915000
SBIN30Jan20325PE.NFO,07/01/2020,09:55:35,10.2,10.15,6000,10.25,12000,0,915000
SBIN30Jan20325PE.NFO,07/01/2020,09:55:40,10.2,10.2,3000,10.25,12000,0,915000
SBIN30Jan20325PE.NFO,07/01/2020,09:55:44,10.2,10.15,6000,10.25,12000,3000,915000
SBIN30Jan20325PE.NFO,07/01/2020,09:55:49,10.2,10.15,15000,10.25,12000,0,915000
SBIN30Jan20325PE.NFO,07/01/2020,09:55:57,10.15,10.15,9000,10.25,6000,6000,915000
SBIN30Jan20325PE.NFO,07/01/2020,09:56:02,10.3,10.3,21000,10.4,3000,9000,915000
SBIN30Jan20325PE.NFO,07/01/2020,09:56:07,10.45,10.6,9000,10.75,6000,18000,915000
SBIN30Jan20325PE.NFO,07/01/2020,09:56:14,10.6,10.55,6000,10.65,12000,21000,915000
SBIN30Jan20325PE.NFO,07/01/2020,09:56:21,10.5,10.45,6000,10.55,12000,9000,915000
SBIN30Jan20325PE.NFO,07/01/2020,09:56:27,10.5,10.45,24000,10.55,12000,3000,915000
SBIN30Jan20325PE.NFO,07/01/2020,09:56:33,10.5,10.45,24000,10.55,9000,0,915000
SBIN30Jan20325PE.NFO,07/01/2020,09:56:39,10.5,10.5,6000,10.6,12000,3000,915000
SBIN30Jan20325PE.NFO,07/01/2020,09:56:48,10.5,10.5,18000,10.6,9000,0,915000
SBIN30Jan20325PE.NFO,07/01/2020,09:56:52,10.5,10.5,12000,10.6,9000,0,915000
SBIN30Jan20325PE.NFO,07/01/2020,09:56:56,10.5,10.5,12000,10.6,9000,3000,915000
SBIN30Jan20325PE.NFO,07/01/2020,09:57:00,10.6,10.55,9000,10.6,3000,3000,915000
SBIN30Jan20325PE.NFO,07/01/2020,09:57:05,10.6,10.55,30000,10.7,18000,3000,915000
SBIN30Jan20325PE.NFO,07/01/2020,09:57:10,10.6,10.55,27000,10.7,18000,0,915000
SBIN30Jan20325PE.NFO,07/01/2020,09:57:15,10.6,10.6,12000,10.7,12000,0,915000
SBIN30Jan20325PE.NFO,07/01/2020,09:57:21,10.6,10.6,3000,10.7,18000,15000,915000
SBIN30Jan20325PE.NFO,07/01/2020,09:57:27,10.6,10.55,18000,10.65,9000,0,915000
SBIN30Jan20325PE.NFO,07/01/2020,09:57:32,10.6,10.5,6000,10.6,12000,0,915000
SBIN30Jan20325PE.NFO,07/01/2020,09:57:37,10.5,10.5,21000,10.6,3000,3000,915000
SBIN30Jan20325PE.NFO,07/01/2020,09:57:41,10.5,10.5,18000,10.6,3000,0,915000
SBIN30Jan20325PE.NFO,07/01/2020,09:57:45,10.5,10.55,15000,10.65,9000,0,915000
SBIN30Jan20325PE.NFO,07/01/2020,09:57:50,10.5,10.55,12000,10.65,6000,0,915000
SBIN30Jan20325PE.NFO,07/01/2020,09:57:54,10.5,10.55,12000,10.65,9000,0,915000
SBIN30Jan20325PE.NFO,07/01/2020,09:57:58,10.65,10.6,12000,10.7,15000,6000,915000
SBIN30Jan20325PE.NFO,07/01/2020,09:58:03,10.65,10.65,6000,10.7,3000,0,915000
SBIN30Jan20325PE.NFO,07/01/2020,09:58:09,10.65,10.6,12000,10.7,15000,0,915000
SBIN30Jan20325PE.NFO,07/01/2020,09:58:15,10.65,10.6,12000,10.7,18000,0,915000
SBIN30Jan20325PE.NFO,07/01/2020,09:58:25,10.6,10.55,12000,10.65,6000,3000,915000
SBIN30Jan20325PE.NFO,07/01/2020,09:58:34,10.6,10.55,15000,10.65,6000,3000,915000
SBIN30Jan20325PE.NFO,07/01/2020,09:58:38,10.6,10.55,18000,10.65,9000,0,915000
SBIN30Jan20325PE.NFO,07/01/2020,09:58:43,10.65,10.6,9000,10.7,12000,6000,915000
SBIN30Jan20325PE.NFO,07/01/2020,09:58:48,10.65,10.6,12000,10.7,3000,0,915000
SBIN30Jan20325PE.NFO,07/01/2020,09:58:54,10.65,10.65,3000,10.7,3000,0,915000
SBIN30Jan20325PE.NFO,07/01/2020,09:58:59,10.65,10.6,24000,10.7,3000,0,915000
SBIN30Jan20325PE.NFO,07/01/2020,09:59:06,10.7,10.7,15000,10.75,6000,6000,915000
SBIN30Jan20325PE.NFO,07/01/2020,09:59:12,10.7,10.7,24000,10.8,15000,0,915000
SBIN30Jan20325PE.NFO,07/01/2020,09:59:17,10.85,10.75,12000,10.85,6000,15000,915000
SBIN30Jan20325PE.NFO,07/01/2020,09:59:23,10.9,10.8,3000,10.85,3000,9000,924000
SBIN30Jan20325PE.NFO,07/01/2020,09:59:29,10.9,10.75,3000,10.85,18000,0,924000
SBIN30Jan20325PE.NFO,07/01/2020,09:59:34,10.9,10.75,21000,10.85,3000,0,924000
SBIN30Jan20325PE.NFO,07/01/2020,09:59:38,10.75,10.7,3000,10.8,21000,21000,924000
SBIN30Jan20325PE.NFO,07/01/2020,09:59:44,10.7,10.6,27000,10.75,9000,3000,924000
SBIN30Jan20325PE.NFO,07/01/2020,09:59:48,10.7,10.6,18000,10.7,6000,0,924000
SBIN30Jan20325PE.NFO,07/01/2020,09:59:52,10.7,10.65,9000,10.75,6000,0,924000
SBIN30Jan20325PE.NFO,07/01/2020,09:59:56,10.7,10.65,12000,10.75,6000,0,924000
SBIN30Jan20325PE.NFO,07/01/2020,10:00:00,10.7,10.65,21000,10.75,6000,0,924000
SBIN30Jan20325PE.NFO,07/01/2020,10:00:05,10.7,10.65,21000,10.75,9000,0,924000
SBIN30Jan20325PE.NFO,07/01/2020,10:00:09,10.7,10.65,15000,10.75,6000,0,924000
SBIN30Jan20325PE.NFO,07/01/2020,10:00:12,10.7,10.65,24000,10.75,3000,0,924000
SBIN30Jan20325PE.NFO,07/01/2020,10:00:16,10.7,10.65,18000,10.75,6000,0,924000
SBIN30Jan20325PE.NFO,07/01/2020,10:00:20,10.7,10.7,21000,10.8,3000,0,924000
SBIN30Jan20325PE.NFO,07/01/2020,10:00:26,10.7,10.7,18000,10.85,18000,0,924000
SBIN30Jan20325PE.NFO,07/01/2020,10:00:31,10.85,10.8,6000,10.85,3000,3000,924000
SBIN30Jan20325PE.NFO,07/01/2020,10:00:36,10.85,10.75,18000,10.9,21000,0,924000
SBIN30Jan20325PE.NFO,07/01/2020,10:00:40,11.05,11,3000,11.1,21000,60000,924000
SBIN30Jan20325PE.NFO,07/01/2020,10:00:47,11.05,11.05,9000,11.2,18000,24000,924000
SBIN30Jan20325PE.NFO,07/01/2020,10:00:54,11.05,11.15,6000,11.25,12000,0,924000
SBIN30Jan20325PE.NFO,07/01/2020,10:01:00,11.05,11.15,6000,11.25,9000,0,924000
SBIN30Jan20325PE.NFO,07/01/2020,10:01:06,11.1,11.05,12000,11.15,3000,6000,924000
SBIN30Jan20325PE.NFO,07/01/2020,10:01:12,11.05,11.15,9000,11.3,18000,3000,924000
SBIN30Jan20325PE.NFO,07/01/2020,10:01:19,11.1,11.05,9000,11.15,12000,12000,924000
SBIN30Jan20325PE.NFO,07/01/2020,10:01:26,11.1,11.1,15000,11.2,6000,0,924000
SBIN30Jan20325PE.NFO,07/01/2020,10:01:31,11.25,11.15,15000,11.3,18000,6000,924000
SBIN30Jan20325PE.NFO,07/01/2020,10:01:37,11.25,11.15,15000,11.25,6000,0,924000
SBIN30Jan20325PE.NFO,07/01/2020,10:01:48,11.25,11.1,3000,11.25,15000,3000,924000
SBIN30Jan20325PE.NFO,07/01/2020,10:01:54,11.25,11.05,15000,11.2,21000,0,924000
SBIN30Jan20325PE.NFO,07/01/2020,10:02:00,11.25,11.1,12000,11.15,3000,0,924000
SBIN30Jan20325PE.NFO,07/01/2020,10:02:05,11.1,11.05,9000,11.15,3000,3000,924000
SBIN30Jan20325PE.NFO,07/01/2020,10:02:11,11.1,11.05,15000,11.2,15000,0,924000
SBIN30Jan20325PE.NFO,07/01/2020,10:02:16,11.15,11.05,15000,11.2,21000,6000,924000
SBIN30Jan20325PE.NFO,07/01/2020,10:02:21,11.15,11.05,9000,11.2,18000,0,924000
SBIN30Jan20325PE.NFO,07/01/2020,10:02:26,11.05,11.05,18000,11.2,12000,18000,939000
SBIN30Jan20325PE.NFO,07/01/2020,10:02:31,11.05,11,15000,11.15,15000,0,939000
SBIN30Jan20325PE.NFO,07/01/2020,10:02:36,11,11,9000,11.1,6000,3000,939000
SBIN30Jan20325PE.NFO,07/01/2020,10:02:41,11,11,6000,11.05,6000,0,939000
SBIN30Jan20325PE.NFO,07/01/2020,10:02:46,11,10.95,27000,11.05,6000,0,939000
SBIN30Jan20325PE.NFO,07/01/2020,10:02:51,11,10.95,27000,11.05,15000,0,939000
SBIN30Jan20325PE.NFO,07/01/2020,10:02:57,11,10.95,21000,11.05,12000,6000,939000
SBIN30Jan20325PE.NFO,07/01/2020,10:03:02,10.85,10.8,15000,10.95,12000,36000,939000
SBIN30Jan20325PE.NFO,07/01/2020,10:03:08,10.85,10.85,3000,10.95,9000,0,939000
SBIN30Jan20325PE.NFO,07/01/2020,10:03:14,10.8,10.85,3000,10.95,12000,3000,939000
SBIN30Jan20325PE.NFO,07/01/2020,10:03:20,10.8,10.8,12000,10.9,12000,0,939000
SBIN30Jan20325PE.NFO,07/01/2020,10:03:25,10.8,10.85,3000,10.9,3000,0,939000
SBIN30Jan20325PE.NFO,07/01/2020,10:03:31,10.8,10.85,9000,10.95,15000,0,939000
SBIN30Jan20325PE.NFO,07/01/2020,10:03:41,10.8,10.9,3000,11,15000,0,939000
SBIN30Jan20325PE.NFO,07/01/2020,10:03:46,10.8,11,3000,11.05,3000,0,939000
SBIN30Jan20325PE.NFO,07/01/2020,10:03:52,11,11,3000,11.05,3000,3000,939000
SBIN30Jan20325PE.NFO,07/01/2020,10:03:58,11,10.95,6000,11.05,12000,0,939000
SBIN30Jan20325PE.NFO,07/01/2020,10:04:03,11,10.95,24000,11.1,12000,0,939000
SBIN30Jan20325PE.NFO,07/01/2020,10:04:14,11,11,6000,11.05,12000,0,939000
SBIN30Jan20325PE.NFO,07/01/2020,10:04:19,11,10.95,6000,11,9000,6000,939000
SBIN30Jan20325PE.NFO,07/01/2020,10:04:24,11,10.95,3000,11,6000,3000,939000
SBIN30Jan20325PE.NFO,07/01/2020,10:04:34,11,10.95,3000,11,6000,0,939000
SBIN30Jan20325PE.NFO,07/01/2020,10:04:45,11,10.95,3000,11.05,15000,0,939000
SBIN30Jan20325PE.NFO,07/01/2020,10:04:50,10.95,10.9,3000,11,6000,6000,939000
SBIN30Jan20325PE.NFO,07/01/2020,10:04:55,10.95,10.9,3000,11,6000,0,939000
SBIN30Jan20325PE.NFO,07/01/2020,10:05:06,10.95,10.95,3000,11.05,12000,0,939000
SBIN30Jan20325PE.NFO,07/01/2020,10:05:11,10.9,10.85,6000,10.95,15000,6000,939000
SBIN30Jan20325PE.NFO,07/01/2020,10:05:16,10.9,10.85,6000,10.95,12000,0,939000
SBIN30Jan20325PE.NFO,07/01/2020,10:05:21,10.95,10.9,12000,11.05,12000,9000,918000
SBIN30Jan20325PE.NFO,07/01/2020,10:05:25,10.95,10.9,6000,11,12000,0,918000
SBIN30Jan20325PE.NFO,07/01/2020,10:05:30,10.95,11,6000,11.1,12000,0,918000
SBIN30Jan20325PE.NFO,07/01/2020,10:05:37,10.95,11.05,15000,11.2,21000,0,918000
SBIN30Jan20325PE.NFO,07/01/2020,10:05:44,10.95,11.1,6000,11.2,15000,0,918000
SBIN30Jan20325PE.NFO,07/01/2020,10:05:50,11.1,11.1,6000,11.2,15000,3000,918000
SBIN30Jan20325PE.NFO,07/01/2020,10:06:13,11.2,11.15,15000,11.25,21000,3000,918000
SBIN30Jan20325PE.NFO,07/01/2020,10:06:19,11.2,11.15,15000,11.3,24000,0,918000
SBIN30Jan20325PE.NFO,07/01/2020,10:06:25,11.2,11.15,15000,11.25,3000,0,918000
SBIN30Jan20325PE.NFO,07/01/2020,10:06:36,11.2,11.15,3000,11.2,6000,0,918000
SBIN30Jan20325PE.NFO,07/01/2020,10:06:41,11.2,11.15,6000,11.25,9000,0,918000
SBIN30Jan20325PE.NFO,07/01/2020,10:06:45,11.2,11.15,27000,11.3,18000,0,918000
SBIN30Jan20325PE.NFO,07/01/2020,10:06:51,11.2,11.2,6000,11.3,9000,0,918000
SBIN30Jan20325PE.NFO,07/01/2020,10:06:56,11.2,11.2,9000,11.3,9000,0,918000
SBIN30Jan20325PE.NFO,07/01/2020,10:07:01,11.2,11.2,9000,11.3,12000,0,918000
SBIN30Jan20325PE.NFO,07/01/2020,10:07:06,11.3,11.25,6000,11.35,6000,6000,918000
SBIN30Jan20325PE.NFO,07/01/2020,10:07:11,11.3,11.4,9000,11.55,15000,0,918000
SBIN30Jan20325PE.NFO,07/01/2020,10:07:17,11.3,11.5,6000,11.6,12000,0,918000
SBIN30Jan20325PE.NFO,07/01/2020,10:07:23,11.5,11.45,9000,11.55,6000,3000,918000
SBIN30Jan20325PE.NFO,07/01/2020,10:07:29,11.45,11.4,18000,11.55,9000,3000,918000
SBIN30Jan20325PE.NFO,07/01/2020,10:07:35,11.45,11.45,9000,11.55,6000,0,918000
SBIN30Jan20325PE.NFO,07/01/2020,10:07:47,11.5,11.45,6000,11.5,9000,30000,918000
SBIN30Jan20325PE.NFO,07/01/2020,10:07:53,11.45,11.35,3000,11.45,15000,3000,918000
SBIN30Jan20325PE.NFO,07/01/2020,10:07:59,11.45,11.35,12000,11.45,6000,3000,918000
SBIN30Jan20325PE.NFO,07/01/2020,10:08:04,11.45,11.35,15000,11.45,3000,3000,918000
SBIN30Jan20325PE.NFO,07/01/2020,10:08:13,11.35,11.35,6000,11.45,9000,6000,918000
SBIN30Jan20325PE.NFO,07/01/2020,10:08:19,11.35,11.35,3000,11.45,9000,0,918000
SBIN30Jan20325PE.NFO,07/01/2020,10:08:24,11.35,11.3,15000,11.4,3000,0,918000
SBIN30Jan20325PE.NFO,07/01/2020,10:08:31,11.35,11.3,15000,11.4,6000,0,918000
SBIN30Jan20325PE.NFO,07/01/2020,10:08:38,11.35,11.3,15000,11.45,18000,0,918000
SBIN30Jan20325PE.NFO,07/01/2020,10:08:44,11.4,11.3,15000,11.4,9000,3000,915000
SBIN30Jan20325PE.NFO,07/01/2020,10:08:50,11.4,11.3,6000,11.4,9000,0,915000
SBIN30Jan20325PE.NFO,07/01/2020,10:09:01,11.3,11.25,12000,11.35,6000,15000,915000
SBIN30Jan20325PE.NFO,07/01/2020,10:09:07,11.35,11.3,3000,11.4,12000,3000,915000
SBIN30Jan20325PE.NFO,07/01/2020,10:09:12,11.35,11.3,3000,11.4,21000,0,915000
SBIN30Jan20325PE.NFO,07/01/2020,10:09:17,11.35,11.3,3000,11.4,12000,0,915000
SBIN30Jan20325PE.NFO,07/01/2020,10:09:23,11.3,11.25,9000,11.35,6000,3000,915000
SBIN30Jan20325PE.NFO,07/01/2020,10:09:27,11.3,11.25,6000,11.35,9000,0,915000
SBIN30Jan20325PE.NFO,07/01/2020,10:09:33,11.3,11.25,3000,11.35,9000,0,915000
SBIN30Jan20325PE.NFO,07/01/2020,10:09:43,11.3,11.25,6000,11.35,9000,0,915000
SBIN30Jan20325PE.NFO,07/01/2020,10:09:48,11.3,11.25,9000,11.3,6000,0,915000
SBIN30Jan20325PE.NFO,07/01/2020,10:09:58,11.3,11.1,6000,11.2,6000,0,915000
SBIN30Jan20325PE.NFO,07/01/2020,10:10:06,11.3,11.2,9000,11.3,6000,0,915000
SBIN30Jan20325PE.NFO,07/01/2020,10:10:12,11.3,11.2,18000,11.3,3000,0,915000
SBIN30Jan20325PE.NFO,07/01/2020,10:10:24,11.25,11.2,15000,11.3,9000,3000,915000
SBIN30Jan20325PE.NFO,07/01/2020,10:10:28,11.25,11.2,15000,11.35,15000,0,915000
SBIN30Jan20325PE.NFO,07/01/2020,10:10:33,11.25,11.2,12000,11.3,9000,0,915000
SBIN30Jan20325PE.NFO,07/01/2020,10:10:38,11.25,11.2,9000,11.3,9000,0,915000
SBIN30Jan20325PE.NFO,07/01/2020,10:10:43,11.25,11.2,12000,11.3,3000,0,915000
SBIN30Jan20325PE.NFO,07/01/2020,10:10:53,11.25,11.15,18000,11.25,6000,0,915000
SBIN30Jan20325PE.NFO,07/01/2020,10:10:58,11.25,11.2,12000,11.25,3000,0,915000
SBIN30Jan20325PE.NFO,07/01/2020,10:11:02,11.25,11.2,3000,11.25,3000,0,915000
SBIN30Jan20325PE.NFO,07/01/2020,10:11:06,11.25,11.2,9000,11.25,3000,0,915000
SBIN30Jan20325PE.NFO,07/01/2020,10:11:12,11.15,11.1,15000,11.2,3000,9000,915000
SBIN30Jan20325PE.NFO,07/01/2020,10:11:17,11.15,11.1,6000,11.15,3000,0,915000
SBIN30Jan20325PE.NFO,07/01/2020,10:11:23,11.15,11.05,18000,11.15,6000,0,915000
SBIN30Jan20325PE.NFO,07/01/2020,10:11:28,11.15,11.05,9000,11.15,9000,0,915000
SBIN30Jan20325PE.NFO,07/01/2020,10:11:33,11.15,11,15000,11.1,9000,0,915000
SBIN30Jan20325PE.NFO,07/01/2020,10:11:39,11,10.95,18000,11.1,15000,3000,921000
SBIN30Jan20325PE.NFO,07/01/2020,10:11:45,11,10.95,3000,11.05,12000,0,921000
SBIN30Jan20325PE.NFO,07/01/2020,10:11:51,11,10.95,3000,11.05,15000,0,921000
SBIN30Jan20325PE.NFO,07/01/2020,10:11:57,11.05,10.95,6000,11,3000,6000,921000
SBIN30Jan20325PE.NFO,07/01/2020,10:12:03,11,10.9,6000,11,9000,3000,921000
SBIN30Jan20325PE.NFO,07/01/2020,10:12:09,11,10.85,15000,11,15000,3000,921000
SBIN30Jan20325PE.NFO,07/01/2020,10:12:15,11,10.95,6000,11.05,12000,15000,921000
SBIN30Jan20325PE.NFO,07/01/2020,10:12:20,10.95,10.85,18000,11,15000,3000,921000
SBIN30Jan20325PE.NFO,07/01/2020,10:12:25,10.85,10.85,3000,10.95,15000,9000,921000
SBIN30Jan20325PE.NFO,07/01/2020,10:12:30,10.85,10.85,6000,10.95,18000,0,921000
SBIN30Jan20325PE.NFO,07/01/2020,10:12:36,10.85,10.8,18000,10.85,3000,3000,921000
SBIN30Jan20325PE.NFO,07/01/2020,10:12:41,10.85,10.8,9000,10.9,9000,3000,921000
SBIN30Jan20325PE.NFO,07/01/2020,10:12:46,10.85,10.8,18000,10.9,9000,0,921000
SBIN30Jan20325PE.NFO,07/01/2020,10:12:52,10.85,10.85,6000,10.95,15000,0,921000
SBIN30Jan20325PE.NFO,07/01/2020,10:12:57,10.85,10.85,3000,10.9,12000,0,921000
SBIN30Jan20325PE.NFO,07/01/2020,10:13:09,10.85,10.85,3000,10.95,18000,0,921000
SBIN30Jan20325PE.NFO,07/01/2020,10:13:15,10.85,10.85,3000,10.9,12000,0,921000
SBIN30Jan20325PE.NFO,07/01/2020,10:13:22,10.85,10.8,18000,10.9,9000,3000,921000
SBIN30Jan20325PE.NFO,07/01/2020,10:13:34,10.85,10.8,15000,10.9,12000,3000,921000
SBIN30Jan20325PE.NFO,07/01/2020,10:13:39,10.85,10.8,15000,10.9,12000,0,921000
SBIN30Jan20325PE.NFO,07/01/2020,10:13:44,10.85,10.8,12000,10.9,9000,6000,921000
SBIN30Jan20325PE.NFO,07/01/2020,10:13:50,10.85,10.75,12000,10.85,9000,0,921000
SBIN30Jan20325PE.NFO,07/01/2020,10:13:56,10.85,10.75,18000,10.85,9000,0,921000
SBIN30Jan20325PE.NFO,07/01/2020,10:14:02,10.8,10.75,15000,10.85,6000,3000,921000
SBIN30Jan20325PE.NFO,07/01/2020,10:14:07,10.8,10.75,9000,10.85,6000,0,921000
SBIN30Jan20325PE.NFO,07/01/2020,10:14:12,10.8,10.75,9000,10.85,9000,0,921000
SBIN30Jan20325PE.NFO,07/01/2020,10:14:24,10.8,10.75,15000,10.85,9000,0,921000
SBIN30Jan20325PE.NFO,07/01/2020,10:14:29,10.8,10.75,15000,10.85,3000,0,921000
SBIN30Jan20325PE.NFO,07/01/2020,10:14:35,10.8,10.8,9000,10.9,6000,0,921000
SBIN30Jan20325PE.NFO,07/01/2020,10:14:41,10.8,10.8,12000,10.9,6000,0,921000
SBIN30Jan20325PE.NFO,07/01/2020,10:14:46,10.9,10.85,6000,10.95,12000,3000,915000
SBIN30Jan20325PE.NFO,07/01/2020,10:14:52,10.9,10.85,9000,10.95,15000,0,915000
SBIN30Jan20325PE.NFO,07/01/2020,10:14:57,10.85,10.8,15000,10.9,6000,3000,915000
SBIN30Jan20325PE.NFO,07/01/2020,10:15:04,10.9,11,12000,11.1,3000,3000,915000
SBIN30Jan20325PE.NFO,07/01/2020,10:15:10,10.9,10.95,6000,11.05,9000,0,915000
SBIN30Jan20325PE.NFO,07/01/2020,10:15:15,10.9,10.95,6000,11.05,24000,0,915000
SBIN30Jan20325PE.NFO,07/01/2020,10:15:20,10.9,10.9,12000,11.05,21000,0,915000
SBIN30Jan20325PE.NFO,07/01/2020,10:15:25,10.9,10.9,12000,11,12000,0,915000
SBIN30Jan20325PE.NFO,07/01/2020,10:15:29,10.9,10.95,6000,11.05,21000,0,915000
SBIN30Jan20325PE.NFO,07/01/2020,10:15:35,10.9,11,6000,11.1,15000,0,915000
SBIN30Jan20325PE.NFO,07/01/2020,10:15:41,10.9,10.95,18000,11.05,3000,0,915000
SBIN30Jan20325PE.NFO,07/01/2020,10:15:46,11.15,11.05,3000,11.15,12000,3000,915000
SBIN30Jan20325PE.NFO,07/01/2020,10:15:58,11.15,11,21000,11.15,18000,0,915000
SBIN30Jan20325PE.NFO,07/01/2020,10:16:03,11.15,11.1,3000,11.2,12000,3000,915000
SBIN30Jan20325PE.NFO,07/01/2020,10:16:08,11.15,11.05,21000,11.2,21000,0,915000
SBIN30Jan20325PE.NFO,07/01/2020,10:16:12,11.15,11.05,21000,11.2,15000,0,915000
SBIN30Jan20325PE.NFO,07/01/2020,10:16:16,11.15,11.1,3000,11.2,15000,0,915000
SBIN30Jan20325PE.NFO,07/01/2020,10:16:20,11.15,11.1,9000,11.2,15000,0,915000
SBIN30Jan20325PE.NFO,07/01/2020,10:16:25,11.15,11.1,9000,11.2,6000,0,915000
SBIN30Jan20325PE.NFO,07/01/2020,10:16:30,11.15,11.1,12000,11.2,9000,0,915000
SBIN30Jan20325PE.NFO,07/01/2020,10:16:35,11.2,11.15,3000,11.25,18000,6000,915000
SBIN30Jan20325PE.NFO,07/01/2020,10:16:40,11.25,11.2,3000,11.3,21000,6000,915000
SBIN30Jan20325PE.NFO,07/01/2020,10:16:45,11.25,11.15,18000,11.25,3000,0,915000
SBIN30Jan20325PE.NFO,07/01/2020,10:16:50,11.25,11.15,6000,11.25,9000,0,915000
SBIN30Jan20325PE.NFO,07/01/2020,10:16:55,11.25,11.1,18000,11.2,3000,0,915000
SBIN30Jan20325PE.NFO,07/01/2020,10:17:00,11.25,11.1,3000,11.2,12000,0,915000
SBIN30Jan20325PE.NFO,07/01/2020,10:17:06,11.05,11.05,9000,11.15,12000,6000,915000
SBIN30Jan20325PE.NFO,07/01/2020,10:17:12,11.05,11.05,21000,11.2,12000,0,915000
SBIN30Jan20325PE.NFO,07/01/2020,10:17:18,11.05,11.15,15000,11.3,21000,0,915000
SBIN30Jan20325PE.NFO,07/01/2020,10:17:23,11.05,11.15,15000,11.3,24000,0,915000
SBIN30Jan20325PE.NFO,07/01/2020,10:17:27,11.05,11.15,9000,11.25,3000,0,915000
SBIN30Jan20325PE.NFO,07/01/2020,10:17:32,11.05,11.15,9000,11.25,9000,0,915000
SBIN30Jan20325PE.NFO,07/01/2020,10:17:37,11.05,11.2,6000,11.3,9000,0,915000
SBIN30Jan20325PE.NFO,07/01/2020,10:17:42,11.05,11.2,12000,11.3,15000,0,915000
SBIN30Jan20325PE.NFO,07/01/2020,10:17:46,11.05,11.2,15000,11.3,9000,0,915000
SBIN30Jan20325PE.NFO,07/01/2020,10:17:50,11.3,11.25,12000,11.35,3000,6000,912000
SBIN30Jan20325PE.NFO,07/01/2020,10:17:54,11.3,11.25,15000,11.4,18000,0,912000
SBIN30Jan20325PE.NFO,07/01/2020,10:17:58,11.25,11.25,6000,11.35,6000,6000,912000
SBIN30Jan20325PE.NFO,07/01/2020,10:18:03,11.25,11.25,9000,11.35,6000,0,912000
SBIN30Jan20325PE.NFO,07/01/2020,10:18:06,11.25,11.25,15000,11.35,6000,0,912000
SBIN30Jan20325PE.NFO,07/01/2020,10:18:10,11.25,11.25,15000,11.35,9000,0,912000
SBIN30Jan20325PE.NFO,07/01/2020,10:18:14,11.25,11.25,15000,11.35,6000,0,912000
SBIN30Jan20325PE.NFO,07/01/2020,10:18:18,11.25,11.25,15000,11.35,9000,0,912000
SBIN30Jan20325PE.NFO,07/01/2020,10:18:22,11.25,11.3,6000,11.4,9000,0,912000
SBIN30Jan20325PE.NFO,07/01/2020,10:18:25,11.25,11.3,6000,11.4,12000,0,912000
SBIN30Jan20325PE.NFO,07/01/2020,10:18:28,11.25,11.3,12000,11.4,12000,0,912000
SBIN30Jan20325PE.NFO,07/01/2020,10:18:33,11.25,11.25,3000,11.35,12000,0,912000
SBIN30Jan20325PE.NFO,07/01/2020,10:18:39,11.25,11.25,21000,11.4,18000,0,912000
SBIN30Jan20325PE.NFO,07/01/2020,10:18:44,11.25,11.25,18000,11.4,18000,0,912000
SBIN30Jan20325PE.NFO,07/01/2020,10:18:49,11.25,11.25,15000,11.35,9000,0,912000
SBIN30Jan20325PE.NFO,07/01/2020,10:18:54,11.4,11.3,18000,11.45,12000,15000,912000
SBIN30Jan20325PE.NFO,07/01/2020,10:18:59,11.4,11.3,21000,11.45,9000,0,912000
SBIN30Jan20325PE.NFO,07/01/2020,10:19:03,11.4,11.3,21000,11.45,12000,0,912000
SBIN30Jan20325PE.NFO,07/01/2020,10:19:07,11.4,11.35,15000,11.5,18000,0,912000
SBIN30Jan20325PE.NFO,07/01/2020,10:19:11,11.4,11.35,18000,11.5,18000,0,912000
SBIN30Jan20325PE.NFO,07/01/2020,10:19:15,11.35,11.35,15000,11.45,6000,6000,912000
SBIN30Jan20325PE.NFO,07/01/2020,10:19:20,11.35,11.35,15000,11.45,6000,0,912000
SBIN30Jan20325PE.NFO,07/01/2020,10:19:25,11.35,11.35,12000,11.45,6000,0,912000
SBIN30Jan20325PE.NFO,07/01/2020,10:19:30,11.35,11.35,6000,11.45,9000,0,912000
SBIN30Jan20325PE.NFO,07/01/2020,10:19:42,11.35,11.3,9000,11.4,9000,3000,912000
SBIN30Jan20325PE.NFO,07/01/2020,10:19:47,11.35,11.3,9000,11.4,6000,0,912000
SBIN30Jan20325PE.NFO,07/01/2020,10:19:52,11.3,11.25,12000,11.35,9000,3000,912000
SBIN30Jan20325PE.NFO,07/01/2020,10:19:58,11.2,11.2,6000,11.3,3000,9000,912000
SBIN30Jan20325PE.NFO,07/01/2020,10:20:03,11.2,11.2,3000,11.3,12000,0,912000
SBIN30Jan20325PE.NFO,07/01/2020,10:20:08,11.2,11.2,6000,11.3,3000,0,912000
SBIN30Jan20325PE.NFO,07/01/2020,10:20:13,11.2,11.2,6000,11.3,9000,0,912000
SBIN30Jan20325PE.NFO,07/01/2020,10:20:27,11.2,11.2,9000,11.3,12000,0,912000
SBIN30Jan20325PE.NFO,07/01/2020,10:20:36,11.2,11.2,3000,11.3,12000,3000,921000
SBIN30Jan20325PE.NFO,07/01/2020,10:20:40,11.2,11.2,9000,11.3,12000,0,921000
SBIN30Jan20325PE.NFO,07/01/2020,10:20:44,11.25,11.2,3000,11.3,12000,3000,921000
SBIN30Jan20325PE.NFO,07/01/2020,10:20:48,11.25,11.15,15000,11.3,12000,0,921000
SBIN30Jan20325PE.NFO,07/01/2020,10:20:52,11.25,11.2,3000,11.3,12000,0,921000
SBIN30Jan20325PE.NFO,07/01/2020,10:21:11,11.2,11.1,6000,11.2,6000,3000,921000
SBIN30Jan20325PE.NFO,07/01/2020,10:21:20,11.2,11.1,18000,11.2,6000,0,921000
SBIN30Jan20325PE.NFO,07/01/2020,10:21:25,11.2,11.1,9000,11.2,9000,0,921000
SBIN30Jan20325PE.NFO,07/01/2020,10:21:40,11.2,11.1,9000,11.2,3000,0,921000
SBIN30Jan20325PE.NFO,07/01/2020,10:21:44,11.2,11.1,12000,11.2,3000,0,921000
SBIN30Jan20325PE.NFO,07/01/2020,10:21:49,11.2,11.1,15000,11.2,3000,0,921000
SBIN30Jan20325PE.NFO,07/01/2020,10:21:54,11.2,11.15,3000,11.25,15000,0,921000
SBIN30Jan20325PE.NFO,07/01/2020,10:21:59,11.2,11.15,6000,11.25,6000,0,921000
SBIN30Jan20325PE.NFO,07/01/2020,10:22:02,11.2,11.15,12000,11.25,6000,0,921000
SBIN30Jan20325PE.NFO,07/01/2020,10:22:06,11.2,11.15,9000,11.25,6000,0,921000
SBIN30Jan20325PE.NFO,07/01/2020,10:22:12,11.2,11.15,12000,11.3,21000,0,921000
SBIN30Jan20325PE.NFO,07/01/2020,10:22:17,11.2,11.15,9000,11.25,12000,0,921000
SBIN30Jan20325PE.NFO,07/01/2020,10:22:21,11.2,11.15,12000,11.25,12000,0,921000
SBIN30Jan20325PE.NFO,07/01/2020,10:22:29,11.2,11.15,15000,11.25,6000,0,921000
SBIN30Jan20325PE.NFO,07/01/2020,10:22:34,11.2,11.15,15000,11.25,3000,0,921000
SBIN30Jan20325PE.NFO,07/01/2020,10:22:44,11.2,11.3,15000,11.45,6000,0,921000
SBIN30Jan20325PE.NFO,07/01/2020,10:22:51,11.2,11.3,3000,11.35,6000,0,921000
SBIN30Jan20325PE.NFO,07/01/2020,10:23:01,11.2,11.3,3000,11.4,15000,0,921000
SBIN30Jan20325PE.NFO,07/01/2020,10:23:07,11.2,11.25,3000,11.35,15000,0,921000
SBIN30Jan20325PE.NFO,07/01/2020,10:23:12,11.2,11.2,6000,11.3,6000,0,921000
SBIN30Jan20325PE.NFO,07/01/2020,10:23:17,11.2,11.15,6000,11.25,9000,3000,921000
SBIN30Jan20325PE.NFO,07/01/2020,10:23:21,11.2,11.15,6000,11.25,9000,0,921000
SBIN30Jan20325PE.NFO,07/01/2020,10:23:26,11.2,11.15,6000,11.25,12000,0,921000
SBIN30Jan20325PE.NFO,07/01/2020,10:23:31,11.2,11.2,3000,11.3,12000,0,921000
SBIN30Jan20325PE.NFO,07/01/2020,10:23:36,11.2,11.2,6000,11.3,15000,0,921000
SBIN30Jan20325PE.NFO,07/01/2020,10:23:41,11.2,11.2,3000,11.3,15000,0,921000
SBIN30Jan20325PE.NFO,07/01/2020,10:23:46,11.2,11.2,3000,11.25,3000,0,921000
SBIN30Jan20325PE.NFO,07/01/2020,10:23:51,11.2,11.2,15000,11.3,12000,0,921000
SBIN30Jan20325PE.NFO,07/01/2020,10:23:55,11.2,11.2,15000,11.3,6000,0,921000
SBIN30Jan20325PE.NFO,07/01/2020,10:23:58,11.2,11.25,3000,11.35,15000,0,921000
SBIN30Jan20325PE.NFO,07/01/2020,10:24:06,11.2,11.25,3000,11.35,12000,0,921000
SBIN30Jan20325PE.NFO,07/01/2020,10:24:11,11.2,11.3,3000,11.4,12000,0,921000
SBIN30Jan20325PE.NFO,07/01/2020,10:24:20,11.2,11.3,9000,11.4,12000,0,921000
SBIN30Jan20325PE.NFO,07/01/2020,10:24:24,11.2,11.25,27000,11.4,12000,0,921000
SBIN30Jan20325PE.NFO,07/01/2020,10:24:28,11.2,11.3,3000,11.4,12000,0,921000
SBIN30Jan20325PE.NFO,07/01/2020,10:24:32,11.2,11.3,6000,11.35,3000,0,921000
SBIN30Jan20325PE.NFO,07/01/2020,10:24:35,11.35,11.3,15000,11.4,9000,3000,924000
SBIN30Jan20325PE.NFO,07/01/2020,10:24:39,11.4,11.35,12000,11.45,6000,9000,924000
SBIN30Jan20325PE.NFO,07/01/2020,10:24:43,11.4,11.4,3000,11.45,3000,0,924000
SBIN30Jan20325PE.NFO,07/01/2020,10:24:51,11.4,11.35,12000,11.45,6000,3000,924000
SBIN30Jan20325PE.NFO,07/01/2020,10:24:55,11.4,11.35,12000,11.45,3000,0,924000
SBIN30Jan20325PE.NFO,07/01/2020,10:25:00,11.4,11.35,15000,11.45,3000,0,924000
SBIN30Jan20325PE.NFO,07/01/2020,10:25:04,11.4,11.4,9000,11.5,15000,0,924000
SBIN30Jan20325PE.NFO,07/01/2020,10:25:15,11.4,11.4,9000,11.5,9000,0,924000
SBIN30Jan20325PE.NFO,07/01/2020,10:25:24,11.5,11.4,9000,11.5,6000,9000,924000
SBIN30Jan20325PE.NFO,07/01/2020,10:25:28,11.5,11.4,9000,11.5,3000,0,924000
SBIN30Jan20325PE.NFO,07/01/2020,10:25:32,11.55,11.5,6000,11.6,3000,9000,924000
SBIN30Jan20325PE.NFO,07/01/2020,10:25:37,11.55,11.5,9000,11.6,18000,0,924000
SBIN30Jan20325PE.NFO,07/01/2020,10:25:45,11.55,11.5,6000,11.6,18000,0,924000
SBIN30Jan20325PE.NFO,07/01/2020,10:25:56,11.55,11.5,6000,11.6,21000,0,924000
SBIN30Jan20325PE.NFO,07/01/2020,10:26:01,11.55,11.5,6000,11.6,15000,0,924000
SBIN30Jan20325PE.NFO,07/01/2020,10:26:05,11.55,11.55,3000,11.6,15000,3000,924000
SBIN30Jan20325PE.NFO,07/01/2020,10:26:10,11.55,11.5,6000,11.6,12000,3000,924000
SBIN30Jan20325PE.NFO,07/01/2020,10:26:15,11.55,11.5,6000,11.6,18000,0,924000
SBIN30Jan20325PE.NFO,07/01/2020,10:26:19,11.55,11.5,6000,11.6,15000,0,924000
SBIN30Jan20325PE.NFO,07/01/2020,10:26:24,11.5,11.4,24000,11.55,9000,3000,924000
SBIN30Jan20325PE.NFO,07/01/2020,10:26:27,11.5,11.45,3000,11.55,9000,0,924000
SBIN30Jan20325PE.NFO,07/01/2020,10:26:38,11.5,11.45,3000,11.55,12000,0,924000
SBIN30Jan20325PE.NFO,07/01/2020,10:26:42,11.5,11.35,21000,11.45,6000,0,924000
SBIN30Jan20325PE.NFO,07/01/2020,10:26:46,11.5,11.35,27000,11.5,21000,0,924000
SBIN30Jan20325PE.NFO,07/01/2020,10:26:50,11.5,11.35,27000,11.5,18000,0,924000
SBIN30Jan20325PE.NFO,07/01/2020,10:26:55,11.5,11.35,24000,11.5,18000,0,924000
SBIN30Jan20325PE.NFO,07/01/2020,10:27:04,11.5,11.4,3000,11.5,12000,0,924000
SBIN30Jan20325PE.NFO,07/01/2020,10:27:08,11.5,11.4,3000,11.5,15000,0,924000
SBIN30Jan20325PE.NFO,07/01/2020,10:27:12,11.5,11.35,3000,11.45,15000,0,924000
SBIN30Jan20325PE.NFO,07/01/2020,10:27:16,11.5,11.35,6000,11.45,15000,0,924000
SBIN30Jan20325PE.NFO,07/01/2020,10:27:20,11.5,11.35,6000,11.45,12000,0,924000
SBIN30Jan20325PE.NFO,07/01/2020,10:27:53,11.5,11.35,6000,11.45,6000,0,924000
SBIN30Jan20325PE.NFO,07/01/2020,10:28:02,11.5,11.35,12000,11.45,6000,0,924000
SBIN30Jan20325PE.NFO,07/01/2020,10:28:06,11.5,11.4,3000,11.5,21000,0,924000
SBIN30Jan20325PE.NFO,07/01/2020,10:28:11,11.5,11.4,3000,11.5,18000,0,924000
SBIN30Jan20325PE.NFO,07/01/2020,10:28:30,11.5,11.35,3000,11.45,18000,0,924000
SBIN30Jan20325PE.NFO,07/01/2020,10:28:34,11.5,11.35,15000,11.5,18000,0,924000
SBIN30Jan20325PE.NFO,07/01/2020,10:28:38,11.5,11.35,15000,11.5,21000,0,924000
SBIN30Jan20325PE.NFO,07/01/2020,10:28:45,11.5,11.4,3000,11.5,18000,0,924000
SBIN30Jan20325PE.NFO,07/01/2020,10:28:51,11.5,11.35,12000,11.45,3000,0,924000
SBIN30Jan20325PE.NFO,07/01/2020,10:28:58,11.5,11.3,21000,11.45,18000,0,924000
SBIN30Jan20325PE.NFO,07/01/2020,10:29:01,11.5,11.3,12000,11.35,3000,0,924000
SBIN30Jan20325PE.NFO,07/01/2020,10:29:05,11.35,11.3,15000,11.4,3000,3000,921000
SBIN30Jan20325PE.NFO,07/01/2020,10:29:08,11.35,11.3,15000,11.4,3000,0,921000
SBIN30Jan20325PE.NFO,07/01/2020,10:29:11,11.35,11.35,3000,11.45,18000,0,921000
SBIN30Jan20325PE.NFO,07/01/2020,10:29:19,11.35,11.3,15000,11.4,3000,0,921000
SBIN30Jan20325PE.NFO,07/01/2020,10:29:23,11.35,11.35,3000,11.45,18000,0,921000
SBIN30Jan20325PE.NFO,07/01/2020,10:29:27,11.35,11.3,12000,11.45,21000,0,921000
SBIN30Jan20325PE.NFO,07/01/2020,10:29:31,11.35,11.3,15000,11.4,3000,0,921000
SBIN30Jan20325PE.NFO,07/01/2020,10:29:42,11.35,11.3,12000,11.4,3000,0,921000
SBIN30Jan20325PE.NFO,07/01/2020,10:29:45,11.35,11.3,18000,11.4,9000,0,921000
SBIN30Jan20325PE.NFO,07/01/2020,10:29:51,11.35,11.3,9000,11.4,9000,0,921000
SBIN30Jan20325PE.NFO,07/01/2020,10:29:53,11.35,11.3,12000,11.4,9000,0,921000
SBIN30Jan20325PE.NFO,07/01/2020,10:29:59,11.35,11.25,33000,11.4,15000,0,921000
SBIN30Jan20325PE.NFO,07/01/2020,10:30:03,11.35,11.25,15000,11.35,6000,0,921000
SBIN30Jan20325PE.NFO,07/01/2020,10:30:10,11.35,11.25,15000,11.35,9000,0,921000
SBIN30Jan20325PE.NFO,07/01/2020,10:30:13,11.35,11.25,21000,11.35,3000,3000,924000
SBIN30Jan20325PE.NFO,07/01/2020,10:30:17,11.35,11.25,21000,11.35,3000,0,924000
SBIN30Jan20325PE.NFO,07/01/2020,10:30:20,11.35,11.25,15000,11.4,24000,0,924000
SBIN30Jan20325PE.NFO,07/01/2020,10:30:27,11.35,11.25,21000,11.4,21000,0,924000
SBIN30Jan20325PE.NFO,07/01/2020,10:30:31,11.35,11.25,15000,11.35,9000,0,924000
SBIN30Jan20325PE.NFO,07/01/2020,10:30:34,11.35,11.25,18000,11.35,9000,0,924000
SBIN30Jan20325PE.NFO,07/01/2020,10:30:37,11.35,11.25,21000,11.35,9000,0,924000
SBIN30Jan20325PE.NFO,07/01/2020,10:30:40,11.35,11.25,21000,11.4,18000,0,924000
SBIN30Jan20325PE.NFO,07/01/2020,10:30:43,11.35,11.35,12000,11.4,12000,0,924000
SBIN30Jan20325PE.NFO,07/01/2020,10:30:46,11.35,11.35,3000,11.4,15000,9000,924000
SBIN30Jan20325PE.NFO,07/01/2020,10:30:49,11.35,11.25,12000,11.35,12000,3000,924000
SBIN30Jan20325PE.NFO,07/01/2020,10:30:52,11.35,11.25,9000,11.35,12000,0,924000
SBIN30Jan20325PE.NFO,07/01/2020,10:31:05,11.35,11.25,3000,11.3,6000,0,924000
SBIN30Jan20325PE.NFO,07/01/2020,10:31:08,11.35,11.25,6000,11.3,6000,0,924000
SBIN30Jan20325PE.NFO,07/01/2020,10:31:14,11.35,11.25,6000,11.3,12000,0,924000
SBIN30Jan20325PE.NFO,07/01/2020,10:31:26,11.35,11.25,6000,11.3,15000,0,924000
SBIN30Jan20325PE.NFO,07/01/2020,10:31:30,11.35,11.25,6000,11.35,12000,0,924000
SBIN30Jan20325PE.NFO,07/01/2020,10:31:34,11.35,11.25,6000,11.35,15000,0,924000
SBIN30Jan20325PE.NFO,07/01/2020,10:31:38,11.35,11.25,6000,11.35,9000,0,924000
SBIN30Jan20325PE.NFO,07/01/2020,10:31:41,11.35,11.25,9000,11.35,9000,0,924000
SBIN30Jan20325PE.NFO,07/01/2020,10:31:46,11.35,11.25,18000,11.35,9000,0,924000
SBIN30Jan20325PE.NFO,07/01/2020,10:31:50,11.35,11.3,6000,11.4,18000,0,924000
SBIN30Jan20325PE.NFO,07/01/2020,10:31:54,11.35,11.3,3000,11.4,15000,0,924000
SBIN30Jan20325PE.NFO,07/01/2020,10:32:03,11.3,11.25,27000,11.4,18000,3000,924000
SBIN30Jan20325PE.NFO,07/01/2020,10:32:08,11.3,11.25,27000,11.4,18000,0,924000
SBIN30Jan20325PE.NFO,07/01/2020,10:32:12,11.4,11.3,21000,11.45,18000,6000,924000
SBIN30Jan20325PE.NFO,07/01/2020,10:32:17,11.4,11.3,21000,11.45,21000,0,924000
SBIN30Jan20325PE.NFO,07/01/2020,10:32:22,11.4,11.35,12000,11.5,21000,0,924000
SBIN30Jan20325PE.NFO,07/01/2020,10:32:26,11.4,11.45,6000,11.55,3000,0,924000
SBIN30Jan20325PE.NFO,07/01/2020,10:32:30,11.4,11.45,12000,11.55,3000,0,924000
SBIN30Jan20325PE.NFO,07/01/2020,10:32:35,11.4,11.45,6000,11.55,6000,0,924000
SBIN30Jan20325PE.NFO,07/01/2020,10:32:39,11.4,11.4,30000,11.55,15000,0,924000
SBIN30Jan20325PE.NFO,07/01/2020,10:32:44,11.55,11.45,3000,11.55,12000,3000,927000
SBIN30Jan20325PE.NFO,07/01/2020,10:32:49,11.55,11.45,3000,11.55,9000,0,927000
SBIN30Jan20325PE.NFO,07/01/2020,10:32:54,11.55,11.4,24000,11.55,18000,0,927000
SBIN30Jan20325PE.NFO,07/01/2020,10:32:58,11.55,11.4,3000,11.5,9000,0,927000
SBIN30Jan20325PE.NFO,07/01/2020,10:33:11,11.55,11.4,15000,11.55,21000,0,927000
SBIN30Jan20325PE.NFO,07/01/2020,10:33:13,11.55,11.45,9000,11.55,6000,9000,927000
SBIN30Jan20325PE.NFO,07/01/2020,10:33:17,11.55,11.45,9000,11.55,12000,0,927000
SBIN30Jan20325PE.NFO,07/01/2020,10:33:20,11.55,11.45,9000,11.6,36000,3000,927000
SBIN30Jan20325PE.NFO,07/01/2020,10:33:35,11.55,11.45,12000,11.6,24000,0,927000
SBIN30Jan20325PE.NFO,07/01/2020,10:33:50,11.55,11.4,24000,11.55,18000,0,927000
SBIN30Jan20325PE.NFO,07/01/2020,10:33:53,11.55,11.45,3000,11.55,15000,0,927000
SBIN30Jan20325PE.NFO,07/01/2020,10:33:56,11.55,11.45,9000,11.55,6000,0,927000
SBIN30Jan20325PE.NFO,07/01/2020,10:34:02,11.55,11.45,9000,11.55,9000,0,927000
SBIN30Jan20325PE.NFO,07/01/2020,10:34:08,11.55,11.45,9000,11.55,18000,0,927000
SBIN30Jan20325PE.NFO,07/01/2020,10:34:11,11.55,11.45,9000,11.55,9000,0,927000
SBIN30Jan20325PE.NFO,07/01/2020,10:34:15,11.55,11.45,9000,11.55,15000,0,927000
SBIN30Jan20325PE.NFO,07/01/2020,10:34:23,11.55,11.4,12000,11.5,6000,0,927000
SBIN30Jan20325PE.NFO,07/01/2020,10:34:35,11.4,11.35,3000,11.45,9000,6000,927000
SBIN30Jan20325PE.NFO,07/01/2020,10:34:39,11.4,11.35,3000,11.45,12000,0,927000
SBIN30Jan20325PE.NFO,07/01/2020,10:34:48,11.4,11.35,6000,11.45,12000,0,927000
SBIN30Jan20325PE.NFO,07/01/2020,10:34:53,11.4,11.35,6000,11.45,15000,0,927000
SBIN30Jan20325PE.NFO,07/01/2020,10:35:02,11.4,11.35,12000,11.45,12000,0,927000
SBIN30Jan20325PE.NFO,07/01/2020,10:35:12,11.4,11.35,3000,11.45,15000,0,927000
SBIN30Jan20325PE.NFO,07/01/2020,10:35:15,11.4,11.35,3000,11.45,18000,0,927000
SBIN30Jan20325PE.NFO,07/01/2020,10:35:22,11.4,11.3,6000,11.4,21000,0,927000
SBIN30Jan20325PE.NFO,07/01/2020,10:35:24,11.4,11.3,15000,11.4,15000,0,927000
SBIN30Jan20325PE.NFO,07/01/2020,10:35:28,11.4,11.3,6000,11.4,21000,0,927000
SBIN30Jan20325PE.NFO,07/01/2020,10:35:32,11.4,11.35,3000,11.45,12000,0,927000
SBIN30Jan20325PE.NFO,07/01/2020,10:35:36,11.4,11.3,18000,11.45,24000,0,927000
SBIN30Jan20325PE.NFO,07/01/2020,10:35:39,11.4,11.35,6000,11.45,15000,0,927000
SBIN30Jan20325PE.NFO,07/01/2020,10:35:42,11.4,11.3,21000,11.45,15000,0,927000
SBIN30Jan20325PE.NFO,07/01/2020,10:35:44,11.4,11.3,21000,11.45,18000,0,927000
SBIN30Jan20325PE.NFO,07/01/2020,10:35:47,11.4,11.35,3000,11.45,18000,0,927000
SBIN30Jan20325PE.NFO,07/01/2020,10:35:50,11.4,11.3,18000,11.4,6000,0,927000
SBIN30Jan20325PE.NFO,07/01/2020,10:35:56,11.4,11.3,15000,11.4,6000,0,927000
SBIN30Jan20325PE.NFO,07/01/2020,10:36:00,11.4,11.25,9000,11.35,9000,0,927000
SBIN30Jan20325PE.NFO,07/01/2020,10:36:03,11.4,11.25,15000,11.35,9000,0,927000
SBIN30Jan20325PE.NFO,07/01/2020,10:36:06,11.4,11.25,18000,11.35,9000,0,927000
SBIN30Jan20325PE.NFO,07/01/2020,10:36:13,11.4,11.25,12000,11.35,9000,0,927000
SBIN30Jan20325PE.NFO,07/01/2020,10:36:17,11.25,11.2,21000,11.35,27000,3000,927000
SBIN30Jan20325PE.NFO,07/01/2020,10:36:21,11.25,11.2,6000,11.3,9000,0,927000
SBIN30Jan20325PE.NFO,07/01/2020,10:36:36,11.25,11.2,15000,11.3,6000,0,927000
SBIN30Jan20325PE.NFO,07/01/2020,10:36:48,11.25,11.2,3000,11.3,15000,0,927000
SBIN30Jan20325PE.NFO,07/01/2020,10:36:51,11.25,11.2,9000,11.3,15000,0,927000
SBIN30Jan20325PE.NFO,07/01/2020,10:36:55,11.2,11.1,12000,11.2,6000,3000,927000
SBIN30Jan20325PE.NFO,07/01/2020,10:36:59,11.2,11.1,18000,11.25,21000,0,927000
SBIN30Jan20325PE.NFO,07/01/2020,10:37:02,11.2,11.15,12000,11.25,3000,0,927000
SBIN30Jan20325PE.NFO,07/01/2020,10:37:07,11.2,11.15,12000,11.3,21000,0,927000
SBIN30Jan20325PE.NFO,07/01/2020,10:37:10,11.2,11.2,12000,11.3,18000,0,927000
SBIN30Jan20325PE.NFO,07/01/2020,10:37:14,11.2,11.2,9000,11.3,30000,0,927000
SBIN30Jan20325PE.NFO,07/01/2020,10:37:17,11.2,11.2,12000,11.3,9000,0,927000
SBIN30Jan20325PE.NFO,07/01/2020,10:37:20,11.2,11.2,12000,11.35,27000,0,927000
SBIN30Jan20325PE.NFO,07/01/2020,10:37:24,11.2,11.2,15000,11.35,21000,0,927000
SBIN30Jan20325PE.NFO,07/01/2020,10:37:28,11.2,11.2,15000,11.35,27000,0,927000
SBIN30Jan20325PE.NFO,07/01/2020,10:37:32,11.2,11.25,3000,11.35,15000,0,927000
SBIN30Jan20325PE.NFO,07/01/2020,10:37:34,11.2,11.25,3000,11.35,18000,0,927000
SBIN30Jan20325PE.NFO,07/01/2020,10:37:39,11.2,11.25,3000,11.35,21000,0,927000
SBIN30Jan20325PE.NFO,07/01/2020,10:37:50,11.2,11.25,3000,11.35,18000,0,927000
SBIN30Jan20325PE.NFO,07/01/2020,10:38:04,11.2,11.3,3000,11.4,18000,0,927000
SBIN30Jan20325PE.NFO,07/01/2020,10:38:10,11.2,11.3,3000,11.4,6000,0,927000
SBIN30Jan20325PE.NFO,07/01/2020,10:38:17,11.2,11.3,3000,11.4,12000,0,927000
SBIN30Jan20325PE.NFO,07/01/2020,10:38:27,11.2,11.3,12000,11.4,12000,0,927000
SBIN30Jan20325PE.NFO,07/01/2020,10:38:30,11.2,11.3,15000,11.4,6000,0,927000
SBIN30Jan20325PE.NFO,07/01/2020,10:38:39,11.2,11.35,3000,11.45,24000,0,927000
SBIN30Jan20325PE.NFO,07/01/2020,10:38:41,11.2,11.35,3000,11.45,15000,0,927000
SBIN30Jan20325PE.NFO,07/01/2020,10:38:50,11.2,11.35,6000,11.45,9000,0,927000
SBIN30Jan20325PE.NFO,07/01/2020,10:39:10,11.2,11.35,18000,11.5,21000,0,927000
SBIN30Jan20325PE.NFO,07/01/2020,10:39:18,11.2,11.35,21000,11.5,21000,0,927000
SBIN30Jan20325PE.NFO,07/01/2020,10:39:22,11.2,11.4,6000,11.5,18000,0,927000
SBIN30Jan20325PE.NFO,07/01/2020,10:39:26,11.2,11.4,6000,11.5,15000,0,927000
SBIN30Jan20325PE.NFO,07/01/2020,10:39:30,11.2,11.4,9000,11.5,15000,0,927000
SBIN30Jan20325PE.NFO,07/01/2020,10:39:33,11.2,11.35,24000,11.5,18000,0,927000
SBIN30Jan20325PE.NFO,07/01/2020,10:39:40,11.2,11.4,12000,11.5,15000,0,927000
SBIN30Jan20325PE.NFO,07/01/2020,10:39:43,11.2,11.4,12000,11.5,12000,0,927000
SBIN30Jan20325PE.NFO,07/01/2020,10:39:50,11.2,11.4,15000,11.55,24000,0,927000
SBIN30Jan20325PE.NFO,07/01/2020,10:39:53,11.2,11.4,18000,11.55,24000,0,927000
SBIN30Jan20325PE.NFO,07/01/2020,10:40:04,11.2,11.4,18000,11.55,18000,0,927000
SBIN30Jan20325PE.NFO,07/01/2020,10:40:10,11.2,11.35,24000,11.5,21000,0,927000
SBIN30Jan20325PE.NFO,07/01/2020,10:40:15,11.2,11.4,3000,11.5,24000,0,927000
SBIN30Jan20325PE.NFO,07/01/2020,10:40:23,11.2,11.35,18000,11.45,3000,0,927000
SBIN30Jan20325PE.NFO,07/01/2020,10:40:31,11.2,11.4,3000,11.5,21000,0,927000
SBIN30Jan20325PE.NFO,07/01/2020,10:40:35,11.2,11.4,3000,11.5,24000,0,927000
SBIN30Jan20325PE.NFO,07/01/2020,10:40:38,11.2,11.35,21000,11.5,21000,0,927000
SBIN30Jan20325PE.NFO,07/01/2020,10:40:42,11.2,11.35,15000,11.45,3000,0,927000
SBIN30Jan20325PE.NFO,07/01/2020,10:40:46,11.2,11.35,9000,11.45,15000,0,927000
SBIN30Jan20325PE.NFO,07/01/2020,10:40:51,11.2,11.35,3000,11.4,3000,0,927000
SBIN30Jan20325PE.NFO,07/01/2020,10:40:55,11.2,11.35,3000,11.45,27000,0,927000
SBIN30Jan20325PE.NFO,07/01/2020,10:41:05,11.2,11.35,3000,11.4,9000,0,927000
SBIN30Jan20325PE.NFO,07/01/2020,10:41:08,11.2,11.35,3000,11.4,12000,0,927000
SBIN30Jan20325PE.NFO,07/01/2020,10:41:11,11.2,11.35,6000,11.45,18000,0,927000
SBIN30Jan20325PE.NFO,07/01/2020,10:41:14,11.2,11.35,3000,11.45,18000,0,927000
SBIN30Jan20325PE.NFO,07/01/2020,10:41:20,11.2,11.35,6000,11.45,18000,0,927000
SBIN30Jan20325PE.NFO,07/01/2020,10:41:26,11.2,11.35,3000,11.4,9000,0,927000
SBIN30Jan20325PE.NFO,07/01/2020,10:41:32,11.35,11.3,3000,11.4,15000,3000,930000
SBIN30Jan20325PE.NFO,07/01/2020,10:41:37,11.35,11.25,24000,11.4,15000,0,930000
SBIN30Jan20325PE.NFO,07/01/2020,10:41:41,11.4,11.25,24000,11.4,12000,3000,927000
SBIN30Jan20325PE.NFO,07/01/2020,10:41:44,11.4,11.25,15000,11.35,3000,0,927000
SBIN30Jan20325PE.NFO,07/01/2020,10:41:51,11.4,11.25,3000,11.35,12000,0,927000
SBIN30Jan20325PE.NFO,07/01/2020,10:41:55,11.4,11.15,12000,11.25,6000,0,927000
SBIN30Jan20325PE.NFO,07/01/2020,10:41:59,11.4,11.2,9000,11.3,15000,0,927000
SBIN30Jan20325PE.NFO,07/01/2020,10:42:09,11.4,11.2,9000,11.3,12000,0,927000
SBIN30Jan20325PE.NFO,07/01/2020,10:42:13,11.3,11.25,6000,11.35,18000,6000,927000
SBIN30Jan20325PE.NFO,07/01/2020,10:42:18,11.3,11.25,3000,11.35,18000,0,927000
SBIN30Jan20325PE.NFO,07/01/2020,10:42:35,11.3,11.25,27000,11.4,18000,0,927000
SBIN30Jan20325PE.NFO,07/01/2020,10:42:38,11.3,11.25,18000,11.4,18000,0,927000
SBIN30Jan20325PE.NFO,07/01/2020,10:42:45,11.3,11.25,9000,11.35,12000,0,927000
SBIN30Jan20325PE.NFO,07/01/2020,10:42:47,11.3,11.25,15000,11.35,12000,0,927000
SBIN30Jan20325PE.NFO,07/01/2020,10:42:49,11.3,11.25,24000,11.4,12000,0,927000
SBIN30Jan20325PE.NFO,07/01/2020,10:42:54,11.3,11.3,9000,11.4,6000,0,927000
SBIN30Jan20325PE.NFO,07/01/2020,10:42:57,11.3,11.3,9000,11.4,9000,0,927000
SBIN30Jan20325PE.NFO,07/01/2020,10:42:59,11.3,11.25,21000,11.4,12000,0,927000
SBIN30Jan20325PE.NFO,07/01/2020,10:43:01,11.3,11.25,24000,11.4,12000,0,927000
SBIN30Jan20325PE.NFO,07/01/2020,10:43:08,11.25,11.25,21000,11.4,12000,3000,927000
SBIN30Jan20325PE.NFO,07/01/2020,10:43:11,11.25,11.25,21000,11.4,18000,0,927000
SBIN30Jan20325PE.NFO,07/01/2020,10:43:18,11.25,11.25,18000,11.4,18000,0,927000
SBIN30Jan20325PE.NFO,07/01/2020,10:43:23,11.25,11.25,21000,11.4,12000,0,927000
SBIN30Jan20325PE.NFO,07/01/2020,10:43:28,11.25,11.2,18000,11.35,15000,0,927000
SBIN30Jan20325PE.NFO,07/01/2020,10:43:32,11.25,11.25,9000,11.35,9000,0,927000
SBIN30Jan20325PE.NFO,07/01/2020,10:43:39,11.25,11.25,12000,11.4,15000,6000,927000
SBIN30Jan20325PE.NFO,07/01/2020,10:43:50,11.25,11.25,18000,11.4,9000,0,927000
SBIN30Jan20325PE.NFO,07/01/2020,10:43:53,11.25,11.25,18000,11.4,12000,0,927000
SBIN30Jan20325PE.NFO,07/01/2020,10:43:57,11.25,11.3,3000,11.4,6000,0,927000
SBIN30Jan20325PE.NFO,07/01/2020,10:44:05,11.25,11.3,3000,11.4,3000,0,927000
SBIN30Jan20325PE.NFO,07/01/2020,10:44:07,11.25,11.3,12000,11.4,3000,0,927000
SBIN30Jan20325PE.NFO,07/01/2020,10:44:18,11.25,11.3,12000,11.4,6000,0,927000
SBIN30Jan20325PE.NFO,07/01/2020,10:44:24,11.25,11.3,12000,11.45,21000,0,927000
SBIN30Jan20325PE.NFO,07/01/2020,10:44:29,11.25,11.3,9000,11.4,9000,0,927000
SBIN30Jan20325PE.NFO,07/01/2020,10:44:32,11.25,11.35,3000,11.45,12000,0,927000
SBIN30Jan20325PE.NFO,07/01/2020,10:44:35,11.25,11.35,3000,11.45,18000,0,927000
SBIN30Jan20325PE.NFO,07/01/2020,10:44:38,11.25,11.35,3000,11.45,15000,0,927000
SBIN30Jan20325PE.NFO,07/01/2020,10:44:41,11.25,11.35,3000,11.45,12000,0,927000
SBIN30Jan20325PE.NFO,07/01/2020,10:44:44,11.25,11.4,3000,11.45,9000,0,927000
SBIN30Jan20325PE.NFO,07/01/2020,10:44:46,11.45,11.35,15000,11.45,6000,3000,933000
SBIN30Jan20325PE.NFO,07/01/2020,10:44:50,11.45,11.35,12000,11.45,6000,0,933000
SBIN30Jan20325PE.NFO,07/01/2020,10:44:52,11.45,11.35,18000,11.5,15000,0,933000
SBIN30Jan20325PE.NFO,07/01/2020,10:44:56,11.45,11.4,3000,11.5,15000,0,933000
SBIN30Jan20325PE.NFO,07/01/2020,10:45:00,11.55,11.45,15000,11.55,6000,3000,933000
SBIN30Jan20325PE.NFO,07/01/2020,10:45:06,11.55,11.45,15000,11.55,6000,0,933000
SBIN30Jan20325PE.NFO,07/01/2020,10:45:10,11.5,11.45,18000,11.55,6000,3000,933000
SBIN30Jan20325PE.NFO,07/01/2020,10:45:15,11.5,11.4,24000,11.55,15000,0,933000
SBIN30Jan20325PE.NFO,07/01/2020,10:45:21,11.5,11.45,3000,11.55,9000,0,933000
SBIN30Jan20325PE.NFO,07/01/2020,10:45:25,11.5,11.4,24000,11.55,9000,0,933000
SBIN30Jan20325PE.NFO,07/01/2020,10:45:29,11.5,11.45,3000,11.55,12000,0,933000
SBIN30Jan20325PE.NFO,07/01/2020,10:45:38,11.5,11.4,15000,11.5,6000,0,933000
SBIN30Jan20325PE.NFO,07/01/2020,10:45:41,11.5,11.45,3000,11.55,15000,0,933000
SBIN30Jan20325PE.NFO,07/01/2020,10:45:46,11.5,11.45,3000,11.55,12000,0,933000
SBIN30Jan20325PE.NFO,07/01/2020,10:45:50,11.5,11.45,3000,11.55,15000,0,933000
SBIN30Jan20325PE.NFO,07/01/2020,10:45:53,11.5,11.4,21000,11.55,18000,0,933000
SBIN30Jan20325PE.NFO,07/01/2020,10:45:58,11.5,11.45,3000,11.55,15000,0,933000
SBIN30Jan20325PE.NFO,07/01/2020,10:46:02,11.5,11.45,3000,11.55,12000,0,933000
SBIN30Jan20325PE.NFO,07/01/2020,10:46:09,11.5,11.4,18000,11.55,18000,0,933000
SBIN30Jan20325PE.NFO,07/01/2020,10:46:11,11.5,11.4,21000,11.55,18000,0,933000
SBIN30Jan20325PE.NFO,07/01/2020,10:46:25,11.5,11.4,15000,11.5,9000,0,933000
SBIN30Jan20325PE.NFO,07/01/2020,10:46:32,11.5,11.45,3000,11.55,12000,0,933000
SBIN30Jan20325PE.NFO,07/01/2020,10:46:42,11.5,11.4,21000,11.55,18000,0,933000
SBIN30Jan20325PE.NFO,07/01/2020,10:46:48,11.5,11.45,6000,11.55,12000,0,933000
SBIN30Jan20325PE.NFO,07/01/2020,10:46:51,11.5,11.4,21000,11.55,9000,3000,933000
SBIN30Jan20325PE.NFO,07/01/2020,10:46:53,11.5,11.4,21000,11.55,18000,0,933000
SBIN30Jan20325PE.NFO,07/01/2020,10:47:00,11.5,11.45,3000,11.5,9000,0,933000
SBIN30Jan20325PE.NFO,07/01/2020,10:47:15,11.45,11.3,12000,11.45,18000,3000,933000
SBIN30Jan20325PE.NFO,07/01/2020,10:47:21,11.45,11.3,18000,11.45,21000,0,933000
SBIN30Jan20325PE.NFO,07/01/2020,10:47:25,11.45,11.25,18000,11.4,12000,0,933000
SBIN30Jan20325PE.NFO,07/01/2020,10:47:29,11.45,11.3,3000,11.4,12000,0,933000
SBIN30Jan20325PE.NFO,07/01/2020,10:47:37,11.45,11.35,3000,11.45,15000,0,933000
SBIN30Jan20325PE.NFO,07/01/2020,10:47:40,11.45,11.3,12000,11.45,21000,0,933000
SBIN30Jan20325PE.NFO,07/01/2020,10:47:45,11.45,11.3,12000,11.45,24000,0,933000
SBIN30Jan20325PE.NFO,07/01/2020,10:47:56,11.45,11.35,3000,11.45,15000,0,933000
SBIN30Jan20325PE.NFO,07/01/2020,10:47:59,11.45,11.35,3000,11.45,18000,0,933000
SBIN30Jan20325PE.NFO,07/01/2020,10:48:03,11.45,11.35,9000,11.45,18000,0,933000
SBIN30Jan20325PE.NFO,07/01/2020,10:48:07,11.45,11.35,9000,11.45,9000,0,933000
SBIN30Jan20325PE.NFO,07/01/2020,10:48:29,11.45,11.35,9000,11.45,12000,0,933000
SBIN30Jan20325PE.NFO,07/01/2020,10:48:32,11.45,11.4,6000,11.5,12000,3000,942000
SBIN30Jan20325PE.NFO,07/01/2020,10:48:38,11.5,11.45,9000,11.55,9000,3000,942000
SBIN30Jan20325PE.NFO,07/01/2020,10:48:47,11.5,11.5,3000,11.55,9000,0,942000
SBIN30Jan20325PE.NFO,07/01/2020,10:48:54,11.5,11.5,3000,11.55,3000,0,942000
SBIN30Jan20325PE.NFO,07/01/2020,10:48:58,11.5,11.5,9000,11.6,24000,0,942000
SBIN30Jan20325PE.NFO,07/01/2020,10:49:02,11.5,11.55,3000,11.6,21000,0,942000
SBIN30Jan20325PE.NFO,07/01/2020,10:49:05,11.55,11.5,3000,11.6,18000,3000,942000
SBIN30Jan20325PE.NFO,07/01/2020,10:49:08,11.55,11.5,6000,11.6,21000,0,942000
SBIN30Jan20325PE.NFO,07/01/2020,10:49:12,11.55,11.5,6000,11.55,6000,0,942000
SBIN30Jan20325PE.NFO,07/01/2020,10:49:32,11.55,11.5,6000,11.55,9000,0,942000
SBIN30Jan20325PE.NFO,07/01/2020,10:49:35,11.55,11.5,3000,11.55,9000,0,942000
SBIN30Jan20325PE.NFO,07/01/2020,10:49:37,11.55,11.5,6000,11.55,9000,0,942000
SBIN30Jan20325PE.NFO,07/01/2020,10:49:40,11.55,11.5,9000,11.55,3000,0,942000
SBIN30Jan20325PE.NFO,07/01/2020,10:49:43,11.55,11.5,6000,11.55,3000,0,942000
SBIN30Jan20325PE.NFO,07/01/2020,10:49:47,11.55,11.5,6000,11.6,12000,3000,942000
SBIN30Jan20325PE.NFO,07/01/2020,10:49:51,11.6,11.6,9000,11.7,3000,9000,942000
SBIN30Jan20325PE.NFO,07/01/2020,10:49:54,11.6,11.6,9000,11.7,3000,0,942000
SBIN30Jan20325PE.NFO,07/01/2020,10:50:00,11.6,11.6,21000,11.75,9000,0,942000
SBIN30Jan20325PE.NFO,07/01/2020,10:50:06,12,11.9,24000,12.05,6000,27000,942000
SBIN30Jan20325PE.NFO,07/01/2020,10:50:11,12,11.9,3000,12,12000,0,942000
SBIN30Jan20325PE.NFO,07/01/2020,10:50:16,12,11.9,3000,12,6000,0,942000
SBIN30Jan20325PE.NFO,07/01/2020,10:50:22,12.1,11.9,12000,12.05,9000,12000,942000
SBIN30Jan20325PE.NFO,07/01/2020,10:50:27,11.9,11.9,9000,12.05,6000,3000,942000
SBIN30Jan20325PE.NFO,07/01/2020,10:50:32,12,11.9,12000,12.05,9000,3000,954000
SBIN30Jan20325PE.NFO,07/01/2020,10:50:38,12,11.9,21000,12,3000,0,954000
SBIN30Jan20325PE.NFO,07/01/2020,10:50:48,12,11.95,12000,12.1,24000,3000,954000
SBIN30Jan20325PE.NFO,07/01/2020,10:50:52,12,11.95,15000,12.1,18000,0,954000
SBIN30Jan20325PE.NFO,07/01/2020,10:50:56,12.1,12,3000,12.1,12000,3000,954000
SBIN30Jan20325PE.NFO,07/01/2020,10:51:00,12.1,12,18000,12.05,3000,0,954000
SBIN30Jan20325PE.NFO,07/01/2020,10:51:04,12.1,12.05,6000,12.2,15000,6000,954000
SBIN30Jan20325PE.NFO,07/01/2020,10:51:08,12.1,12.05,15000,12.2,9000,0,954000
SBIN30Jan20325PE.NFO,07/01/2020,10:51:12,12.1,12.05,18000,12.2,9000,0,954000
SBIN30Jan20325PE.NFO,07/01/2020,10:51:20,12.1,12.1,6000,12.2,9000,0,954000
SBIN30Jan20325PE.NFO,07/01/2020,10:51:24,12.1,12.1,12000,12.2,9000,0,954000
SBIN30Jan20325PE.NFO,07/01/2020,10:51:28,12.1,12.1,3000,12.2,9000,15000,954000
SBIN30Jan20325PE.NFO,07/01/2020,10:51:32,12.1,12.1,6000,12.2,9000,0,954000
SBIN30Jan20325PE.NFO,07/01/2020,10:51:36,12.1,12.1,6000,12.2,12000,0,954000
SBIN30Jan20325PE.NFO,07/01/2020,10:51:39,12.15,12.15,3000,12.25,6000,3000,954000
SBIN30Jan20325PE.NFO,07/01/2020,10:51:44,12.15,12.1,12000,12.15,3000,0,954000
SBIN30Jan20325PE.NFO,07/01/2020,10:51:48,12.15,12.1,12000,12.2,15000,0,954000
SBIN30Jan20325PE.NFO,07/01/2020,10:51:53,12.15,12.1,12000,12.2,21000,0,954000
SBIN30Jan20325PE.NFO,07/01/2020,10:51:57,12.1,12.1,12000,12.25,15000,3000,954000
SBIN30Jan20325PE.NFO,07/01/2020,10:52:01,12.2,12.15,12000,12.25,9000,3000,954000
SBIN30Jan20325PE.NFO,07/01/2020,10:52:05,12.2,12.15,6000,12.25,9000,0,954000
SBIN30Jan20325PE.NFO,07/01/2020,10:52:09,12.2,12.15,12000,12.25,9000,0,954000
SBIN30Jan20325PE.NFO,07/01/2020,10:52:14,12.2,12.2,3000,12.3,24000,0,954000
SBIN30Jan20325PE.NFO,07/01/2020,10:52:19,12.2,12.2,3000,12.3,18000,0,954000
SBIN30Jan20325PE.NFO,07/01/2020,10:52:23,12.2,12.2,6000,12.3,9000,0,954000
SBIN30Jan20325PE.NFO,07/01/2020,10:52:28,12.3,12.25,6000,12.35,12000,3000,954000
SBIN30Jan20325PE.NFO,07/01/2020,10:52:36,12.3,12.25,9000,12.35,9000,0,954000
SBIN30Jan20325PE.NFO,07/01/2020,10:52:44,12.35,12.25,15000,12.4,12000,3000,954000
SBIN30Jan20325PE.NFO,07/01/2020,10:52:48,12.35,12.3,3000,12.4,12000,0,954000
SBIN30Jan20325PE.NFO,07/01/2020,10:52:52,12.3,12.25,18000,12.4,6000,3000,954000
SBIN30Jan20325PE.NFO,07/01/2020,10:52:57,12.3,12.3,18000,12.4,6000,0,954000
SBIN30Jan20325PE.NFO,07/01/2020,10:53:04,12.4,12.3,27000,12.45,9000,3000,954000
SBIN30Jan20325PE.NFO,07/01/2020,10:53:10,12.4,12.3,9000,12.4,3000,0,954000
SBIN30Jan20325PE.NFO,07/01/2020,10:53:17,12.4,12.35,9000,12.45,3000,3000,954000
SBIN30Jan20325PE.NFO,07/01/2020,10:53:23,12.35,12.4,3000,12.45,3000,6000,954000
SBIN30Jan20325PE.NFO,07/01/2020,10:53:29,12.4,12.35,9000,12.45,3000,6000,954000
SBIN30Jan20325PE.NFO,07/01/2020,10:53:34,12.4,12.35,12000,12.5,15000,0,954000
SBIN30Jan20325PE.NFO,07/01/2020,10:53:40,12.35,12.3,21000,12.45,12000,9000,951000
SBIN30Jan20325PE.NFO,07/01/2020,10:53:45,12.45,12.35,9000,12.5,18000,3000,951000
SBIN30Jan20325PE.NFO,07/01/2020,10:53:51,12.5,12.45,3000,12.55,9000,6000,951000
SBIN30Jan20325PE.NFO,07/01/2020,10:53:58,12.55,12.45,9000,12.55,3000,6000,951000
SBIN30Jan20325PE.NFO,07/01/2020,10:54:04,12.55,12.4,18000,12.5,3000,0,951000
SBIN30Jan20325PE.NFO,07/01/2020,10:54:10,12.55,12.45,12000,12.55,6000,0,951000
SBIN30Jan20325PE.NFO,07/01/2020,10:54:16,12.5,12.45,15000,12.55,3000,6000,951000
SBIN30Jan20325PE.NFO,07/01/2020,10:54:22,12.5,12.45,12000,12.55,3000,0,951000
SBIN30Jan20325PE.NFO,07/01/2020,10:54:27,12.5,12.5,15000,12.6,3000,0,951000
SBIN30Jan20325PE.NFO,07/01/2020,10:54:32,12.5,12.45,12000,12.55,3000,0,951000
SBIN30Jan20325PE.NFO,07/01/2020,10:54:41,12.5,12.45,12000,12.55,6000,0,951000
SBIN30Jan20325PE.NFO,07/01/2020,10:54:46,12.45,12.45,9000,12.55,6000,3000,951000
SBIN30Jan20325PE.NFO,07/01/2020,10:54:51,12.45,12.45,9000,12.55,3000,0,951000
SBIN30Jan20325PE.NFO,07/01/2020,10:54:55,12.45,12.5,9000,12.6,6000,0,951000
SBIN30Jan20325PE.NFO,07/01/2020,10:55:00,12.45,12.5,12000,12.6,6000,0,951000
SBIN30Jan20325PE.NFO,07/01/2020,10:55:04,12.45,12.55,3000,12.6,3000,0,951000
SBIN30Jan20325PE.NFO,07/01/2020,10:55:13,12.65,12.55,6000,12.65,6000,6000,951000
SBIN30Jan20325PE.NFO,07/01/2020,10:55:17,12.6,12.55,3000,12.65,9000,6000,951000
SBIN30Jan20325PE.NFO,07/01/2020,10:55:22,12.6,12.5,9000,12.55,3000,0,951000
SBIN30Jan20325PE.NFO,07/01/2020,10:55:26,12.6,12.5,6000,12.6,6000,0,951000
SBIN30Jan20325PE.NFO,07/01/2020,10:55:32,12.6,12.5,12000,12.6,9000,3000,951000
SBIN30Jan20325PE.NFO,07/01/2020,10:55:37,12.6,12.5,6000,12.55,3000,0,951000
SBIN30Jan20325PE.NFO,07/01/2020,10:55:42,12.55,12.5,9000,12.55,3000,6000,951000
SBIN30Jan20325PE.NFO,07/01/2020,10:55:46,12.55,12.5,9000,12.6,12000,0,951000
SBIN30Jan20325PE.NFO,07/01/2020,10:55:51,12.5,12.5,6000,12.6,12000,3000,951000
SBIN30Jan20325PE.NFO,07/01/2020,10:55:56,12.5,12.5,6000,12.6,12000,0,951000
SBIN30Jan20325PE.NFO,07/01/2020,10:56:00,12.5,12.45,12000,12.55,3000,0,951000
SBIN30Jan20325PE.NFO,07/01/2020,10:56:05,12.5,12.5,3000,12.6,12000,0,951000
SBIN30Jan20325PE.NFO,07/01/2020,10:56:11,12.5,12.35,9000,12.45,3000,3000,951000
SBIN30Jan20325PE.NFO,07/01/2020,10:56:17,12.5,12.35,3000,12.4,3000,0,951000
SBIN30Jan20325PE.NFO,07/01/2020,10:56:21,12.5,12.35,3000,12.45,9000,0,951000
SBIN30Jan20325PE.NFO,07/01/2020,10:56:26,12.5,12.3,12000,12.4,3000,0,951000
SBIN30Jan20325PE.NFO,07/01/2020,10:56:30,12.5,12.35,6000,12.45,6000,0,951000
SBIN30Jan20325PE.NFO,07/01/2020,10:56:35,12.5,12.35,12000,12.45,6000,0,951000
SBIN30Jan20325PE.NFO,07/01/2020,10:56:40,12.5,12.35,6000,12.45,9000,0,951000
SBIN30Jan20325PE.NFO,07/01/2020,10:56:45,12.35,12.3,15000,12.4,3000,3000,930000
SBIN30Jan20325PE.NFO,07/01/2020,10:56:49,12.35,12.3,15000,12.45,12000,3000,930000
SBIN30Jan20325PE.NFO,07/01/2020,10:56:54,12.5,12.4,3000,12.5,6000,3000,930000
SBIN30Jan20325PE.NFO,07/01/2020,10:57:02,12.5,12.35,18000,12.5,12000,0,930000
SBIN30Jan20325PE.NFO,07/01/2020,10:57:06,12.5,12.35,9000,12.45,3000,0,930000
SBIN30Jan20325PE.NFO,07/01/2020,10:57:12,12.5,12.4,6000,12.5,9000,0,930000
SBIN30Jan20325PE.NFO,07/01/2020,10:57:19,12.5,12.45,6000,12.6,9000,3000,930000
SBIN30Jan20325PE.NFO,07/01/2020,10:57:26,12.5,12.5,9000,12.6,3000,0,930000
SBIN30Jan20325PE.NFO,07/01/2020,10:57:32,12.5,12.5,3000,12.6,12000,0,930000
SBIN30Jan20325PE.NFO,07/01/2020,10:57:38,12.6,12.65,9000,12.75,9000,3000,930000
SBIN30Jan20325PE.NFO,07/01/2020,10:57:44,12.6,12.6,12000,12.7,6000,0,930000
SBIN30Jan20325PE.NFO,07/01/2020,10:57:50,12.6,12.6,3000,12.7,6000,6000,930000
SBIN30Jan20325PE.NFO,07/01/2020,10:57:55,12.7,12.6,3000,12.65,3000,9000,930000
SBIN30Jan20325PE.NFO,07/01/2020,10:57:59,12.65,12.65,3000,12.75,6000,6000,930000
SBIN30Jan20325PE.NFO,07/01/2020,10:58:04,12.65,12.65,9000,12.75,9000,0,930000
SBIN30Jan20325PE.NFO,07/01/2020,10:58:09,12.65,12.75,3000,12.8,6000,0,930000
SBIN30Jan20325PE.NFO,07/01/2020,10:58:14,12.75,12.65,12000,12.75,6000,3000,930000
SBIN30Jan20325PE.NFO,07/01/2020,10:58:19,12.75,12.6,18000,12.75,12000,3000,930000
SBIN30Jan20325PE.NFO,07/01/2020,10:58:25,12.75,12.7,6000,12.8,6000,0,930000
SBIN30Jan20325PE.NFO,07/01/2020,10:58:30,12.75,12.7,9000,12.75,3000,0,930000
SBIN30Jan20325PE.NFO,07/01/2020,10:58:36,12.75,12.7,12000,12.8,3000,0,930000
SBIN30Jan20325PE.NFO,07/01/2020,10:58:41,12.8,12.75,12000,12.9,9000,3000,930000
SBIN30Jan20325PE.NFO,07/01/2020,10:58:47,12.95,12.9,15000,13.05,3000,15000,930000
SBIN30Jan20325PE.NFO,07/01/2020,10:58:53,12.95,12.9,12000,13.05,3000,3000,930000
SBIN30Jan20325PE.NFO,07/01/2020,10:58:58,12.95,12.95,3000,13.05,3000,0,930000
SBIN30Jan20325PE.NFO,07/01/2020,10:59:04,12.9,12.9,3000,13,3000,6000,930000
SBIN30Jan20325PE.NFO,07/01/2020,10:59:10,12.9,12.95,3000,13.05,6000,0,930000
SBIN30Jan20325PE.NFO,07/01/2020,10:59:15,12.9,12.85,12000,12.95,3000,0,930000
SBIN30Jan20325PE.NFO,07/01/2020,10:59:19,12.9,12.9,6000,13,3000,0,930000
SBIN30Jan20325PE.NFO,07/01/2020,10:59:24,13,13,6000,13.1,12000,3000,930000
SBIN30Jan20325PE.NFO,07/01/2020,10:59:30,13,12.9,18000,13.05,9000,3000,930000
SBIN30Jan20325PE.NFO,07/01/2020,10:59:35,12.85,12.85,12000,12.95,3000,9000,921000
SBIN30Jan20325PE.NFO,07/01/2020,10:59:41,12.85,12.85,18000,12.95,3000,0,921000
SBIN30Jan20325PE.NFO,07/01/2020,10:59:47,12.95,12.9,6000,13,3000,3000,921000
SBIN30Jan20325PE.NFO,07/01/2020,10:59:52,13,12.9,3000,13,6000,15000,921000
SBIN30Jan20325PE.NFO,07/01/2020,10:59:57,13,12.9,3000,13,6000,3000,921000
SBIN30Jan20325PE.NFO,07/01/2020,11:00:09,13.05,13,3000,13.1,9000,6000,921000
SBIN30Jan20325PE.NFO,07/01/2020,11:00:16,13.1,13,12000,13.15,6000,9000,921000
SBIN30Jan20325PE.NFO,07/01/2020,11:00:22,13,13,6000,13.1,9000,9000,921000
SBIN30Jan20325PE.NFO,07/01/2020,11:00:29,13,13.05,6000,13.15,3000,0,921000
SBIN30Jan20325PE.NFO,07/01/2020,11:00:36,13.15,13.1,3000,13.2,6000,3000,921000
SBIN30Jan20325PE.NFO,07/01/2020,11:00:43,13.1,13.05,15000,13.15,3000,6000,921000
SBIN30Jan20325PE.NFO,07/01/2020,11:00:50,13.1,13.05,6000,13.15,6000,0,921000
SBIN30Jan20325PE.NFO,07/01/2020,11:00:56,13.15,13.1,6000,13.2,6000,3000,921000
SBIN30Jan20325PE.NFO,07/01/2020,11:01:05,13.45,13.35,3000,13.45,3000,6000,921000
SBIN30Jan20325PE.NFO,07/01/2020,11:01:12,13.45,13.3,6000,13.45,3000,6000,921000
SBIN30Jan20325PE.NFO,07/01/2020,11:01:20,13.5,13.45,6000,13.55,9000,6000,921000
SBIN30Jan20325PE.NFO,07/01/2020,11:01:27,13.4,13.4,6000,13.5,6000,9000,921000
SBIN30Jan20325PE.NFO,07/01/2020,11:01:34,13.35,13.3,6000,13.4,3000,3000,921000
SBIN30Jan20325PE.NFO,07/01/2020,11:01:41,13.45,13.3,6000,13.45,9000,3000,921000
SBIN30Jan20325PE.NFO,07/01/2020,11:01:50,13.3,13.05,12000,13.15,3000,3000,921000
SBIN30Jan20325PE.NFO,07/01/2020,11:01:58,13.3,13,9000,13.15,6000,0,921000
SBIN30Jan20325PE.NFO,07/01/2020,11:02:04,13.15,13.05,9000,13.15,3000,3000,921000
SBIN30Jan20325PE.NFO,07/01/2020,11:02:11,13.15,13.05,3000,13.15,3000,0,921000
SBIN30Jan20325PE.NFO,07/01/2020,11:02:18,13.05,13,6000,13.1,3000,3000,921000
SBIN30Jan20325PE.NFO,07/01/2020,11:02:25,13.05,13.05,3000,13.15,6000,0,921000
SBIN30Jan20325PE.NFO,07/01/2020,11:02:32,13.2,13.05,6000,13.15,6000,3000,921000
SBIN30Jan20325PE.NFO,07/01/2020,11:02:39,13.1,12.95,21000,13.1,6000,3000,915000
SBIN30Jan20325PE.NFO,07/01/2020,11:02:45,13.1,12.95,12000,13.1,15000,0,915000
SBIN30Jan20325PE.NFO,07/01/2020,11:02:51,13.2,13.1,9000,13.25,9000,9000,915000
SBIN30Jan20325PE.NFO,07/01/2020,11:02:58,13.2,13.15,6000,13.3,6000,0,915000
SBIN30Jan20325PE.NFO,07/01/2020,11:03:05,13.2,13.15,18000,13.35,9000,3000,915000
SBIN30Jan20325PE.NFO,07/01/2020,11:03:11,13.2,13.25,9000,13.4,6000,0,915000
SBIN30Jan20325PE.NFO,07/01/2020,11:03:18,13.2,13.3,6000,13.45,6000,0,915000
SBIN30Jan20325PE.NFO,07/01/2020,11:03:24,13.2,13.3,3000,13.4,6000,0,915000
SBIN30Jan20325PE.NFO,07/01/2020,11:03:30,13.2,13.3,9000,13.4,3000,0,915000
SBIN30Jan20325PE.NFO,07/01/2020,11:03:36,13.2,13.35,6000,13.45,9000,0,915000
SBIN30Jan20325PE.NFO,07/01/2020,11:03:43,13.35,13.4,6000,13.5,9000,3000,915000
SBIN30Jan20325PE.NFO,07/01/2020,11:03:50,13.35,13.4,9000,13.5,6000,3000,915000
SBIN30Jan20325PE.NFO,07/01/2020,11:03:56,13.4,13.35,6000,13.4,3000,6000,915000
SBIN30Jan20325PE.NFO,07/01/2020,11:04:03,13.5,13.4,24000,13.6,6000,6000,915000
SBIN30Jan20325PE.NFO,07/01/2020,11:04:10,13.55,13.45,15000,13.55,6000,6000,915000
SBIN30Jan20325PE.NFO,07/01/2020,11:04:17,13.7,13.65,6000,13.8,9000,9000,915000
SBIN30Jan20325PE.NFO,07/01/2020,11:04:23,13.7,13.65,6000,13.8,9000,0,915000
SBIN30Jan20325PE.NFO,07/01/2020,11:04:29,13.7,13.6,6000,13.7,3000,3000,915000
SBIN30Jan20325PE.NFO,07/01/2020,11:04:36,13.65,13.65,9000,13.75,3000,3000,915000
SBIN30Jan20325PE.NFO,07/01/2020,11:04:43,13.65,13.65,15000,13.8,9000,3000,915000
SBIN30Jan20325PE.NFO,07/01/2020,11:04:50,13.65,13.55,9000,13.65,6000,3000,915000
SBIN30Jan20325PE.NFO,07/01/2020,11:04:57,13.5,13.5,3000,13.55,3000,12000,915000
SBIN30Jan20325PE.NFO,07/01/2020,11:05:04,13.5,13.45,9000,13.55,3000,3000,915000
SBIN30Jan20325PE.NFO,07/01/2020,11:05:10,13.5,13.5,6000,13.6,6000,0,915000
SBIN30Jan20325PE.NFO,07/01/2020,11:05:17,13.5,13.45,9000,13.55,3000,3000,915000
SBIN30Jan20325PE.NFO,07/01/2020,11:05:24,13.5,13.4,12000,13.55,6000,0,915000
SBIN30Jan20325PE.NFO,07/01/2020,11:05:30,13.45,13.4,9000,13.5,3000,3000,915000
SBIN30Jan20325PE.NFO,07/01/2020,11:05:37,13.4,13.35,9000,13.45,6000,3000,924000
SBIN30Jan20325PE.NFO,07/01/2020,11:05:43,13.25,13.25,3000,13.35,3000,9000,924000
SBIN30Jan20325PE.NFO,07/01/2020,11:05:49,13.25,13.3,6000,13.4,3000,0,924000
SBIN30Jan20325PE.NFO,07/01/2020,11:05:57,13.25,13.2,9000,13.3,3000,0,924000
SBIN30Jan20325PE.NFO,07/01/2020,11:06:04,13.25,13.15,3000,13.25,3000,0,924000
SBIN30Jan20325PE.NFO,07/01/2020,11:06:11,13.25,13.05,6000,13.15,6000,0,924000
SBIN30Jan20325PE.NFO,07/01/2020,11:06:17,13.25,13.1,3000,13.15,6000,0,924000
SBIN30Jan20325PE.NFO,07/01/2020,11:06:24,13.2,13.15,9000,13.3,9000,12000,924000
SBIN30Jan20325PE.NFO,07/01/2020,11:06:30,13.2,13.15,15000,13.25,3000,0,924000
SBIN30Jan20325PE.NFO,07/01/2020,11:06:36,13.2,13.15,18000,13.25,3000,0,924000
SBIN30Jan20325PE.NFO,07/01/2020,11:06:40,13.2,13.25,6000,13.4,12000,3000,924000
SBIN30Jan20325PE.NFO,07/01/2020,11:06:51,13.4,13.3,6000,13.4,3000,6000,924000
SBIN30Jan20325PE.NFO,07/01/2020,11:06:56,13.4,13.3,3000,13.4,9000,0,924000
SBIN30Jan20325PE.NFO,07/01/2020,11:07:02,13.4,13.3,6000,13.4,9000,0,924000
SBIN30Jan20325PE.NFO,07/01/2020,11:07:08,13.4,13.35,3000,13.45,6000,0,924000
SBIN30Jan20325PE.NFO,07/01/2020,11:07:13,13.4,13.3,6000,13.4,3000,0,924000
SBIN30Jan20325PE.NFO,07/01/2020,11:07:18,13.25,13.2,9000,13.35,6000,3000,924000
SBIN30Jan20325PE.NFO,07/01/2020,11:07:23,13.25,13.15,18000,13.3,6000,0,924000
SBIN30Jan20325PE.NFO,07/01/2020,11:07:29,13.3,13.3,9000,13.4,3000,3000,924000
SBIN30Jan20325PE.NFO,07/01/2020,11:07:39,13.3,13.2,12000,13.35,9000,0,924000
SBIN30Jan20325PE.NFO,07/01/2020,11:07:44,13.3,13.3,3000,13.4,9000,0,924000
SBIN30Jan20325PE.NFO,07/01/2020,11:07:54,13.3,13.25,15000,13.35,3000,0,924000
SBIN30Jan20325PE.NFO,07/01/2020,11:07:58,13.3,13.3,9000,13.4,6000,0,924000
SBIN30Jan20325PE.NFO,07/01/2020,11:08:03,13.4,13.4,9000,13.5,3000,3000,924000
SBIN30Jan20325PE.NFO,07/01/2020,11:08:08,13.45,13.4,3000,13.5,3000,3000,924000
SBIN30Jan20325PE.NFO,07/01/2020,11:08:18,13.45,13.5,9000,13.6,3000,0,924000
SBIN30Jan20325PE.NFO,07/01/2020,11:08:23,13.45,13.5,3000,13.6,6000,0,924000
SBIN30Jan20325PE.NFO,07/01/2020,11:08:28,13.45,13.45,12000,13.6,6000,6000,924000
SBIN30Jan20325PE.NFO,07/01/2020,11:08:34,13.55,13.55,9000,13.65,6000,3000,924000
SBIN30Jan20325PE.NFO,07/01/2020,11:08:39,13.65,13.55,12000,13.65,3000,3000,924000
SBIN30Jan20325PE.NFO,07/01/2020,11:08:44,13.65,13.55,3000,13.65,3000,3000,924000
SBIN30Jan20325PE.NFO,07/01/2020,11:08:48,13.65,13.45,12000,13.6,9000,0,924000
SBIN30Jan20325PE.NFO,07/01/2020,11:08:52,13.65,13.45,6000,13.55,6000,0,924000
SBIN30Jan20325PE.NFO,07/01/2020,11:08:56,13.65,13.45,9000,13.6,15000,0,924000
SBIN30Jan20325PE.NFO,07/01/2020,11:09:01,13.45,13.4,12000,13.5,3000,9000,924000
SBIN30Jan20325PE.NFO,07/01/2020,11:09:06,13.45,13.45,6000,13.55,9000,0,924000
SBIN30Jan20325PE.NFO,07/01/2020,11:09:10,13.45,13.4,6000,13.5,6000,0,924000
SBIN30Jan20325PE.NFO,07/01/2020,11:09:16,13.45,13.4,6000,13.5,12000,0,924000
SBIN30Jan20325PE.NFO,07/01/2020,11:09:21,13.35,13.4,6000,13.5,12000,3000,924000
SBIN30Jan20325PE.NFO,07/01/2020,11:09:26,13.35,13.35,12000,13.45,6000,0,924000
SBIN30Jan20325PE.NFO,07/01/2020,11:09:32,13.35,13.3,9000,13.4,3000,0,924000
SBIN30Jan20325PE.NFO,07/01/2020,11:09:37,13.35,13.35,9000,13.45,9000,0,924000
SBIN30Jan20325PE.NFO,07/01/2020,11:09:47,13.35,13.3,9000,13.4,9000,0,924000
SBIN30Jan20325PE.NFO,07/01/2020,11:09:51,13.35,13.35,6000,13.5,12000,0,924000
SBIN30Jan20325PE.NFO,07/01/2020,11:09:55,13.35,13.35,3000,13.45,9000,0,924000
SBIN30Jan20325PE.NFO,07/01/2020,11:09:59,13.35,13.35,9000,13.45,9000,0,924000
SBIN30Jan20325PE.NFO,07/01/2020,11:10:03,13.35,13.4,3000,13.5,3000,0,924000
SBIN30Jan20325PE.NFO,07/01/2020,11:10:08,13.35,13.4,3000,13.5,9000,0,924000
SBIN30Jan20325PE.NFO,07/01/2020,11:10:13,13.35,13.35,15000,13.45,3000,0,924000
SBIN30Jan20325PE.NFO,07/01/2020,11:10:23,13.35,13.4,3000,13.5,12000,0,924000
SBIN30Jan20325PE.NFO,07/01/2020,11:10:28,13.35,13.35,6000,13.45,9000,0,924000
SBIN30Jan20325PE.NFO,07/01/2020,11:10:34,13.35,13.25,12000,13.4,6000,0,924000
SBIN30Jan20325PE.NFO,07/01/2020,11:10:38,13.35,13.3,3000,13.4,12000,0,924000
SBIN30Jan20325PE.NFO,07/01/2020,11:10:42,13.35,13.25,9000,13.4,12000,0,924000
SBIN30Jan20325PE.NFO,07/01/2020,11:10:45,13.3,13.25,6000,13.35,3000,3000,924000
SBIN30Jan20325PE.NFO,07/01/2020,11:10:48,13.3,13.3,3000,13.4,12000,0,924000
SBIN30Jan20325PE.NFO,07/01/2020,11:10:52,13.3,13.25,12000,13.35,6000,3000,924000
SBIN30Jan20325PE.NFO,07/01/2020,11:10:55,13.3,13.25,12000,13.35,3000,0,924000
SBIN30Jan20325PE.NFO,07/01/2020,11:10:59,13.3,13.3,9000,13.45,9000,0,924000
SBIN30Jan20325PE.NFO,07/01/2020,11:11:03,13.45,13.4,6000,13.55,12000,6000,924000
SBIN30Jan20325PE.NFO,07/01/2020,11:11:08,13.45,13.45,6000,13.55,12000,0,924000
SBIN30Jan20325PE.NFO,07/01/2020,11:11:12,13.45,13.45,6000,13.55,6000,0,924000
SBIN30Jan20325PE.NFO,07/01/2020,11:11:19,13.6,13.6,3000,13.7,6000,6000,924000
SBIN30Jan20325PE.NFO,07/01/2020,11:11:27,13.7,13.7,3000,13.8,3000,6000,924000
SBIN30Jan20325PE.NFO,07/01/2020,11:11:35,13.65,13.65,9000,13.8,6000,9000,924000
SBIN30Jan20325PE.NFO,07/01/2020,11:11:35,13.75,13.65,9000,13.8,6000,0,924000
SBIN30Jan20325PE.NFO,07/01/2020,11:11:43,13.65,13.65,6000,13.75,12000,0,924000
SBIN30Jan20325PE.NFO,07/01/2020,11:11:49,13.75,13.7,3000,13.8,12000,12000,918000
SBIN30Jan20325PE.NFO,07/01/2020,11:11:55,13.75,13.75,3000,13.85,9000,0,918000
SBIN30Jan20325PE.NFO,07/01/2020,11:12:03,14,13.95,3000,14.05,6000,12000,918000
SBIN30Jan20325PE.NFO,07/01/2020,11:12:03,14,13.95,3000,14.05,6000,0,918000
SBIN30Jan20325PE.NFO,07/01/2020,11:12:12,13.95,13.95,3000,14.05,3000,6000,918000
SBIN30Jan20325PE.NFO,07/01/2020,11:12:19,13.95,13.95,3000,14.05,3000,0,918000
SBIN30Jan20325PE.NFO,07/01/2020,11:12:30,13.9,13.75,3000,13.85,3000,9000,918000
SBIN30Jan20325PE.NFO,07/01/2020,11:12:36,13.9,13.75,9000,13.9,3000,0,918000
SBIN30Jan20325PE.NFO,07/01/2020,11:12:41,13.9,13.75,12000,13.9,3000,0,918000
SBIN30Jan20325PE.NFO,07/01/2020,11:12:47,13.9,13.75,6000,13.9,3000,3000,918000
SBIN30Jan20325PE.NFO,07/01/2020,11:12:53,13.9,13.75,15000,13.9,9000,0,918000
SBIN30Jan20325PE.NFO,07/01/2020,11:12:58,13.9,13.8,9000,13.95,3000,0,918000
SBIN30Jan20325PE.NFO,07/01/2020,11:13:03,13.8,13.8,3000,13.9,3000,3000,918000
SBIN30Jan20325PE.NFO,07/01/2020,11:13:07,13.8,13.85,6000,13.95,3000,0,918000
SBIN30Jan20325PE.NFO,07/01/2020,11:13:13,13.8,13.8,6000,13.9,3000,0,918000
SBIN30Jan20325PE.NFO,07/01/2020,11:13:19,13.85,13.8,9000,13.95,6000,3000,918000
SBIN30Jan20325PE.NFO,07/01/2020,11:13:24,13.85,13.8,6000,13.9,3000,0,918000
SBIN30Jan20325PE.NFO,07/01/2020,11:13:29,13.85,13.85,3000,13.9,3000,0,918000
SBIN30Jan20325PE.NFO,07/01/2020,11:13:36,13.95,13.85,6000,14,9000,3000,918000
SBIN30Jan20325PE.NFO,07/01/2020,11:13:42,13.95,13.85,3000,13.95,9000,0,918000
SBIN30Jan20325PE.NFO,07/01/2020,11:13:48,13.8,13.75,12000,13.9,3000,6000,918000
SBIN30Jan20325PE.NFO,07/01/2020,11:13:53,13.8,13.7,6000,13.85,6000,0,918000
SBIN30Jan20325PE.NFO,07/01/2020,11:13:58,13.8,13.65,9000,13.8,6000,0,918000
SBIN30Jan20325PE.NFO,07/01/2020,11:14:03,13.8,13.65,6000,13.8,6000,0,918000
SBIN30Jan20325PE.NFO,07/01/2020,11:14:08,13.8,13.65,9000,13.8,9000,0,918000
SBIN30Jan20325PE.NFO,07/01/2020,11:14:24,13.8,13.65,3000,13.75,6000,0,918000
SBIN30Jan20325PE.NFO,07/01/2020,11:14:29,13.8,13.6,9000,13.75,6000,0,918000
SBIN30Jan20325PE.NFO,07/01/2020,11:14:33,13.8,13.65,3000,13.7,3000,0,918000
SBIN30Jan20325PE.NFO,07/01/2020,11:14:38,13.8,13.65,3000,13.75,3000,0,918000
SBIN30Jan20325PE.NFO,07/01/2020,11:14:42,13.6,13.55,3000,13.65,6000,6000,924000
SBIN30Jan20325PE.NFO,07/01/2020,11:14:47,13.6,13.45,9000,13.6,3000,0,924000
SBIN30Jan20325PE.NFO,07/01/2020,11:14:57,13.65,13.55,3000,13.7,6000,3000,924000
SBIN30Jan20325PE.NFO,07/01/2020,11:15:03,13.8,13.7,9000,13.85,6000,6000,924000
SBIN30Jan20325PE.NFO,07/01/2020,11:15:10,13.7,13.7,3000,13.85,12000,3000,924000
SBIN30Jan20325PE.NFO,07/01/2020,11:15:16,13.75,13.65,3000,13.75,3000,3000,924000
SBIN30Jan20325PE.NFO,07/01/2020,11:15:22,13.75,13.6,9000,13.75,9000,0,924000
SBIN30Jan20325PE.NFO,07/01/2020,11:15:27,13.75,13.65,6000,13.8,12000,0,924000
SBIN30Jan20325PE.NFO,07/01/2020,11:15:33,13.75,13.7,3000,13.85,12000,0,924000
SBIN30Jan20325PE.NFO,07/01/2020,11:15:38,13.75,13.6,9000,13.75,3000,0,924000
SBIN30Jan20325PE.NFO,07/01/2020,11:15:42,13.75,13.65,3000,13.75,3000,0,924000
SBIN30Jan20325PE.NFO,07/01/2020,11:15:50,13.75,13.7,3000,13.75,3000,0,924000
SBIN30Jan20325PE.NFO,07/01/2020,11:15:59,13.75,13.8,3000,13.9,3000,0,924000
SBIN30Jan20325PE.NFO,07/01/2020,11:16:05,13.75,13.75,3000,13.85,6000,0,924000
SBIN30Jan20325PE.NFO,07/01/2020,11:16:11,13.8,13.75,6000,13.9,3000,3000,924000
SBIN30Jan20325PE.NFO,07/01/2020,11:16:17,13.8,13.75,6000,13.9,9000,0,924000
SBIN30Jan20325PE.NFO,07/01/2020,11:16:23,13.7,13.6,9000,13.75,3000,3000,924000
SBIN30Jan20325PE.NFO,07/01/2020,11:16:29,13.75,13.6,9000,13.8,12000,3000,924000
SBIN30Jan20325PE.NFO,07/01/2020,11:16:34,13.75,13.75,3000,13.85,6000,0,924000
SBIN30Jan20325PE.NFO,07/01/2020,11:16:39,13.75,13.7,3000,13.8,6000,0,924000
SBIN30Jan20325PE.NFO,07/01/2020,11:16:44,13.75,13.7,3000,13.8,9000,0,924000
SBIN30Jan20325PE.NFO,07/01/2020,11:16:49,13.75,13.75,6000,13.85,3000,0,924000
SBIN30Jan20325PE.NFO,07/01/2020,11:17:01,13.75,13.75,3000,13.85,12000,0,924000
SBIN30Jan20325PE.NFO,07/01/2020,11:17:06,13.75,13.85,3000,13.95,6000,0,924000
SBIN30Jan20325PE.NFO,07/01/2020,11:17:10,13.75,13.8,6000,13.9,12000,0,924000
SBIN30Jan20325PE.NFO,07/01/2020,11:17:16,13.75,13.85,3000,13.95,6000,0,924000
SBIN30Jan20325PE.NFO,07/01/2020,11:17:22,13.75,13.8,6000,13.9,3000,0,924000
SBIN30Jan20325PE.NFO,07/01/2020,11:17:27,13.75,13.8,6000,13.85,3000,0,924000
SBIN30Jan20325PE.NFO,07/01/2020,11:17:32,13.8,13.75,3000,13.85,6000,3000,924000
SBIN30Jan20325PE.NFO,07/01/2020,11:17:38,13.65,13.6,6000,13.75,6000,9000,924000
SBIN30Jan20325PE.NFO,07/01/2020,11:17:45,13.65,13.6,6000,13.75,6000,0,924000
SBIN30Jan20325PE.NFO,07/01/2020,11:17:51,13.65,13.65,15000,13.8,3000,0,924000
SBIN30Jan20325PE.NFO,07/01/2020,11:17:55,13.65,13.7,3000,13.8,9000,0,924000
SBIN30Jan20325PE.NFO,07/01/2020,11:18:00,13.65,13.6,3000,13.75,6000,3000,921000
SBIN30Jan20325PE.NFO,07/01/2020,11:18:09,13.65,13.6,3000,13.7,3000,0,921000
SBIN30Jan20325PE.NFO,07/01/2020,11:18:14,13.65,13.55,3000,13.65,6000,0,921000
