Ticker,Date,Time,LTP,BuyPrice,BuyQty,SellPrice,SellQty,LTQ,OpenInterest
SBIN27Feb20335CE.NFO,07/01/2020,14:11:15,11.4,10.55,51000,11.75,3000,3000,0
SBIN27Feb20335CE.NFO,07/01/2020,14:11:15,11.4,10.55,51000,11.75,3000,0,0
SBIN27Feb20335CE.NFO,07/01/2020,14:11:15,11.4,10.55,51000,11.75,3000,0,0
SBIN27Feb20335CE.NFO,07/01/2020,14:11:15,11.4,10.55,51000,11.75,3000,0,0
SBIN27Feb20335CE.NFO,07/01/2020,14:11:18,11.4,10.55,51000,11.7,3000,0,0
SBIN27Feb20335CE.NFO,07/01/2020,14:11:21,11.4,10.55,51000,11.75,3000,0,0
SBIN27Feb20335CE.NFO,07/01/2020,14:11:24,11.4,10.55,51000,11.7,3000,0,0
SBIN27Feb20335CE.NFO,07/01/2020,14:11:28,11.4,10.55,51000,11.65,3000,0,0
SBIN27Feb20335CE.NFO,07/01/2020,14:11:31,11.4,10.55,51000,11.7,3000,0,0
SBIN27Feb20335CE.NFO,07/01/2020,14:12:05,11.4,10.55,51000,11.75,3000,0,0
SBIN27Feb20335CE.NFO,07/01/2020,14:12:11,11.4,10.55,51000,11.8,3000,0,0
SBIN27Feb20335CE.NFO,07/01/2020,14:12:16,11.4,10.55,51000,11.85,3000,0,0
SBIN27Feb20335CE.NFO,07/01/2020,14:12:25,11.4,10.55,51000,11.75,3000,0,0
SBIN27Feb20335CE.NFO,07/01/2020,14:12:45,11.4,10.55,51000,11.8,3000,0,0
SBIN27Feb20335CE.NFO,07/01/2020,14:12:49,11.4,10.55,51000,11.75,3000,0,0
SBIN27Feb20335CE.NFO,07/01/2020,14:12:52,11.4,10.55,51000,11.8,3000,0,0
SBIN27Feb20335CE.NFO,07/01/2020,14:12:56,11.4,10.55,51000,11.75,3000,0,0
SBIN27Feb20335CE.NFO,07/01/2020,14:13:13,11.4,10.55,51000,11.8,3000,0,0
SBIN27Feb20335CE.NFO,07/01/2020,14:13:23,11.4,10.55,51000,11.85,3000,0,0
SBIN27Feb20335CE.NFO,07/01/2020,14:13:29,11.4,10.55,51000,11.95,3000,0,0
SBIN27Feb20335CE.NFO,07/01/2020,14:13:44,11.4,10.55,51000,12,3000,0,0
SBIN27Feb20335CE.NFO,07/01/2020,14:14:00,11.4,10.55,51000,12.05,3000,0,0
SBIN27Feb20335CE.NFO,07/01/2020,14:14:06,11.4,10.55,51000,11.95,3000,0,0
SBIN27Feb20335CE.NFO,07/01/2020,14:14:12,11.4,10.55,51000,12,3000,0,0
SBIN27Feb20335CE.NFO,07/01/2020,14:14:17,11.4,10.55,48000,11.95,3000,0,0
SBIN27Feb20335CE.NFO,07/01/2020,14:14:27,11.4,10.55,48000,12,3000,0,0
SBIN27Feb20335CE.NFO,07/01/2020,14:14:33,11.4,10.55,48000,11.95,3000,0,0
SBIN27Feb20335CE.NFO,07/01/2020,14:14:37,11.4,10.55,48000,12,3000,0,0
SBIN27Feb20335CE.NFO,07/01/2020,14:14:47,11.4,10.55,48000,11.95,3000,0,0
SBIN27Feb20335CE.NFO,07/01/2020,14:14:51,11.4,10.55,48000,12,3000,0,0
SBIN27Feb20335CE.NFO,07/01/2020,14:15:01,11.4,10.55,48000,12.05,3000,0,0
SBIN27Feb20335CE.NFO,07/01/2020,14:15:08,11.4,10.55,48000,12,3000,0,0
SBIN27Feb20335CE.NFO,07/01/2020,14:15:20,11.4,10.55,48000,12.05,3000,0,0
SBIN27Feb20335CE.NFO,07/01/2020,14:15:27,11.4,10.55,48000,12,3000,0,0
SBIN27Feb20335CE.NFO,07/01/2020,14:16:01,11.4,10.55,48000,11.95,3000,0,0
SBIN27Feb20335CE.NFO,07/01/2020,14:16:08,11.4,10.55,48000,12,3000,0,0
SBIN27Feb20335CE.NFO,07/01/2020,14:16:18,11.4,10.55,48000,11.95,3000,0,0
SBIN27Feb20335CE.NFO,07/01/2020,14:16:42,11.4,10.55,48000,12.05,3000,0,0
SBIN27Feb20335CE.NFO,07/01/2020,14:16:48,11.4,10.55,48000,12,3000,0,0
SBIN27Feb20335CE.NFO,07/01/2020,14:16:53,11.4,10.55,48000,11.95,3000,0,0
SBIN27Feb20335CE.NFO,07/01/2020,14:17:10,11.4,10.55,48000,11.9,3000,0,0
SBIN27Feb20335CE.NFO,07/01/2020,14:17:20,11.4,10.55,48000,11.85,3000,0,0
SBIN27Feb20335CE.NFO,07/01/2020,14:17:50,11.4,10.55,48000,11.9,3000,0,0
SBIN27Feb20335CE.NFO,07/01/2020,14:17:59,11.4,10.6,51000,11.85,3000,0,0
SBIN27Feb20335CE.NFO,07/01/2020,14:18:09,11.4,10.6,51000,11.85,6000,0,0
SBIN27Feb20335CE.NFO,07/01/2020,14:18:12,11.4,10.6,51000,11.8,3000,0,0
SBIN27Feb20335CE.NFO,07/01/2020,14:18:24,11.4,10.6,51000,11.9,3000,0,0
SBIN27Feb20335CE.NFO,07/01/2020,14:18:30,11.4,10.6,51000,11.85,3000,0,0
SBIN27Feb20335CE.NFO,07/01/2020,14:18:38,11.4,10.6,51000,11.8,3000,0,0
SBIN27Feb20335CE.NFO,07/01/2020,14:18:42,11.4,10.6,51000,11.75,3000,0,0
SBIN27Feb20335CE.NFO,07/01/2020,14:18:53,11.4,10.6,51000,11.8,3000,0,0
SBIN27Feb20335CE.NFO,07/01/2020,14:18:58,11.4,10.6,51000,11.75,3000,0,0
SBIN27Feb20335CE.NFO,07/01/2020,14:19:16,11.4,10.6,51000,11.7,3000,0,0
SBIN27Feb20335CE.NFO,07/01/2020,14:19:42,11.4,10.6,51000,11.75,3000,0,0
SBIN27Feb20335CE.NFO,07/01/2020,14:19:45,11.4,10.6,51000,11.7,3000,0,0
SBIN27Feb20335CE.NFO,07/01/2020,14:20:15,11.4,10.6,51000,11.75,3000,0,0
SBIN27Feb20335CE.NFO,07/01/2020,14:20:50,11.4,10.6,51000,11.8,3000,0,0
SBIN27Feb20335CE.NFO,07/01/2020,14:20:55,11.4,10.6,51000,11.75,3000,0,0
SBIN27Feb20335CE.NFO,07/01/2020,14:20:58,11.4,10.6,51000,11.8,3000,0,0
SBIN27Feb20335CE.NFO,07/01/2020,14:21:15,11.4,10.6,51000,11.75,3000,0,0
SBIN27Feb20335CE.NFO,07/01/2020,14:21:31,11.4,11.05,27000,11.75,18000,0,0
SBIN27Feb20335CE.NFO,07/01/2020,14:21:35,11.4,11.25,3000,11.75,3000,0,0
SBIN27Feb20335CE.NFO,07/01/2020,14:21:47,11.4,11.25,3000,11.75,18000,0,0
SBIN27Feb20335CE.NFO,07/01/2020,14:21:51,11.4,11.25,3000,11.75,3000,0,0
SBIN27Feb20335CE.NFO,07/01/2020,14:21:54,11.4,11.15,3000,11.75,3000,0,0
SBIN27Feb20335CE.NFO,07/01/2020,14:21:57,11.4,11.25,3000,11.75,3000,0,0
SBIN27Feb20335CE.NFO,07/01/2020,14:22:03,11.4,11.15,3000,11.75,3000,0,0
SBIN27Feb20335CE.NFO,07/01/2020,14:22:08,11.4,11.25,3000,11.75,3000,0,0
SBIN27Feb20335CE.NFO,07/01/2020,14:22:17,11.4,11.25,3000,11.8,3000,0,0
SBIN27Feb20335CE.NFO,07/01/2020,14:22:24,11.4,11.25,3000,11.75,3000,0,0
SBIN27Feb20335CE.NFO,07/01/2020,14:22:58,11.4,11.15,3000,11.75,3000,0,0
SBIN27Feb20335CE.NFO,07/01/2020,14:23:03,11.4,11.25,3000,11.75,3000,0,0
SBIN27Feb20335CE.NFO,07/01/2020,14:23:20,11.4,11.15,3000,11.7,18000,0,0
SBIN27Feb20335CE.NFO,07/01/2020,14:23:25,11.4,11.15,3000,11.7,3000,0,0
SBIN27Feb20335CE.NFO,07/01/2020,14:23:29,11.4,11.15,9000,11.75,3000,0,0
SBIN27Feb20335CE.NFO,07/01/2020,14:23:33,11.4,11.15,3000,11.75,3000,0,0
SBIN27Feb20335CE.NFO,07/01/2020,14:23:37,11.4,11.15,3000,11.75,18000,0,0
SBIN27Feb20335CE.NFO,07/01/2020,14:24:00,11.4,11.15,3000,11.7,3000,0,0
SBIN27Feb20335CE.NFO,07/01/2020,14:24:04,11.4,11.15,3000,11.65,3000,0,0
SBIN27Feb20335CE.NFO,07/01/2020,14:24:09,11.4,11,3000,11.45,3000,0,0
SBIN27Feb20335CE.NFO,07/01/2020,14:24:17,11.4,11.1,3000,11.55,3000,0,0
SBIN27Feb20335CE.NFO,07/01/2020,14:24:24,11.4,11.1,3000,11.5,3000,0,0
SBIN27Feb20335CE.NFO,07/01/2020,14:24:50,11.4,11,3000,11.5,3000,0,0
SBIN27Feb20335CE.NFO,07/01/2020,14:25:19,11.4,11,3000,11.45,3000,0,0
SBIN27Feb20335CE.NFO,07/01/2020,14:25:25,11.4,11.1,3000,11.5,3000,0,0
SBIN27Feb20335CE.NFO,07/01/2020,14:25:49,11.4,11,9000,11.5,3000,0,0
SBIN27Feb20335CE.NFO,07/01/2020,14:26:01,11.4,11.1,3000,11.5,3000,0,0
SBIN27Feb20335CE.NFO,07/01/2020,14:26:10,11.4,11.1,3000,11.45,3000,0,0
SBIN27Feb20335CE.NFO,07/01/2020,14:26:15,11.4,11,3000,11.45,3000,0,0
SBIN27Feb20335CE.NFO,07/01/2020,14:26:21,11.4,11,3000,11.5,3000,0,0
SBIN27Feb20335CE.NFO,07/01/2020,14:26:31,11.4,11.1,3000,11.5,3000,0,0
SBIN27Feb20335CE.NFO,07/01/2020,14:26:41,11.4,11,3000,11.5,3000,0,0
SBIN27Feb20335CE.NFO,07/01/2020,14:26:59,11.4,11.1,3000,11.5,3000,0,0
SBIN27Feb20335CE.NFO,07/01/2020,14:27:09,11.4,11.2,3000,11.7,3000,0,0
SBIN27Feb20335CE.NFO,07/01/2020,14:27:17,11.4,11.2,3000,11.65,3000,0,0
SBIN27Feb20335CE.NFO,07/01/2020,14:27:29,11.4,11.2,3000,11.7,3000,0,0
SBIN27Feb20335CE.NFO,07/01/2020,14:27:34,11.4,11.2,9000,11.7,3000,0,0
SBIN27Feb20335CE.NFO,07/01/2020,14:27:40,11.4,11.3,3000,11.75,3000,0,0
SBIN27Feb20335CE.NFO,07/01/2020,14:27:50,11.4,11.2,3000,11.7,3000,0,0
SBIN27Feb20335CE.NFO,07/01/2020,14:28:01,11.4,11.2,3000,11.65,3000,0,0
SBIN27Feb20335CE.NFO,07/01/2020,14:28:18,11.4,11.2,9000,11.7,3000,0,0
SBIN27Feb20335CE.NFO,07/01/2020,14:28:27,11.4,11.2,3000,11.7,3000,0,0
SBIN27Feb20335CE.NFO,07/01/2020,14:28:33,11.4,11.2,3000,11.6,3000,0,0
SBIN27Feb20335CE.NFO,07/01/2020,14:28:39,11.4,11.1,9000,11.6,3000,0,0
SBIN27Feb20335CE.NFO,07/01/2020,14:28:54,11.4,11.1,3000,11.6,3000,0,0
SBIN27Feb20335CE.NFO,07/01/2020,14:28:57,11.4,11.1,9000,11.6,3000,0,0
SBIN27Feb20335CE.NFO,07/01/2020,14:29:22,11.4,11.2,3000,11.65,3000,0,0
SBIN27Feb20335CE.NFO,07/01/2020,14:29:43,11.4,11.2,3000,11.7,3000,0,0
SBIN27Feb20335CE.NFO,07/01/2020,14:29:55,11.4,11.2,3000,11.65,3000,0,0
SBIN27Feb20335CE.NFO,07/01/2020,14:30:23,11.4,11.2,3000,11.75,3000,0,0
SBIN27Feb20335CE.NFO,07/01/2020,14:30:31,11.4,11.3,9000,11.85,3000,0,0
SBIN27Feb20335CE.NFO,07/01/2020,14:30:41,11.4,11.4,9000,11.9,3000,0,0
SBIN27Feb20335CE.NFO,07/01/2020,14:31:00,11.4,11.4,3000,11.85,3000,0,0
SBIN27Feb20335CE.NFO,07/01/2020,14:31:08,11.4,11.4,9000,11.9,3000,0,0
SBIN27Feb20335CE.NFO,07/01/2020,14:31:16,11.4,11.4,15000,11.95,3000,0,0
SBIN27Feb20335CE.NFO,07/01/2020,14:31:25,11.4,11.4,15000,12,3000,0,0
SBIN27Feb20335CE.NFO,07/01/2020,14:31:33,11.4,11.5,3000,12.05,3000,0,0
SBIN27Feb20335CE.NFO,07/01/2020,14:31:41,11.4,11.4,15000,11.95,3000,0,0
SBIN27Feb20335CE.NFO,07/01/2020,14:31:49,11.4,11.4,30000,12,3000,0,0
SBIN27Feb20335CE.NFO,07/01/2020,14:31:55,11.4,11.4,15000,12,3000,0,0
SBIN27Feb20335CE.NFO,07/01/2020,14:32:03,11.4,11.4,15000,11.95,3000,0,0
SBIN27Feb20335CE.NFO,07/01/2020,14:32:09,11.4,11.4,15000,12,3000,0,0
SBIN27Feb20335CE.NFO,07/01/2020,14:32:15,11.4,11.4,15000,11.95,3000,0,0
SBIN27Feb20335CE.NFO,07/01/2020,14:32:20,11.4,11.4,6000,11.95,3000,0,0
SBIN27Feb20335CE.NFO,07/01/2020,14:32:27,11.4,11.3,15000,11.9,3000,0,0
SBIN27Feb20335CE.NFO,07/01/2020,14:32:38,11.4,11.3,15000,11.95,3000,0,0
SBIN27Feb20335CE.NFO,07/01/2020,14:32:42,11.4,11.3,15000,11.9,3000,0,0
SBIN27Feb20335CE.NFO,07/01/2020,14:32:48,11.4,11.4,15000,11.95,3000,0,0
SBIN27Feb20335CE.NFO,07/01/2020,14:33:01,11.4,11.4,15000,12,3000,0,0
SBIN27Feb20335CE.NFO,07/01/2020,14:33:08,11.4,11.5,15000,12.1,3000,0,0
SBIN27Feb20335CE.NFO,07/01/2020,14:33:16,11.4,11.5,9000,12.1,3000,0,0
SBIN27Feb20335CE.NFO,07/01/2020,14:33:25,11.4,11.5,15000,12.05,3000,0,0
SBIN27Feb20335CE.NFO,07/01/2020,14:33:32,11.4,11.5,15000,12.1,3000,0,0
SBIN27Feb20335CE.NFO,07/01/2020,14:33:57,11.4,11.5,15000,12.05,3000,0,0
SBIN27Feb20335CE.NFO,07/01/2020,14:34:03,11.4,11.5,9000,12.05,3000,0,0
SBIN27Feb20335CE.NFO,07/01/2020,14:34:08,11.4,11.4,15000,12,3000,0,0
SBIN27Feb20335CE.NFO,07/01/2020,14:34:13,11.4,11.4,15000,11.95,3000,0,0
SBIN27Feb20335CE.NFO,07/01/2020,14:34:19,11.4,11.4,12000,12,3000,0,0
SBIN27Feb20335CE.NFO,07/01/2020,14:34:24,11.4,11.4,15000,12,3000,0,0
SBIN27Feb20335CE.NFO,07/01/2020,14:34:30,11.4,11.4,15000,11.95,3000,0,0
SBIN27Feb20335CE.NFO,07/01/2020,14:34:35,11.4,11.4,12000,11.8,3000,0,0
SBIN27Feb20335CE.NFO,07/01/2020,14:34:47,11.4,11.4,12000,11.85,3000,0,0
SBIN27Feb20335CE.NFO,07/01/2020,14:34:54,11.4,11.4,6000,11.85,3000,0,0
SBIN27Feb20335CE.NFO,07/01/2020,14:34:59,11.4,11.4,12000,11.85,3000,0,0
SBIN27Feb20335CE.NFO,07/01/2020,14:35:11,11.4,11.4,6000,11.85,3000,0,0
SBIN27Feb20335CE.NFO,07/01/2020,14:35:16,11.4,11.3,15000,11.85,3000,0,0
SBIN27Feb20335CE.NFO,07/01/2020,14:35:28,11.4,11.3,15000,11.8,3000,0,0
SBIN27Feb20335CE.NFO,07/01/2020,14:35:34,11.4,11.3,12000,11.8,3000,0,0
SBIN27Feb20335CE.NFO,07/01/2020,14:35:40,11.4,11.3,6000,11.8,3000,0,0
SBIN27Feb20335CE.NFO,07/01/2020,14:36:11,11.4,11.25,9000,11.7,3000,0,0
SBIN27Feb20335CE.NFO,07/01/2020,14:36:17,11.4,11.15,9000,11.65,3000,0,0
SBIN27Feb20335CE.NFO,07/01/2020,14:36:29,11.4,11.15,9000,11.7,3000,0,0
SBIN27Feb20335CE.NFO,07/01/2020,14:36:34,11.4,11.25,9000,11.7,3000,0,0
SBIN27Feb20335CE.NFO,07/01/2020,14:36:39,11.4,11.25,9000,11.8,3000,0,0
SBIN27Feb20335CE.NFO,07/01/2020,14:36:43,11.4,11.35,24000,11.8,3000,0,0
SBIN27Feb20335CE.NFO,07/01/2020,14:36:48,11.4,11.25,9000,11.7,3000,0,0
SBIN27Feb20335CE.NFO,07/01/2020,14:36:53,11.4,11.25,9000,11.75,3000,0,0
SBIN27Feb20335CE.NFO,07/01/2020,14:37:26,11.4,11.35,9000,11.85,3000,0,0
SBIN27Feb20335CE.NFO,07/01/2020,14:37:45,11.4,11.35,9000,11.8,3000,0,0
SBIN27Feb20335CE.NFO,07/01/2020,14:37:51,11.4,11.25,9000,11.8,3000,0,0
SBIN27Feb20335CE.NFO,07/01/2020,14:37:55,11.4,11.35,24000,11.8,3000,0,0
SBIN27Feb20335CE.NFO,07/01/2020,14:38:04,11.4,11.35,9000,11.8,3000,0,0
SBIN27Feb20335CE.NFO,07/01/2020,14:38:17,11.4,11.25,9000,11.8,3000,0,0
SBIN27Feb20335CE.NFO,07/01/2020,14:38:23,11.4,11.25,9000,11.75,3000,0,0
SBIN27Feb20335CE.NFO,07/01/2020,14:38:28,11.4,11.25,3000,11.75,3000,0,0
SBIN27Feb20335CE.NFO,07/01/2020,14:39:16,11.4,11.25,3000,11.65,3000,0,0
SBIN27Feb20335CE.NFO,07/01/2020,14:39:22,11.4,11.25,3000,11.7,3000,0,0
SBIN27Feb20335CE.NFO,07/01/2020,14:39:29,11.4,11.25,3000,11.8,3000,0,0
SBIN27Feb20335CE.NFO,07/01/2020,14:39:36,11.4,11.25,3000,11.75,3000,0,0
SBIN27Feb20335CE.NFO,07/01/2020,14:39:46,11.4,11.25,9000,11.75,3000,0,0
SBIN27Feb20335CE.NFO,07/01/2020,14:40:01,11.4,11.25,3000,11.75,3000,0,0
SBIN27Feb20335CE.NFO,07/01/2020,14:41:05,11.4,11.25,3000,11.65,3000,0,0
SBIN27Feb20335CE.NFO,07/01/2020,14:41:10,11.4,11.25,3000,11.7,3000,0,0
SBIN27Feb20335CE.NFO,07/01/2020,14:43:25,11.4,11.25,3000,11.65,3000,0,0
SBIN27Feb20335CE.NFO,07/01/2020,14:43:41,11.4,11.1,3000,11.55,3000,0,0
SBIN27Feb20335CE.NFO,07/01/2020,14:43:52,11.4,10.9,33000,11.55,3000,0,0
SBIN27Feb20335CE.NFO,07/01/2020,14:43:57,11.4,11.1,3000,11.55,3000,0,0
SBIN27Feb20335CE.NFO,07/01/2020,14:44:02,11.4,11.1,3000,11.6,3000,0,0
SBIN27Feb20335CE.NFO,07/01/2020,14:44:15,11.4,11.2,3000,11.6,3000,0,0
SBIN27Feb20335CE.NFO,07/01/2020,14:44:33,11.4,11.1,3000,11.6,3000,0,0
SBIN27Feb20335CE.NFO,07/01/2020,14:44:48,11.4,11.2,3000,11.6,3000,0,0
SBIN27Feb20335CE.NFO,07/01/2020,14:44:53,11.4,11.1,3000,11.6,3000,0,0
SBIN27Feb20335CE.NFO,07/01/2020,14:44:58,11.4,11.2,3000,11.6,3000,0,0
SBIN27Feb20335CE.NFO,07/01/2020,14:45:03,11.4,11.1,3000,11.6,3000,0,0
SBIN27Feb20335CE.NFO,07/01/2020,14:45:09,11.4,11,6000,11.6,3000,0,0
SBIN27Feb20335CE.NFO,07/01/2020,14:45:17,11.4,11.1,3000,11.6,3000,0,0
SBIN27Feb20335CE.NFO,07/01/2020,14:45:25,11.4,11.1,3000,11.5,3000,0,0
SBIN27Feb20335CE.NFO,07/01/2020,14:45:31,11.4,11.1,3000,11.55,3000,0,0
SBIN27Feb20335CE.NFO,07/01/2020,14:45:57,11.4,11.1,3000,11.45,3000,0,0
SBIN27Feb20335CE.NFO,07/01/2020,14:46:35,11.4,11.15,18000,11.5,3000,0,0
SBIN27Feb20335CE.NFO,07/01/2020,14:46:39,11.4,11.15,3000,11.5,3000,0,0
SBIN27Feb20335CE.NFO,07/01/2020,14:46:43,11.4,11.05,3000,11.5,3000,0,0
SBIN27Feb20335CE.NFO,07/01/2020,14:46:48,11.4,11.15,3000,11.5,3000,0,0
SBIN27Feb20335CE.NFO,07/01/2020,14:46:56,11.4,11.25,3000,11.6,3000,0,0
SBIN27Feb20335CE.NFO,07/01/2020,14:47:01,11.4,11.15,3000,11.6,3000,0,0
SBIN27Feb20335CE.NFO,07/01/2020,14:47:57,11.4,11.05,3000,11.55,3000,0,0
SBIN27Feb20335CE.NFO,07/01/2020,14:48:05,11.4,11.15,18000,11.55,3000,0,0
SBIN27Feb20335CE.NFO,07/01/2020,14:48:09,11.4,11.15,3000,11.6,3000,0,0
SBIN27Feb20335CE.NFO,07/01/2020,14:49:16,11.4,11.05,9000,11.6,3000,0,0
SBIN27Feb20335CE.NFO,07/01/2020,14:49:20,11.4,11.15,3000,11.6,3000,0,0
SBIN27Feb20335CE.NFO,07/01/2020,14:50:01,11.4,11.25,3000,11.7,3000,0,0
SBIN27Feb20335CE.NFO,07/01/2020,14:50:27,11.4,11.35,3000,11.7,3000,0,0
SBIN27Feb20335CE.NFO,07/01/2020,14:50:31,11.4,11.35,3000,11.8,3000,0,0
SBIN27Feb20335CE.NFO,07/01/2020,14:50:36,11.4,11.35,3000,11.75,3000,0,0
SBIN27Feb20335CE.NFO,07/01/2020,14:51:13,11.4,11.25,3000,11.75,3000,0,0
SBIN27Feb20335CE.NFO,07/01/2020,14:51:33,11.4,11.25,18000,11.75,3000,0,0
SBIN27Feb20335CE.NFO,07/01/2020,14:51:37,11.4,11.25,3000,11.75,3000,0,0
SBIN27Feb20335CE.NFO,07/01/2020,14:51:56,11.4,11.25,9000,11.75,3000,0,0
SBIN27Feb20335CE.NFO,07/01/2020,14:51:58,11.4,11.25,3000,11.75,3000,0,0
SBIN27Feb20335CE.NFO,07/01/2020,14:52:01,11.4,11.25,9000,11.75,3000,0,0
SBIN27Feb20335CE.NFO,07/01/2020,14:52:03,11.4,11.25,3000,11.75,3000,0,0
SBIN27Feb20335CE.NFO,07/01/2020,14:53:07,11.4,11.25,3000,11.85,3000,0,0
SBIN27Feb20335CE.NFO,07/01/2020,14:53:14,11.4,11.35,18000,11.85,3000,0,0
SBIN27Feb20335CE.NFO,07/01/2020,14:53:20,11.4,11.45,3000,12.05,3000,0,0
SBIN27Feb20335CE.NFO,07/01/2020,14:53:28,11.4,11.45,3000,12,3000,0,0
SBIN27Feb20335CE.NFO,07/01/2020,14:53:35,11.4,11.25,9000,11.95,3000,0,0
SBIN27Feb20335CE.NFO,07/01/2020,14:53:42,11.4,11.45,3000,12,3000,0,0
SBIN27Feb20335CE.NFO,07/01/2020,14:53:47,11.4,11.45,3000,12.05,3000,0,0
SBIN27Feb20335CE.NFO,07/01/2020,14:53:53,11.4,11.45,9000,12.05,3000,0,0
SBIN27Feb20335CE.NFO,07/01/2020,14:54:00,11.4,11.65,3000,12.2,3000,0,0
SBIN27Feb20335CE.NFO,07/01/2020,14:54:06,11.4,11.55,9000,12.2,18000,0,0
SBIN27Feb20335CE.NFO,07/01/2020,14:54:11,11.4,11.65,3000,12.2,3000,0,0
SBIN27Feb20335CE.NFO,07/01/2020,14:54:16,11.4,11.55,9000,12.2,3000,0,0
SBIN27Feb20335CE.NFO,07/01/2020,14:54:26,11.4,11.55,3000,12.15,15000,0,0
SBIN27Feb20335CE.NFO,07/01/2020,14:54:31,11.4,11.55,9000,12.15,3000,0,0
SBIN27Feb20335CE.NFO,07/01/2020,14:54:38,11.4,11.35,3000,12.05,3000,0,0
SBIN27Feb20335CE.NFO,07/01/2020,14:54:44,11.4,11.45,9000,12.05,15000,0,0
SBIN27Feb20335CE.NFO,07/01/2020,14:54:49,11.4,11.35,9000,12.05,15000,0,0
SBIN27Feb20335CE.NFO,07/01/2020,14:54:53,11.4,11.45,9000,12.05,15000,0,0
SBIN27Feb20335CE.NFO,07/01/2020,14:55:01,11.4,11.35,9000,12.05,18000,0,0
SBIN27Feb20335CE.NFO,07/01/2020,14:55:17,11.4,11.35,9000,12,3000,0,0
SBIN27Feb20335CE.NFO,07/01/2020,14:55:21,11.4,11.35,9000,12.05,18000,0,0
SBIN27Feb20335CE.NFO,07/01/2020,14:55:39,11.4,11.35,9000,12.05,3000,0,0
SBIN27Feb20335CE.NFO,07/01/2020,14:55:57,11.4,11.35,9000,11.95,3000,0,0
SBIN27Feb20335CE.NFO,07/01/2020,14:56:00,11.4,11.35,3000,11.9,3000,0,0
SBIN27Feb20335CE.NFO,07/01/2020,14:56:06,11.4,11.25,9000,11.9,3000,0,0
SBIN27Feb20335CE.NFO,07/01/2020,14:56:52,11.4,11.35,18000,11.9,3000,0,0
SBIN27Feb20335CE.NFO,07/01/2020,14:56:55,11.4,11.35,3000,11.9,3000,0,0
SBIN27Feb20335CE.NFO,07/01/2020,14:57:06,11.4,11.35,9000,11.9,3000,0,0
SBIN27Feb20335CE.NFO,07/01/2020,14:57:13,11.4,11.35,3000,11.9,3000,0,0
SBIN27Feb20335CE.NFO,07/01/2020,14:57:27,11.4,11.35,9000,11.9,3000,0,0
SBIN27Feb20335CE.NFO,07/01/2020,14:57:32,11.4,11.35,3000,11.9,3000,0,0
SBIN27Feb20335CE.NFO,07/01/2020,14:57:37,11.4,11.35,9000,11.9,3000,0,0
SBIN27Feb20335CE.NFO,07/01/2020,14:57:56,11.4,11.45,3000,12,18000,0,0
SBIN27Feb20335CE.NFO,07/01/2020,14:58:01,11.4,11.35,9000,11.95,3000,0,0
SBIN27Feb20335CE.NFO,07/01/2020,14:58:09,11.4,11.35,9000,12,18000,0,0
SBIN27Feb20335CE.NFO,07/01/2020,14:58:23,11.4,11.35,3000,12,18000,0,0
SBIN27Feb20335CE.NFO,07/01/2020,14:58:30,11.4,11.35,9000,12,18000,0,0
SBIN27Feb20335CE.NFO,07/01/2020,14:59:01,11.4,11.35,3000,11.95,3000,0,0
SBIN27Feb20335CE.NFO,07/01/2020,14:59:06,11.4,11.35,3000,11.9,3000,0,0
SBIN27Feb20335CE.NFO,07/01/2020,14:59:11,11.4,11.35,9000,11.9,3000,0,0
SBIN27Feb20335CE.NFO,07/01/2020,14:59:17,11.4,11.2,3000,11.9,3000,0,0
SBIN27Feb20335CE.NFO,07/01/2020,14:59:22,11.4,11.4,3000,11.9,3000,0,0
SBIN27Feb20335CE.NFO,07/01/2020,14:59:33,11.4,11.3,3000,11.9,3000,0,0
SBIN27Feb20335CE.NFO,07/01/2020,14:59:41,11.4,11.2,3000,11.9,3000,0,0
SBIN27Feb20335CE.NFO,07/01/2020,14:59:44,11.4,11.3,3000,11.9,3000,0,0
SBIN27Feb20335CE.NFO,07/01/2020,14:59:47,11.4,11.3,9000,11.9,3000,0,0
SBIN27Feb20335CE.NFO,07/01/2020,14:59:56,11.4,11.4,3000,11.9,3000,0,0
SBIN27Feb20335CE.NFO,07/01/2020,15:00:01,11.4,11.5,3000,12.05,3000,0,0
SBIN27Feb20335CE.NFO,07/01/2020,15:00:11,11.4,11.4,3000,12.1,3000,0,0
SBIN27Feb20335CE.NFO,07/01/2020,15:00:20,11.4,11.5,3000,12.05,3000,0,0
SBIN27Feb20335CE.NFO,07/01/2020,15:00:28,11.4,11.5,24000,12,15000,0,0
SBIN27Feb20335CE.NFO,07/01/2020,15:00:34,11.4,11.5,9000,12,15000,0,0
SBIN27Feb20335CE.NFO,07/01/2020,15:01:01,11.4,11.5,3000,12,15000,0,0
SBIN27Feb20335CE.NFO,07/01/2020,15:01:16,11.4,11.5,9000,12,15000,0,0
SBIN27Feb20335CE.NFO,07/01/2020,15:01:21,11.4,11.5,3000,12,15000,0,0
SBIN27Feb20335CE.NFO,07/01/2020,15:01:26,11.4,11.5,3000,12,18000,0,0
SBIN27Feb20335CE.NFO,07/01/2020,15:01:30,11.4,11.5,3000,12,15000,0,0
SBIN27Feb20335CE.NFO,07/01/2020,15:01:35,11.4,11.4,9000,12,15000,0,0
SBIN27Feb20335CE.NFO,07/01/2020,15:01:41,11.4,11.4,9000,12,18000,0,0
SBIN27Feb20335CE.NFO,07/01/2020,15:02:18,11.4,11.4,9000,11.9,3000,0,0
SBIN27Feb20335CE.NFO,07/01/2020,15:02:22,11.4,11.3,9000,11.9,3000,0,0
SBIN27Feb20335CE.NFO,07/01/2020,15:02:27,11.4,11.3,9000,11.85,3000,0,0
SBIN27Feb20335CE.NFO,07/01/2020,15:02:32,11.4,11.3,9000,11.8,15000,0,0
SBIN27Feb20335CE.NFO,07/01/2020,15:02:41,11.4,11.3,3000,11.8,15000,0,0
SBIN27Feb20335CE.NFO,07/01/2020,15:02:46,11.4,11.3,9000,11.8,15000,0,0
SBIN27Feb20335CE.NFO,07/01/2020,15:02:56,11.4,11.3,9000,11.85,3000,0,0
SBIN27Feb20335CE.NFO,07/01/2020,15:03:00,11.4,11.4,9000,11.95,18000,0,0
SBIN27Feb20335CE.NFO,07/01/2020,15:03:10,11.4,11.35,9000,11.95,18000,0,0
SBIN27Feb20335CE.NFO,07/01/2020,15:03:23,11.4,11.45,24000,11.95,3000,0,0
SBIN27Feb20335CE.NFO,07/01/2020,15:03:27,11.4,11.45,24000,11.95,18000,0,0
SBIN27Feb20335CE.NFO,07/01/2020,15:03:32,11.4,11.45,3000,11.95,18000,0,0
SBIN27Feb20335CE.NFO,07/01/2020,15:03:50,11.4,11.35,9000,11.9,3000,0,0
SBIN27Feb20335CE.NFO,07/01/2020,15:03:56,11.4,11.35,3000,11.9,3000,0,0
SBIN27Feb20335CE.NFO,07/01/2020,15:04:02,11.4,11.25,9000,11.85,3000,0,0
SBIN27Feb20335CE.NFO,07/01/2020,15:04:09,11.4,11.35,3000,11.85,3000,0,0
SBIN27Feb20335CE.NFO,07/01/2020,15:04:15,11.4,11.35,9000,11.85,3000,0,0
SBIN27Feb20335CE.NFO,07/01/2020,15:04:38,11.4,11.35,3000,11.85,3000,0,0
SBIN27Feb20335CE.NFO,07/01/2020,15:04:43,11.4,11.35,3000,11.95,3000,0,0
SBIN27Feb20335CE.NFO,07/01/2020,15:04:48,11.4,11.35,3000,11.95,18000,0,0
SBIN27Feb20335CE.NFO,07/01/2020,15:04:57,11.4,11.35,9000,11.95,18000,0,0
SBIN27Feb20335CE.NFO,07/01/2020,15:05:46,11.4,11.35,9000,11.85,3000,0,0
SBIN27Feb20335CE.NFO,07/01/2020,15:05:49,11.4,11.35,3000,11.85,3000,0,0
SBIN27Feb20335CE.NFO,07/01/2020,15:06:04,11.4,11.35,9000,11.9,3000,0,0
SBIN27Feb20335CE.NFO,07/01/2020,15:06:08,11.4,11.35,3000,11.9,3000,0,0
SBIN27Feb20335CE.NFO,07/01/2020,15:06:12,11.4,11.35,9000,11.9,3000,0,0
SBIN27Feb20335CE.NFO,07/01/2020,15:06:26,11.4,11.35,3000,11.8,3000,0,0
SBIN27Feb20335CE.NFO,07/01/2020,15:06:34,11.4,11.35,3000,11.75,15000,0,0
SBIN27Feb20335CE.NFO,07/01/2020,15:06:39,11.4,11.35,3000,11.8,3000,0,0
SBIN27Feb20335CE.NFO,07/01/2020,15:06:52,11.4,11.35,3000,11.85,3000,0,0
SBIN27Feb20335CE.NFO,07/01/2020,15:07:07,11.4,11.35,9000,11.85,18000,0,0
SBIN27Feb20335CE.NFO,07/01/2020,15:07:17,11.4,11.45,3000,11.85,3000,0,0
SBIN27Feb20335CE.NFO,07/01/2020,15:07:21,11.4,11.3,9000,11.8,15000,0,0
SBIN27Feb20335CE.NFO,07/01/2020,15:08:46,11.4,11.3,9000,11.85,3000,0,0
SBIN27Feb20335CE.NFO,07/01/2020,15:09:23,11.4,11.4,3000,11.85,3000,0,0
SBIN27Feb20335CE.NFO,07/01/2020,15:09:27,11.4,11.25,9000,11.9,15000,0,0
SBIN27Feb20335CE.NFO,07/01/2020,15:09:32,11.4,11.35,9000,11.9,15000,0,0
SBIN27Feb20335CE.NFO,07/01/2020,15:09:57,11.4,11.35,24000,11.9,15000,0,0
SBIN27Feb20335CE.NFO,07/01/2020,15:10:02,11.4,11.35,9000,11.95,3000,0,0
SBIN27Feb20335CE.NFO,07/01/2020,15:10:08,11.4,11.45,9000,11.95,3000,0,0
SBIN27Feb20335CE.NFO,07/01/2020,15:10:13,11.4,11.35,9000,11.95,3000,0,0
SBIN27Feb20335CE.NFO,07/01/2020,15:10:34,11.4,11.3,9000,11.8,15000,0,0
SBIN27Feb20335CE.NFO,07/01/2020,15:10:38,11.4,11.3,9000,11.9,3000,0,0
SBIN27Feb20335CE.NFO,07/01/2020,15:10:49,11.4,11.4,9000,11.9,3000,0,0
SBIN27Feb20335CE.NFO,07/01/2020,15:10:54,11.4,11.3,9000,11.9,3000,0,0
SBIN27Feb20335CE.NFO,07/01/2020,15:11:12,11.4,11.3,9000,11.85,15000,0,0
SBIN27Feb20335CE.NFO,07/01/2020,15:11:18,11.4,11.4,9000,11.9,3000,0,0
SBIN27Feb20335CE.NFO,07/01/2020,15:11:25,11.4,11.3,9000,11.95,15000,0,0
SBIN27Feb20335CE.NFO,07/01/2020,15:11:52,11.4,11.3,9000,11.65,15000,0,0
SBIN27Feb20335CE.NFO,07/01/2020,15:11:57,11.4,11.3,9000,11.8,15000,0,0
SBIN27Feb20335CE.NFO,07/01/2020,15:12:45,11.4,11.3,9000,11.95,15000,0,0
SBIN27Feb20335CE.NFO,07/01/2020,15:13:24,11.4,11.3,9000,12,3000,0,0
SBIN27Feb20335CE.NFO,07/01/2020,15:13:30,11.4,11.3,9000,11.9,15000,0,0
SBIN27Feb20335CE.NFO,07/01/2020,15:13:57,11.4,11.4,3000,11.9,15000,0,0
SBIN27Feb20335CE.NFO,07/01/2020,15:14:07,11.4,11.4,3000,12.05,18000,0,0
SBIN27Feb20335CE.NFO,07/01/2020,15:14:28,11.4,11.4,3000,11.75,15000,0,0
SBIN27Feb20335CE.NFO,07/01/2020,15:14:32,11.4,11.4,3000,11.85,15000,0,0
SBIN27Feb20335CE.NFO,07/01/2020,15:14:44,11.4,11.4,3000,12,15000,0,0
SBIN27Feb20335CE.NFO,07/01/2020,15:14:53,11.4,11.4,9000,12,15000,0,0
SBIN27Feb20335CE.NFO,07/01/2020,15:14:59,11.4,11.4,9000,11.85,15000,0,0
SBIN27Feb20335CE.NFO,07/01/2020,15:15:05,11.4,11.5,9000,12.15,3000,0,0
SBIN27Feb20335CE.NFO,07/01/2020,15:15:11,11.4,11.45,9000,11.9,15000,0,0
SBIN27Feb20335CE.NFO,07/01/2020,15:15:18,11.4,11.45,9000,12.1,15000,0,0
SBIN27Feb20335CE.NFO,07/01/2020,15:15:37,11.4,11.55,3000,12.15,15000,0,0
SBIN27Feb20335CE.NFO,07/01/2020,15:15:52,11.4,11.55,9000,12.25,3000,0,0
SBIN27Feb20335CE.NFO,07/01/2020,15:15:59,11.4,11.45,9000,12.25,3000,0,0
SBIN27Feb20335CE.NFO,07/01/2020,15:16:26,11.4,11.45,9000,11.9,15000,0,0
SBIN27Feb20335CE.NFO,07/01/2020,15:16:40,11.4,11.45,9000,12,15000,0,0
SBIN27Feb20335CE.NFO,07/01/2020,15:17:10,11.4,11.35,9000,12,15000,0,0
SBIN27Feb20335CE.NFO,07/01/2020,15:17:22,11.4,11.35,9000,12.1,3000,0,0
SBIN27Feb20335CE.NFO,07/01/2020,15:17:28,11.4,11.35,9000,12,15000,0,0
SBIN27Feb20335CE.NFO,07/01/2020,15:17:39,11.4,11.45,3000,12.1,3000,0,0
SBIN27Feb20335CE.NFO,07/01/2020,15:17:45,11.4,11.45,9000,11.85,15000,0,0
SBIN27Feb20335CE.NFO,07/01/2020,15:17:51,11.4,11.45,9000,12.1,15000,0,0
SBIN27Feb20335CE.NFO,07/01/2020,15:17:56,11.4,11.55,9000,12.1,15000,0,0
SBIN27Feb20335CE.NFO,07/01/2020,15:18:17,11.4,11.55,3000,12.1,15000,0,0
SBIN27Feb20335CE.NFO,07/01/2020,15:18:23,11.4,11.45,9000,12.1,15000,0,0
SBIN27Feb20335CE.NFO,07/01/2020,15:18:29,11.4,11.45,9000,12.25,18000,0,0
SBIN27Feb20335CE.NFO,07/01/2020,15:18:35,11.4,11.45,9000,11.95,15000,0,0
SBIN27Feb20335CE.NFO,07/01/2020,15:18:54,11.4,11.45,9000,12.05,15000,0,0
SBIN27Feb20335CE.NFO,07/01/2020,15:19:06,11.4,11.55,9000,12.2,15000,0,0
SBIN27Feb20335CE.NFO,07/01/2020,15:19:12,11.4,11.55,9000,12.05,15000,0,0
SBIN27Feb20335CE.NFO,07/01/2020,15:19:23,11.4,11.55,9000,12.15,18000,0,0
SBIN27Feb20335CE.NFO,07/01/2020,15:19:29,11.4,11.55,9000,12.15,3000,0,0
SBIN27Feb20335CE.NFO,07/01/2020,15:19:34,11.4,11.55,9000,12,15000,0,0
SBIN27Feb20335CE.NFO,07/01/2020,15:19:45,11.4,11.45,3000,12,15000,0,0
SBIN27Feb20335CE.NFO,07/01/2020,15:20:06,11.4,10.95,39000,12.15,3000,0,0
SBIN27Feb20335CE.NFO,07/01/2020,15:20:14,11.4,11.35,3000,12.15,3000,0,0
SBIN27Feb20335CE.NFO,07/01/2020,15:20:22,11.4,11.25,3000,12.15,3000,0,0
SBIN27Feb20335CE.NFO,07/01/2020,15:20:29,11.4,11.25,3000,12.1,3000,0,0
SBIN27Feb20335CE.NFO,07/01/2020,15:20:35,11.4,11.35,3000,12.05,15000,0,0
SBIN27Feb20335CE.NFO,07/01/2020,15:20:47,11.4,11.15,3000,12.05,18000,0,0
SBIN27Feb20335CE.NFO,07/01/2020,15:20:54,11.4,11.25,3000,12.05,15000,0,0
SBIN27Feb20335CE.NFO,07/01/2020,15:20:59,11.4,11.4,3000,11.85,15000,0,0
SBIN27Feb20335CE.NFO,07/01/2020,15:21:10,11.4,11.1,15000,12,15000,0,0
SBIN27Feb20335CE.NFO,07/01/2020,15:21:17,11.4,11.2,3000,12,15000,0,0
SBIN27Feb20335CE.NFO,07/01/2020,15:21:24,11.4,11.1,3000,12.05,3000,0,0
SBIN27Feb20335CE.NFO,07/01/2020,15:21:31,11.4,11.2,3000,12.05,3000,0,0
SBIN27Feb20335CE.NFO,07/01/2020,15:21:51,11.4,11.35,3000,11.85,15000,0,0
SBIN27Feb20335CE.NFO,07/01/2020,15:22:00,11.4,11.35,3000,12,15000,0,0
SBIN27Feb20335CE.NFO,07/01/2020,15:22:14,11.4,11.2,3000,12.1,3000,0,0
SBIN27Feb20335CE.NFO,07/01/2020,15:22:25,11.4,11.2,3000,12.05,3000,0,0
SBIN27Feb20335CE.NFO,07/01/2020,15:22:45,11.4,11.2,3000,11.95,3000,0,0
SBIN27Feb20335CE.NFO,07/01/2020,15:22:50,11.4,11.3,9000,11.85,15000,0,0
SBIN27Feb20335CE.NFO,07/01/2020,15:22:56,11.4,11.3,3000,11.85,15000,0,0
SBIN27Feb20335CE.NFO,07/01/2020,15:24:05,11.4,11.3,18000,11.85,15000,0,0
SBIN27Feb20335CE.NFO,07/01/2020,15:24:37,11.4,11.2,9000,11.85,15000,0,0
SBIN27Feb20335CE.NFO,07/01/2020,15:24:41,11.4,11.3,3000,11.85,15000,0,0
SBIN27Feb20335CE.NFO,07/01/2020,15:25:15,11.4,11.2,9000,11.85,15000,0,0
SBIN27Feb20335CE.NFO,07/01/2020,15:25:20,11.4,11.2,3000,11.85,15000,0,0
SBIN27Feb20335CE.NFO,07/01/2020,15:26:18,11.4,11.2,3000,11.65,15000,0,0
SBIN27Feb20335CE.NFO,07/01/2020,15:26:46,11.4,11.2,3000,11.8,15000,0,0
SBIN27Feb20335CE.NFO,07/01/2020,15:28:00,11.4,11.3,3000,11.8,15000,0,0
SBIN27Feb20335CE.NFO,07/01/2020,15:28:11,11.4,11.3,3000,11.65,15000,0,0
SBIN27Feb20335CE.NFO,07/01/2020,15:28:17,11.4,11.2,3000,11.65,15000,0,0
SBIN27Feb20335CE.NFO,07/01/2020,15:28:22,11.4,11.1,3000,11.65,15000,0,0
SBIN27Feb20335CE.NFO,07/01/2020,15:29:03,11.4,11.1,3000,11.6,15000,0,0
SBIN27Feb20335CE.NFO,07/01/2020,15:29:10,11.4,11.1,3000,12.4,30000,0,0
SBIN27Feb20335CE.NFO,07/01/2020,15:29:31,11.4,11.1,3000,12.4,36000,0,0
SBIN27Feb20335CE.NFO,07/01/2020,15:29:39,11.4,11.1,3000,12.4,24000,0,0
SBIN27Feb20335CE.NFO,07/01/2020,15:29:45,11.4,11.2,3000,12.4,24000,0,0
SBIN27Feb20335CE.NFO,07/01/2020,15:29:57,11.4,11.2,3000,12.4,12000,0,0
SBIN27Feb20335CE.NFO,07/01/2020,15:30:04,11.4,11.2,3000,12.4,24000,0,0
