Ticker,Date,Time,LTP,BuyPrice,BuyQty,SellPrice,SellQty,LTQ,OpenInterest
SBIN27Feb20270PE.NFO,07/01/2020,11:27:37,3,2.25,30000,3.7,12000,3000,0
SBIN27Feb20270PE.NFO,07/01/2020,11:27:37,3,2.25,30000,3.7,12000,0,0
SBIN27Feb20270PE.NFO,07/01/2020,11:27:37,3,2.25,30000,3.7,12000,0,0
SBIN27Feb20270PE.NFO,07/01/2020,11:27:37,3,2.25,30000,3.7,12000,0,0
SBIN27Feb20270PE.NFO,07/01/2020,11:27:52,3,2.25,24000,3.7,24000,0,0
SBIN27Feb20270PE.NFO,07/01/2020,11:27:56,3,2.25,24000,3.7,18000,0,0
SBIN27Feb20270PE.NFO,07/01/2020,11:28:03,3,2.25,24000,3.7,24000,0,0
SBIN27Feb20270PE.NFO,07/01/2020,11:28:55,3,2.25,24000,3.7,12000,0,0
SBIN27Feb20270PE.NFO,07/01/2020,11:28:59,3,2.25,24000,3.7,18000,0,0
SBIN27Feb20270PE.NFO,07/01/2020,11:29:30,3,2.25,24000,3.7,12000,0,0
SBIN27Feb20270PE.NFO,07/01/2020,11:29:34,3,2.25,24000,3.7,18000,0,0
SBIN27Feb20270PE.NFO,07/01/2020,11:29:47,3,2.25,24000,3.7,24000,0,0
SBIN27Feb20270PE.NFO,07/01/2020,11:30:50,3,2.25,24000,3.7,18000,0,0
SBIN27Feb20270PE.NFO,07/01/2020,11:31:00,3,2.25,24000,3.7,24000,0,0
SBIN27Feb20270PE.NFO,07/01/2020,11:31:56,3,2.25,12000,3.7,24000,0,0
SBIN27Feb20270PE.NFO,07/01/2020,11:32:02,3,2.25,12000,3.7,36000,0,0
SBIN27Feb20270PE.NFO,07/01/2020,11:32:08,3,2.15,30000,3.7,36000,0,0
SBIN27Feb20270PE.NFO,07/01/2020,11:32:13,3,2.15,24000,3.7,36000,0,0
SBIN27Feb20270PE.NFO,07/01/2020,11:32:18,3,2.15,30000,3.7,36000,0,0
SBIN27Feb20270PE.NFO,07/01/2020,11:32:28,3,2.15,36000,3.7,36000,0,0
SBIN27Feb20270PE.NFO,07/01/2020,11:32:42,3,2.15,30000,3.7,36000,0,0
SBIN27Feb20270PE.NFO,07/01/2020,11:32:50,3,2.15,36000,3.7,36000,0,0
SBIN27Feb20270PE.NFO,07/01/2020,11:32:54,3,2.15,30000,3.7,36000,0,0
SBIN27Feb20270PE.NFO,07/01/2020,11:33:23,3,2.15,24000,3.7,36000,0,0
SBIN27Feb20270PE.NFO,07/01/2020,11:33:26,3,2.15,30000,3.7,36000,0,0
SBIN27Feb20270PE.NFO,07/01/2020,11:33:49,3,2.15,30000,3.7,42000,0,0
SBIN27Feb20270PE.NFO,07/01/2020,11:33:53,3,2.15,24000,3.7,42000,0,0
SBIN27Feb20270PE.NFO,07/01/2020,11:33:59,3,2.15,24000,3.7,48000,0,0
SBIN27Feb20270PE.NFO,07/01/2020,11:35:09,3,2.15,18000,3.7,48000,0,0
SBIN27Feb20270PE.NFO,07/01/2020,11:35:15,3,2.15,24000,3.7,48000,0,0
SBIN27Feb20270PE.NFO,07/01/2020,11:35:22,3,2.15,18000,3.7,48000,0,0
SBIN27Feb20270PE.NFO,07/01/2020,11:35:28,3,2.15,12000,3.7,48000,0,0
SBIN27Feb20270PE.NFO,07/01/2020,11:35:33,3,2,33000,3.7,48000,0,0
SBIN27Feb20270PE.NFO,07/01/2020,11:36:32,3,2,39000,3.7,48000,0,0
SBIN27Feb20270PE.NFO,07/01/2020,11:36:47,3,2,45000,3.7,48000,0,0
SBIN27Feb20270PE.NFO,07/01/2020,11:37:07,3,2,39000,3.7,48000,0,0
SBIN27Feb20270PE.NFO,07/01/2020,11:37:40,3,2,33000,3.7,48000,0,0
SBIN27Feb20270PE.NFO,07/01/2020,11:38:29,3,2,39000,3.7,48000,0,0
SBIN27Feb20270PE.NFO,07/01/2020,11:39:02,3,2,45000,3.7,48000,0,0
SBIN27Feb20270PE.NFO,07/01/2020,11:39:31,3,2,51000,3.7,48000,0,0
SBIN27Feb20270PE.NFO,07/01/2020,11:39:41,3,2,39000,3.7,48000,0,0
SBIN27Feb20270PE.NFO,07/01/2020,11:39:46,3,2,45000,3.7,48000,0,0
SBIN27Feb20270PE.NFO,07/01/2020,11:39:51,3,2,51000,3.7,36000,0,0
SBIN27Feb20270PE.NFO,07/01/2020,11:40:12,3,2,45000,3.7,48000,0,0
SBIN27Feb20270PE.NFO,07/01/2020,11:40:17,3,2,45000,3.7,42000,0,0
SBIN27Feb20270PE.NFO,07/01/2020,11:40:34,3,2,45000,3.7,36000,0,0
SBIN27Feb20270PE.NFO,07/01/2020,11:40:42,3,2,45000,3.7,48000,0,0
SBIN27Feb20270PE.NFO,07/01/2020,11:40:45,3,2,45000,3.7,42000,0,0
SBIN27Feb20270PE.NFO,07/01/2020,11:41:28,3,2,45000,3.7,36000,0,0
SBIN27Feb20270PE.NFO,07/01/2020,11:41:32,3,2,51000,3.7,36000,0,0
SBIN27Feb20270PE.NFO,07/01/2020,11:41:44,3,2,45000,3.7,36000,0,0
SBIN27Feb20270PE.NFO,07/01/2020,11:41:48,3,2,51000,3.7,36000,0,0
SBIN27Feb20270PE.NFO,07/01/2020,11:43:01,3,2,45000,3.7,36000,0,0
SBIN27Feb20270PE.NFO,07/01/2020,11:43:45,3,2,45000,3.7,48000,0,0
SBIN27Feb20270PE.NFO,07/01/2020,11:44:00,3,2,45000,3.7,42000,0,0
SBIN27Feb20270PE.NFO,07/01/2020,11:44:20,3,2,45000,3.7,36000,0,0
SBIN27Feb20270PE.NFO,07/01/2020,11:44:26,3,2,51000,3.7,36000,0,0
SBIN27Feb20270PE.NFO,07/01/2020,11:44:40,3,2,45000,3.7,36000,0,0
SBIN27Feb20270PE.NFO,07/01/2020,11:45:19,3,2,51000,3.7,36000,0,0
SBIN27Feb20270PE.NFO,07/01/2020,11:45:26,3,2,51000,3.7,30000,0,0
SBIN27Feb20270PE.NFO,07/01/2020,11:46:31,3,2,51000,3.7,36000,0,0
SBIN27Feb20270PE.NFO,07/01/2020,11:47:13,3,2,51000,3.7,30000,0,0
SBIN27Feb20270PE.NFO,07/01/2020,11:47:18,3,2,51000,3.7,36000,0,0
SBIN27Feb20270PE.NFO,07/01/2020,11:47:26,3,2,51000,3.7,30000,0,0
SBIN27Feb20270PE.NFO,07/01/2020,11:49:36,3,2,51000,3.7,24000,0,0
SBIN27Feb20270PE.NFO,07/01/2020,11:49:39,3,2,51000,3.7,30000,0,0
SBIN27Feb20270PE.NFO,07/01/2020,11:50:07,3,2,51000,3.7,24000,0,0
SBIN27Feb20270PE.NFO,07/01/2020,11:50:11,3,2,51000,3.7,18000,0,0
SBIN27Feb20270PE.NFO,07/01/2020,11:50:46,3,2,51000,3.7,24000,0,0
SBIN27Feb20270PE.NFO,07/01/2020,11:50:54,3,2,51000,3.7,18000,0,0
SBIN27Feb20270PE.NFO,07/01/2020,11:51:17,3,2,51000,3.7,24000,0,0
SBIN27Feb20270PE.NFO,07/01/2020,11:51:31,3,2,51000,3.7,30000,0,0
SBIN27Feb20270PE.NFO,07/01/2020,11:51:46,3,2,51000,3.7,24000,0,0
SBIN27Feb20270PE.NFO,07/01/2020,11:52:03,3,2,51000,3.7,30000,0,0
SBIN27Feb20270PE.NFO,07/01/2020,11:52:55,3,2,51000,3.7,36000,0,0
SBIN27Feb20270PE.NFO,07/01/2020,11:53:00,3,2,51000,3.7,30000,0,0
SBIN27Feb20270PE.NFO,07/01/2020,11:54:32,3,2,51000,3.7,24000,0,0
SBIN27Feb20270PE.NFO,07/01/2020,11:54:41,3,2,51000,3.7,30000,0,0
SBIN27Feb20270PE.NFO,07/01/2020,11:55:25,3,2,51000,3.7,24000,0,0
SBIN27Feb20270PE.NFO,07/01/2020,11:55:35,3,2,51000,3.7,30000,0,0
SBIN27Feb20270PE.NFO,07/01/2020,11:55:38,3,2,51000,3.7,24000,0,0
SBIN27Feb20270PE.NFO,07/01/2020,11:55:41,3,2,51000,3.7,30000,0,0
SBIN27Feb20270PE.NFO,07/01/2020,11:57:24,3,2,51000,3.7,36000,0,0
SBIN27Feb20270PE.NFO,07/01/2020,11:57:37,3,2,51000,3.7,30000,0,0
SBIN27Feb20270PE.NFO,07/01/2020,11:59:24,3,2,51000,3.7,36000,0,0
SBIN27Feb20270PE.NFO,07/01/2020,11:59:53,3,2,51000,3.7,30000,0,0
SBIN27Feb20270PE.NFO,07/01/2020,12:02:39,3,2,51000,3.7,36000,0,0
SBIN27Feb20270PE.NFO,07/01/2020,12:03:24,3,2,51000,3.7,30000,0,0
SBIN27Feb20270PE.NFO,07/01/2020,12:04:22,3,2,51000,3.7,36000,0,0
SBIN27Feb20270PE.NFO,07/01/2020,12:04:28,3,2,51000,3.7,30000,0,0
SBIN27Feb20270PE.NFO,07/01/2020,12:04:35,3,2,51000,3.7,36000,0,0
SBIN27Feb20270PE.NFO,07/01/2020,12:05:26,3,2,51000,3.7,42000,0,0
SBIN27Feb20270PE.NFO,07/01/2020,12:05:38,3,2,51000,3.7,36000,0,0
SBIN27Feb20270PE.NFO,07/01/2020,12:08:16,3,2,51000,3.7,42000,0,0
SBIN27Feb20270PE.NFO,07/01/2020,12:08:23,3,2,51000,3.7,48000,0,0
SBIN27Feb20270PE.NFO,07/01/2020,12:09:12,3,2,51000,3.7,42000,0,0
SBIN27Feb20270PE.NFO,07/01/2020,12:09:57,3,2,51000,3.7,48000,0,0
SBIN27Feb20270PE.NFO,07/01/2020,12:10:10,3,2,51000,3.7,42000,0,0
SBIN27Feb20270PE.NFO,07/01/2020,12:10:24,3,2,51000,3.7,36000,0,0
SBIN27Feb20270PE.NFO,07/01/2020,12:11:44,3,2,51000,3.7,42000,0,0
SBIN27Feb20270PE.NFO,07/01/2020,12:11:58,3,2,51000,3.7,48000,0,0
SBIN27Feb20270PE.NFO,07/01/2020,12:12:04,3,2,51000,3.7,42000,0,0
SBIN27Feb20270PE.NFO,07/01/2020,12:12:07,3,2,51000,3.7,48000,0,0
SBIN27Feb20270PE.NFO,07/01/2020,12:12:10,3,2,51000,3.7,42000,0,0
SBIN27Feb20270PE.NFO,07/01/2020,12:12:17,3,2,51000,3.7,48000,0,0
SBIN27Feb20270PE.NFO,07/01/2020,12:12:27,3,2,51000,3.7,42000,0,0
SBIN27Feb20270PE.NFO,07/01/2020,12:12:36,3,2,51000,3.7,48000,0,0
SBIN27Feb20270PE.NFO,07/01/2020,12:12:56,3,2,51000,3.7,42000,0,0
SBIN27Feb20270PE.NFO,07/01/2020,12:14:51,3,2,51000,3.7,48000,0,0
SBIN27Feb20270PE.NFO,07/01/2020,12:15:56,3,2,51000,3.7,42000,0,0
SBIN27Feb20270PE.NFO,07/01/2020,12:16:09,3,2,51000,3.7,36000,0,0
SBIN27Feb20270PE.NFO,07/01/2020,12:16:16,3,2,51000,3.7,42000,0,0
SBIN27Feb20270PE.NFO,07/01/2020,12:16:20,3,2,51000,3.7,36000,0,0
SBIN27Feb20270PE.NFO,07/01/2020,12:16:25,3,2,51000,3.7,42000,0,0
SBIN27Feb20270PE.NFO,07/01/2020,12:16:54,3,2,51000,3.7,48000,0,0
SBIN27Feb20270PE.NFO,07/01/2020,12:16:59,3,2,51000,3.7,42000,0,0
SBIN27Feb20270PE.NFO,07/01/2020,12:17:39,3,2,51000,3.7,36000,0,0
SBIN27Feb20270PE.NFO,07/01/2020,12:17:44,3,2,51000,3.7,42000,0,0
SBIN27Feb20270PE.NFO,07/01/2020,12:17:47,3,2,51000,3.7,36000,0,0
SBIN27Feb20270PE.NFO,07/01/2020,12:17:56,3,2,51000,3.7,42000,0,0
SBIN27Feb20270PE.NFO,07/01/2020,12:18:35,3,2,51000,3.7,36000,0,0
SBIN27Feb20270PE.NFO,07/01/2020,12:18:41,3,2,51000,3.7,42000,0,0
SBIN27Feb20270PE.NFO,07/01/2020,12:18:43,3,2,51000,3.7,36000,0,0
SBIN27Feb20270PE.NFO,07/01/2020,12:18:58,3,2,51000,3.7,42000,0,0
SBIN27Feb20270PE.NFO,07/01/2020,12:19:08,3,2,51000,3.7,48000,0,0
SBIN27Feb20270PE.NFO,07/01/2020,12:19:17,3,2,45000,3.7,48000,0,0
SBIN27Feb20270PE.NFO,07/01/2020,12:19:38,3,2,39000,3.7,48000,0,0
SBIN27Feb20270PE.NFO,07/01/2020,12:19:49,3,2,45000,3.7,48000,0,0
SBIN27Feb20270PE.NFO,07/01/2020,12:19:57,3,2,39000,3.7,48000,0,0
SBIN27Feb20270PE.NFO,07/01/2020,12:20:01,3,2,45000,3.7,48000,0,0
SBIN27Feb20270PE.NFO,07/01/2020,12:20:31,3,2,39000,3.7,48000,0,0
SBIN27Feb20270PE.NFO,07/01/2020,12:20:34,3,2,45000,3.7,48000,0,0
SBIN27Feb20270PE.NFO,07/01/2020,12:21:04,3,2,39000,3.7,48000,0,0
SBIN27Feb20270PE.NFO,07/01/2020,12:21:08,3,2,45000,3.7,48000,0,0
SBIN27Feb20270PE.NFO,07/01/2020,12:21:11,3,2,39000,3.7,48000,0,0
SBIN27Feb20270PE.NFO,07/01/2020,12:21:17,3,2,45000,3.7,48000,0,0
SBIN27Feb20270PE.NFO,07/01/2020,12:21:20,3,2,39000,3.7,48000,0,0
SBIN27Feb20270PE.NFO,07/01/2020,12:21:23,3,2,45000,3.7,48000,0,0
SBIN27Feb20270PE.NFO,07/01/2020,12:21:28,3,2,39000,3.7,48000,0,0
SBIN27Feb20270PE.NFO,07/01/2020,12:21:34,3,2,45000,3.7,48000,0,0
SBIN27Feb20270PE.NFO,07/01/2020,12:21:51,3,2,39000,3.7,48000,0,0
SBIN27Feb20270PE.NFO,07/01/2020,12:21:54,3,2,45000,3.7,48000,0,0
SBIN27Feb20270PE.NFO,07/01/2020,12:22:02,3,2,51000,3.7,48000,0,0
SBIN27Feb20270PE.NFO,07/01/2020,12:22:50,3,2,51000,3.7,36000,0,0
SBIN27Feb20270PE.NFO,07/01/2020,12:23:00,3,2,51000,3.7,42000,0,0
SBIN27Feb20270PE.NFO,07/01/2020,12:23:03,3,2,51000,3.7,36000,0,0
SBIN27Feb20270PE.NFO,07/01/2020,12:24:17,3,2,51000,3.7,48000,0,0
SBIN27Feb20270PE.NFO,07/01/2020,12:24:52,3,2,51000,3.7,42000,0,0
SBIN27Feb20270PE.NFO,07/01/2020,12:24:56,3,2,51000,3.7,36000,0,0
SBIN27Feb20270PE.NFO,07/01/2020,12:26:58,3,2,51000,3.7,30000,0,0
SBIN27Feb20270PE.NFO,07/01/2020,12:29:08,3,2,51000,3.7,24000,0,0
SBIN27Feb20270PE.NFO,07/01/2020,12:29:17,3,2,51000,3.7,30000,0,0
SBIN27Feb20270PE.NFO,07/01/2020,12:29:26,3,2,51000,3.7,24000,0,0
SBIN27Feb20270PE.NFO,07/01/2020,12:30:54,3,2,51000,3.7,30000,0,0
SBIN27Feb20270PE.NFO,07/01/2020,12:31:20,3,2,51000,3.7,24000,0,0
SBIN27Feb20270PE.NFO,07/01/2020,12:31:24,3,2,51000,3.7,30000,0,0
SBIN27Feb20270PE.NFO,07/01/2020,12:31:34,3,2,51000,3.7,24000,0,0
SBIN27Feb20270PE.NFO,07/01/2020,12:32:32,3,2,51000,3.7,18000,0,0
SBIN27Feb20270PE.NFO,07/01/2020,12:32:38,3,2,51000,3.7,24000,0,0
SBIN27Feb20270PE.NFO,07/01/2020,12:32:44,3,2,51000,3.7,18000,0,0
SBIN27Feb20270PE.NFO,07/01/2020,12:34:35,3,2,51000,3.7,24000,0,0
SBIN27Feb20270PE.NFO,07/01/2020,12:34:59,3,2,51000,3.7,30000,0,0
SBIN27Feb20270PE.NFO,07/01/2020,12:35:23,3,2,51000,3.7,36000,0,0
SBIN27Feb20270PE.NFO,07/01/2020,12:35:29,3,2,51000,3.7,30000,0,0
SBIN27Feb20270PE.NFO,07/01/2020,12:38:31,3,2,51000,3.7,36000,0,0
SBIN27Feb20270PE.NFO,07/01/2020,12:38:35,3,2,51000,3.7,30000,0,0
SBIN27Feb20270PE.NFO,07/01/2020,12:38:39,3,2,51000,3.7,36000,0,0
SBIN27Feb20270PE.NFO,07/01/2020,12:39:24,3,2,51000,3.7,30000,0,0
SBIN27Feb20270PE.NFO,07/01/2020,12:39:34,3,2,51000,3.7,36000,0,0
SBIN27Feb20270PE.NFO,07/01/2020,12:39:47,3,2,51000,3.7,30000,0,0
SBIN27Feb20270PE.NFO,07/01/2020,12:39:56,3,2,51000,3.7,36000,0,0
SBIN27Feb20270PE.NFO,07/01/2020,12:42:34,3,2,51000,3.7,30000,0,0
SBIN27Feb20270PE.NFO,07/01/2020,12:43:49,3,2,51000,3.7,36000,0,0
SBIN27Feb20270PE.NFO,07/01/2020,12:44:02,3,2,51000,3.7,30000,0,0
SBIN27Feb20270PE.NFO,07/01/2020,12:44:18,3,2,51000,3.7,36000,0,0
SBIN27Feb20270PE.NFO,07/01/2020,12:44:46,3,2,51000,3.7,42000,0,0
SBIN27Feb20270PE.NFO,07/01/2020,12:44:53,3,2,51000,3.7,36000,0,0
SBIN27Feb20270PE.NFO,07/01/2020,12:46:15,3,2,51000,3.7,42000,0,0
SBIN27Feb20270PE.NFO,07/01/2020,12:46:26,3,2,51000,3.7,48000,0,0
SBIN27Feb20270PE.NFO,07/01/2020,12:47:19,3,2,51000,3.7,36000,0,0
SBIN27Feb20270PE.NFO,07/01/2020,12:47:28,3,2,51000,3.7,48000,0,0
SBIN27Feb20270PE.NFO,07/01/2020,12:47:46,3,2,51000,3.7,36000,0,0
SBIN27Feb20270PE.NFO,07/01/2020,12:47:53,3,2,51000,3.7,42000,0,0
SBIN27Feb20270PE.NFO,07/01/2020,12:47:56,3,2,51000,3.7,36000,0,0
SBIN27Feb20270PE.NFO,07/01/2020,12:48:00,3,2,51000,3.7,42000,0,0
SBIN27Feb20270PE.NFO,07/01/2020,12:48:06,3,2,51000,3.7,48000,0,0
SBIN27Feb20270PE.NFO,07/01/2020,12:48:18,3,2,45000,3.7,48000,0,0
SBIN27Feb20270PE.NFO,07/01/2020,12:48:24,3,2,51000,3.7,48000,0,0
SBIN27Feb20270PE.NFO,07/01/2020,12:48:35,3,2,45000,3.7,48000,0,0
SBIN27Feb20270PE.NFO,07/01/2020,12:49:07,3,2,51000,3.7,48000,0,0
SBIN27Feb20270PE.NFO,07/01/2020,12:49:16,3,2,45000,3.7,48000,0,0
SBIN27Feb20270PE.NFO,07/01/2020,12:49:29,3,2,51000,3.7,48000,0,0
SBIN27Feb20270PE.NFO,07/01/2020,12:49:44,3,2,45000,3.7,48000,0,0
SBIN27Feb20270PE.NFO,07/01/2020,12:50:24,3,2,51000,3.7,48000,0,0
SBIN27Feb20270PE.NFO,07/01/2020,12:50:40,3,2,45000,3.7,48000,0,0
SBIN27Feb20270PE.NFO,07/01/2020,12:50:48,3,2,51000,3.7,48000,0,0
SBIN27Feb20270PE.NFO,07/01/2020,12:52:21,3,2,51000,3.7,36000,0,0
SBIN27Feb20270PE.NFO,07/01/2020,12:54:19,3,2,51000,3.7,30000,0,0
SBIN27Feb20270PE.NFO,07/01/2020,12:54:29,3,2,51000,3.7,36000,0,0
SBIN27Feb20270PE.NFO,07/01/2020,12:56:50,3,2,51000,3.7,30000,0,0
SBIN27Feb20270PE.NFO,07/01/2020,12:58:01,3,2,51000,3.7,24000,0,0
SBIN27Feb20270PE.NFO,07/01/2020,12:58:35,3,2,51000,3.7,30000,0,0
SBIN27Feb20270PE.NFO,07/01/2020,12:58:43,3,2,51000,3.7,24000,0,0
SBIN27Feb20270PE.NFO,07/01/2020,12:59:50,3,2,51000,3.7,18000,0,0
SBIN27Feb20270PE.NFO,07/01/2020,13:00:11,3,2,51000,3.7,12000,0,0
SBIN27Feb20270PE.NFO,07/01/2020,13:00:26,3,2,51000,3.7,18000,0,0
SBIN27Feb20270PE.NFO,07/01/2020,13:00:36,3,2,51000,3.7,6000,0,0
SBIN27Feb20270PE.NFO,07/01/2020,13:00:49,3,2,51000,3.7,12000,0,0
SBIN27Feb20270PE.NFO,07/01/2020,13:00:55,3,2,51000,3.7,6000,0,0
SBIN27Feb20270PE.NFO,07/01/2020,13:00:59,3,2,51000,3.7,18000,0,0
SBIN27Feb20270PE.NFO,07/01/2020,13:01:04,3,2,51000,3.7,6000,0,0
SBIN27Feb20270PE.NFO,07/01/2020,13:01:17,3,2,51000,4.1,48000,0,0
SBIN27Feb20270PE.NFO,07/01/2020,13:01:25,3,2,45000,4.1,42000,0,0
SBIN27Feb20270PE.NFO,07/01/2020,13:01:32,3,2,51000,4.1,48000,0,0
SBIN27Feb20270PE.NFO,07/01/2020,13:05:33,3,2,51000,4,51000,0,0
SBIN27Feb20270PE.NFO,07/01/2020,13:08:29,3,2,51000,4,33000,0,0
SBIN27Feb20270PE.NFO,07/01/2020,13:12:30,3,2,51000,4,39000,0,0
SBIN27Feb20270PE.NFO,07/01/2020,13:12:34,3,2,51000,4,33000,0,0
SBIN27Feb20270PE.NFO,07/01/2020,13:13:09,3,2,51000,4,39000,0,0
SBIN27Feb20270PE.NFO,07/01/2020,13:13:13,3,2,51000,4,33000,0,0
SBIN27Feb20270PE.NFO,07/01/2020,13:13:17,3,2,51000,4,39000,0,0
SBIN27Feb20270PE.NFO,07/01/2020,13:13:25,3,2,51000,4,33000,0,0
SBIN27Feb20270PE.NFO,07/01/2020,13:14:59,3,2,51000,4,27000,0,0
SBIN27Feb20270PE.NFO,07/01/2020,13:15:12,3,2.35,48000,4,9000,0,0
SBIN27Feb20270PE.NFO,07/01/2020,13:15:20,3,2.35,48000,3.25,3000,0,0
SBIN27Feb20270PE.NFO,07/01/2020,13:15:41,3,2.35,48000,3.6,3000,0,0
SBIN27Feb20270PE.NFO,07/01/2020,13:16:55,3,2.35,48000,3.3,3000,0,0
SBIN27Feb20270PE.NFO,07/01/2020,13:21:19,3,2.35,42000,3.3,3000,0,0
SBIN27Feb20270PE.NFO,07/01/2020,13:21:59,3,2.35,48000,3.3,3000,0,0
SBIN27Feb20270PE.NFO,07/01/2020,13:30:48,3.3,2.35,48000,4.55,48000,3000,3000
SBIN27Feb20270PE.NFO,07/01/2020,13:30:48,3.3,2.35,48000,4.55,48000,0,3000
SBIN27Feb20270PE.NFO,07/01/2020,13:31:38,3.3,2.35,48000,4.55,48000,0,3000
SBIN27Feb20270PE.NFO,07/01/2020,13:34:41,3.3,2.35,48000,4,3000,0,3000
SBIN27Feb20270PE.NFO,07/01/2020,13:36:24,3.3,2.35,48000,4,9000,0,3000
SBIN27Feb20270PE.NFO,07/01/2020,13:36:44,3.3,2.35,48000,4,3000,0,3000
SBIN27Feb20270PE.NFO,07/01/2020,13:37:11,3.3,2.35,48000,4,9000,0,3000
SBIN27Feb20270PE.NFO,07/01/2020,13:37:39,3,2.35,48000,4,9000,3000,6000
SBIN27Feb20270PE.NFO,07/01/2020,13:37:49,3,2.35,48000,3.5,3000,0,6000
SBIN27Feb20270PE.NFO,07/01/2020,13:40:07,3,2.35,42000,3.5,3000,0,6000
SBIN27Feb20270PE.NFO,07/01/2020,13:40:25,3,2.35,48000,3.5,3000,0,6000
SBIN27Feb20270PE.NFO,07/01/2020,13:41:50,3,2.35,42000,3.5,3000,0,6000
SBIN27Feb20270PE.NFO,07/01/2020,13:42:33,3,2.35,48000,3.5,3000,0,6000
SBIN27Feb20270PE.NFO,07/01/2020,13:47:39,3,2.35,42000,3.5,3000,0,6000
SBIN27Feb20270PE.NFO,07/01/2020,13:48:19,3,2.35,30000,3.5,3000,0,6000
SBIN27Feb20270PE.NFO,07/01/2020,13:48:25,3,2.35,36000,3.5,3000,0,6000
SBIN27Feb20270PE.NFO,07/01/2020,13:48:35,3,2.35,42000,3.5,3000,0,6000
SBIN27Feb20270PE.NFO,07/01/2020,13:48:59,3,2.35,36000,3.5,3000,0,6000
SBIN27Feb20270PE.NFO,07/01/2020,13:49:11,3,2.35,30000,3.5,3000,0,6000
SBIN27Feb20270PE.NFO,07/01/2020,13:49:23,3,2.35,24000,3.5,3000,0,6000
SBIN27Feb20270PE.NFO,07/01/2020,13:50:41,3,2.35,18000,3.5,3000,0,6000
SBIN27Feb20270PE.NFO,07/01/2020,13:51:06,3,2.35,12000,3.5,3000,0,6000
SBIN27Feb20270PE.NFO,07/01/2020,13:51:23,3,2.35,18000,3.5,3000,0,6000
SBIN27Feb20270PE.NFO,07/01/2020,13:51:39,3,2.35,24000,3.5,3000,0,6000
SBIN27Feb20270PE.NFO,07/01/2020,13:52:54,3,2.35,18000,3.5,3000,0,6000
SBIN27Feb20270PE.NFO,07/01/2020,13:53:19,3,2.35,24000,3.5,3000,0,6000
SBIN27Feb20270PE.NFO,07/01/2020,13:53:24,3,2.35,30000,3.5,3000,0,6000
SBIN27Feb20270PE.NFO,07/01/2020,13:53:56,3,2.35,36000,3.5,3000,0,6000
SBIN27Feb20270PE.NFO,07/01/2020,13:54:15,3,2.35,30000,3.5,3000,0,6000
SBIN27Feb20270PE.NFO,07/01/2020,13:54:39,3,2.35,24000,3.5,3000,0,6000
SBIN27Feb20270PE.NFO,07/01/2020,13:56:35,3,2.35,30000,3.5,3000,0,6000
SBIN27Feb20270PE.NFO,07/01/2020,13:56:55,3,2.35,24000,3.5,3000,0,6000
SBIN27Feb20270PE.NFO,07/01/2020,13:57:20,3,2.35,30000,3.5,3000,0,6000
SBIN27Feb20270PE.NFO,07/01/2020,13:57:36,3,2.35,36000,3.5,3000,0,6000
SBIN27Feb20270PE.NFO,07/01/2020,13:57:40,3,2.35,42000,3.5,3000,0,6000
SBIN27Feb20270PE.NFO,07/01/2020,13:57:44,3,2.35,36000,3.5,3000,0,6000
SBIN27Feb20270PE.NFO,07/01/2020,13:57:49,3,2.35,30000,3.5,3000,0,6000
SBIN27Feb20270PE.NFO,07/01/2020,13:58:05,3,2.35,42000,3.5,3000,0,6000
SBIN27Feb20270PE.NFO,07/01/2020,13:58:09,3,2.35,36000,3.5,3000,0,6000
SBIN27Feb20270PE.NFO,07/01/2020,13:58:18,3,2.35,42000,3.5,3000,0,6000
SBIN27Feb20270PE.NFO,07/01/2020,14:00:52,3,2.35,36000,3.5,3000,0,6000
SBIN27Feb20270PE.NFO,07/01/2020,14:00:58,3,2.35,42000,3.5,3000,0,6000
SBIN27Feb20270PE.NFO,07/01/2020,14:01:19,3,2.35,36000,3.5,3000,0,6000
SBIN27Feb20270PE.NFO,07/01/2020,14:02:41,3,2.35,42000,3.5,3000,0,6000
SBIN27Feb20270PE.NFO,07/01/2020,14:02:55,3,2.35,36000,3.5,3000,0,6000
SBIN27Feb20270PE.NFO,07/01/2020,14:03:41,3,2.35,30000,3.5,3000,0,6000
SBIN27Feb20270PE.NFO,07/01/2020,14:03:54,3,2.35,36000,3.5,3000,0,6000
SBIN27Feb20270PE.NFO,07/01/2020,14:05:43,3,2.35,42000,3.5,3000,0,6000
SBIN27Feb20270PE.NFO,07/01/2020,14:05:54,3,2.35,36000,3.5,3000,0,6000
SBIN27Feb20270PE.NFO,07/01/2020,14:06:42,3,2.35,48000,3.5,3000,0,6000
SBIN27Feb20270PE.NFO,07/01/2020,14:06:46,3,2.35,42000,3.5,3000,0,6000
SBIN27Feb20270PE.NFO,07/01/2020,14:06:50,3,2.35,36000,3.5,3000,0,6000
SBIN27Feb20270PE.NFO,07/01/2020,14:06:53,3,2.35,48000,3.5,3000,0,6000
SBIN27Feb20270PE.NFO,07/01/2020,14:06:56,3,2.35,42000,3.5,3000,0,6000
SBIN27Feb20270PE.NFO,07/01/2020,14:07:00,3,2.35,48000,3.5,3000,0,6000
SBIN27Feb20270PE.NFO,07/01/2020,14:07:17,3,2.35,36000,3.5,3000,0,6000
SBIN27Feb20270PE.NFO,07/01/2020,14:07:21,3,2.35,48000,3.5,3000,0,6000
SBIN27Feb20270PE.NFO,07/01/2020,14:13:29,3,2.35,36000,3.5,3000,0,6000
SBIN27Feb20270PE.NFO,07/01/2020,14:17:15,3,2.35,42000,3.5,3000,0,6000
SBIN27Feb20270PE.NFO,07/01/2020,14:17:20,3,2.35,48000,3.5,3000,0,6000
SBIN27Feb20270PE.NFO,07/01/2020,14:17:50,3,2.35,42000,3.5,3000,0,6000
SBIN27Feb20270PE.NFO,07/01/2020,14:17:55,3,2.35,48000,3.5,3000,0,6000
SBIN27Feb20270PE.NFO,07/01/2020,14:17:59,3,2.35,36000,3.5,3000,0,6000
SBIN27Feb20270PE.NFO,07/01/2020,14:18:02,3,2.35,48000,3.5,3000,0,6000
SBIN27Feb20270PE.NFO,07/01/2020,14:18:06,3,2.35,42000,3.5,3000,0,6000
SBIN27Feb20270PE.NFO,07/01/2020,14:18:14,3,2.35,36000,3.5,3000,0,6000
SBIN27Feb20270PE.NFO,07/01/2020,14:18:49,3,2.35,30000,3.5,3000,0,6000
SBIN27Feb20270PE.NFO,07/01/2020,14:19:56,3,2.35,36000,3.5,3000,0,6000
SBIN27Feb20270PE.NFO,07/01/2020,14:20:10,3,2.35,30000,3.5,3000,0,6000
SBIN27Feb20270PE.NFO,07/01/2020,14:22:41,3,2.35,24000,3.5,3000,0,6000
SBIN27Feb20270PE.NFO,07/01/2020,14:22:49,3,2.35,30000,3.5,3000,0,6000
SBIN27Feb20270PE.NFO,07/01/2020,14:24:09,3,2.35,36000,3.5,3000,0,6000
SBIN27Feb20270PE.NFO,07/01/2020,14:27:09,3,2.35,30000,3.5,3000,0,6000
SBIN27Feb20270PE.NFO,07/01/2020,14:27:40,3,2.35,24000,3.5,3000,0,6000
SBIN27Feb20270PE.NFO,07/01/2020,14:27:50,3,2.35,30000,3.5,3000,0,6000
SBIN27Feb20270PE.NFO,07/01/2020,14:28:23,3,2.35,24000,3.5,3000,0,6000
SBIN27Feb20270PE.NFO,07/01/2020,14:28:27,3,2.35,30000,3.5,3000,0,6000
SBIN27Feb20270PE.NFO,07/01/2020,14:30:31,3,2.35,24000,3.5,3000,0,6000
SBIN27Feb20270PE.NFO,07/01/2020,14:31:33,3,2.35,18000,3.5,3000,0,6000
SBIN27Feb20270PE.NFO,07/01/2020,14:32:42,3,2.35,24000,3.5,3000,0,6000
SBIN27Feb20270PE.NFO,07/01/2020,14:32:48,3,2.35,18000,3.5,3000,0,6000
SBIN27Feb20270PE.NFO,07/01/2020,14:33:08,3,2.35,12000,3.5,3000,0,6000
SBIN27Feb20270PE.NFO,07/01/2020,14:33:16,3,2.35,6000,3.5,3000,0,6000
SBIN27Feb20270PE.NFO,07/01/2020,14:33:24,3,2.35,18000,3.5,3000,0,6000
SBIN27Feb20270PE.NFO,07/01/2020,14:33:32,3,2.35,6000,3.5,3000,0,6000
SBIN27Feb20270PE.NFO,07/01/2020,14:33:44,3,2.35,18000,3.5,3000,0,6000
SBIN27Feb20270PE.NFO,07/01/2020,14:35:28,3,2.35,24000,3.5,3000,0,6000
SBIN27Feb20270PE.NFO,07/01/2020,14:37:26,3,2.35,18000,3.5,3000,0,6000
SBIN27Feb20270PE.NFO,07/01/2020,14:37:45,3,2.35,24000,3.5,3000,0,6000
SBIN27Feb20270PE.NFO,07/01/2020,14:37:55,3,2.35,18000,3.5,3000,0,6000
SBIN27Feb20270PE.NFO,07/01/2020,14:38:04,3,2.35,24000,3.5,3000,0,6000
SBIN27Feb20270PE.NFO,07/01/2020,14:48:05,3,2.35,18000,3.5,3000,0,6000
SBIN27Feb20270PE.NFO,07/01/2020,14:48:43,3,2.35,24000,3.5,3000,0,6000
SBIN27Feb20270PE.NFO,07/01/2020,14:49:20,3,2.35,18000,3.5,3000,0,6000
SBIN27Feb20270PE.NFO,07/01/2020,14:49:33,3,2.35,24000,3.5,3000,0,6000
SBIN27Feb20270PE.NFO,07/01/2020,14:49:55,3,2.35,18000,3.5,3000,0,6000
SBIN27Feb20270PE.NFO,07/01/2020,14:50:31,3,2.35,6000,3.5,3000,0,6000
SBIN27Feb20270PE.NFO,07/01/2020,14:50:35,3,2.35,18000,3.5,3000,0,6000
SBIN27Feb20270PE.NFO,07/01/2020,14:50:40,3,2.35,12000,3.5,3000,0,6000
SBIN27Feb20270PE.NFO,07/01/2020,14:53:07,3,2.35,6000,3.5,3000,0,6000
SBIN27Feb20270PE.NFO,07/01/2020,14:53:20,3,2,45000,3.5,9000,0,6000
SBIN27Feb20270PE.NFO,07/01/2020,14:53:35,3,2.05,36000,3.5,3000,0,6000
SBIN27Feb20270PE.NFO,07/01/2020,14:53:42,3,2.05,42000,3.5,9000,0,6000
SBIN27Feb20270PE.NFO,07/01/2020,14:53:53,3,2.05,36000,3.5,9000,0,6000
SBIN27Feb20270PE.NFO,07/01/2020,14:54:00,3,2.05,36000,3.5,15000,0,6000
SBIN27Feb20270PE.NFO,07/01/2020,14:54:44,3,2.05,42000,3.4,3000,0,6000
SBIN27Feb20270PE.NFO,07/01/2020,14:56:06,3,2.05,48000,3.4,3000,0,6000
SBIN27Feb20270PE.NFO,07/01/2020,14:56:10,3,2.05,42000,3.4,3000,0,6000
SBIN27Feb20270PE.NFO,07/01/2020,14:56:14,3,2.05,48000,3.4,3000,0,6000
SBIN27Feb20270PE.NFO,07/01/2020,14:56:18,3,2.05,42000,3.4,3000,0,6000
SBIN27Feb20270PE.NFO,07/01/2020,14:56:28,3,2.05,48000,3.4,3000,0,6000
SBIN27Feb20270PE.NFO,07/01/2020,14:56:47,3,2.05,42000,3.4,3000,0,6000
SBIN27Feb20270PE.NFO,07/01/2020,14:56:59,3,2.05,48000,3.4,3000,0,6000
SBIN27Feb20270PE.NFO,07/01/2020,14:57:06,3,2.05,42000,3.4,3000,0,6000
SBIN27Feb20270PE.NFO,07/01/2020,14:57:20,3,2.05,36000,3.4,3000,0,6000
SBIN27Feb20270PE.NFO,07/01/2020,14:59:06,3,2.05,42000,3.4,3000,0,6000
SBIN27Feb20270PE.NFO,07/01/2020,14:59:11,3,2.05,36000,3.4,3000,0,6000
SBIN27Feb20270PE.NFO,07/01/2020,14:59:29,3,2.05,42000,3.4,3000,0,6000
SBIN27Feb20270PE.NFO,07/01/2020,14:59:33,3,2.05,36000,3.4,3000,0,6000
SBIN27Feb20270PE.NFO,07/01/2020,14:59:37,3,2.05,48000,3.4,3000,0,6000
SBIN27Feb20270PE.NFO,07/01/2020,14:59:47,3,2.05,42000,3.4,3000,0,6000
SBIN27Feb20270PE.NFO,07/01/2020,14:59:51,3,2.05,48000,3.4,3000,0,6000
SBIN27Feb20270PE.NFO,07/01/2020,14:59:55,3,2.05,36000,3.4,3000,0,6000
SBIN27Feb20270PE.NFO,07/01/2020,15:03:23,3,2.05,36000,3.4,9000,0,6000
SBIN27Feb20270PE.NFO,07/01/2020,15:03:32,3,2.05,36000,3.4,3000,0,6000
SBIN27Feb20270PE.NFO,07/01/2020,15:04:38,3,2.05,30000,3.4,3000,0,6000
SBIN27Feb20270PE.NFO,07/01/2020,15:04:57,3,2.05,36000,3.4,3000,0,6000
SBIN27Feb20270PE.NFO,07/01/2020,15:06:47,3,2.05,42000,3.4,3000,0,6000
SBIN27Feb20270PE.NFO,07/01/2020,15:07:07,3,2.05,36000,3.4,3000,0,6000
SBIN27Feb20270PE.NFO,07/01/2020,15:14:48,3,2.05,36000,3.5,15000,0,6000
SBIN27Feb20270PE.NFO,07/01/2020,15:15:52,3,2.05,36000,3,3000,0,6000
SBIN27Feb20270PE.NFO,07/01/2020,15:18:35,3,2.05,36000,3.5,15000,0,6000
SBIN27Feb20270PE.NFO,07/01/2020,15:18:54,3,2.05,30000,3.5,15000,0,6000
SBIN27Feb20270PE.NFO,07/01/2020,15:19:06,3,2.05,30000,3.5,21000,0,6000
SBIN27Feb20270PE.NFO,07/01/2020,15:19:12,3,2.05,30000,3.5,15000,0,6000
SBIN27Feb20270PE.NFO,07/01/2020,15:19:34,3,2.05,30000,3.5,21000,0,6000
SBIN27Feb20270PE.NFO,07/01/2020,15:19:45,3,2.05,24000,3.5,15000,0,6000
SBIN27Feb20270PE.NFO,07/01/2020,15:19:50,3,2.05,24000,3.5,21000,0,6000
SBIN27Feb20270PE.NFO,07/01/2020,15:19:59,3,2.05,24000,3.5,15000,0,6000
SBIN27Feb20270PE.NFO,07/01/2020,15:20:14,3,2.05,18000,3.5,15000,0,6000
SBIN27Feb20270PE.NFO,07/01/2020,15:20:22,3,2.05,24000,3.5,15000,0,6000
SBIN27Feb20270PE.NFO,07/01/2020,15:20:29,3,2.05,24000,3.5,21000,0,6000
SBIN27Feb20270PE.NFO,07/01/2020,15:22:56,3,2.05,30000,3.5,21000,0,6000
SBIN27Feb20270PE.NFO,07/01/2020,15:23:10,3,2.05,24000,3.5,21000,0,6000
SBIN27Feb20270PE.NFO,07/01/2020,15:23:17,3,2.05,30000,3.5,21000,0,6000
SBIN27Feb20270PE.NFO,07/01/2020,15:23:33,3,2.05,24000,3.5,21000,0,6000
SBIN27Feb20270PE.NFO,07/01/2020,15:23:46,3,2.1,18000,3.5,21000,0,6000
SBIN27Feb20270PE.NFO,07/01/2020,15:24:27,3,2.1,12000,3.5,21000,0,6000
SBIN27Feb20270PE.NFO,07/01/2020,15:24:51,3,2.1,18000,3.5,21000,0,6000
SBIN27Feb20270PE.NFO,07/01/2020,15:25:00,3,2.1,24000,3.5,21000,0,6000
SBIN27Feb20270PE.NFO,07/01/2020,15:25:48,3,2.1,30000,3.5,21000,0,6000
SBIN27Feb20270PE.NFO,07/01/2020,15:26:22,3,2.3,3000,3.5,21000,0,6000
SBIN27Feb20270PE.NFO,07/01/2020,15:28:17,3,2.3,3000,3.5,15000,0,6000
SBIN27Feb20270PE.NFO,07/01/2020,15:28:27,3,2.3,3000,3.5,21000,0,6000
SBIN27Feb20270PE.NFO,07/01/2020,15:28:33,3,2.3,3000,3.5,15000,0,6000
SBIN27Feb20270PE.NFO,07/01/2020,15:29:31,3,2.3,3000,3.5,9000,0,6000
SBIN27Feb20270PE.NFO,07/01/2020,15:29:39,3,2.3,3000,3.5,15000,0,6000
