Ticker,Date,Time,LTP,BuyPrice,BuyQty,SellPrice,SellQty,LTQ,OpenInterest
SBIN30Jan20360PE.NFO,07/01/2020,11:02:18,40,39.6,12000,40,3000,3000,417000
SBIN30Jan20360PE.NFO,07/01/2020,11:02:18,40,39.6,12000,40,3000,0,417000
SBIN30Jan20360PE.NFO,07/01/2020,11:02:18,40,39.6,12000,40,3000,0,417000
SBIN30Jan20360PE.NFO,07/01/2020,11:02:18,40,39.6,12000,40,3000,0,417000
SBIN30Jan20360PE.NFO,07/01/2020,11:02:25,40,39.7,3000,40.05,3000,0,417000
SBIN30Jan20360PE.NFO,07/01/2020,11:02:32,40,39.7,6000,40.05,3000,0,417000
SBIN30Jan20360PE.NFO,07/01/2020,11:02:39,40,39.55,18000,40,3000,0,417000
SBIN30Jan20360PE.NFO,07/01/2020,11:02:45,40,39.65,6000,40,3000,0,417000
SBIN30Jan20360PE.NFO,07/01/2020,11:02:51,40,39.95,3000,40.2,3000,0,417000
SBIN30Jan20360PE.NFO,07/01/2020,11:02:58,40,40,3000,40.6,9000,0,417000
SBIN30Jan20360PE.NFO,07/01/2020,11:03:05,40,40.05,3000,40.35,3000,0,417000
SBIN30Jan20360PE.NFO,07/01/2020,11:03:11,40,40.1,6000,40.45,3000,0,417000
SBIN30Jan20360PE.NFO,07/01/2020,11:03:18,40,40.2,3000,40.5,3000,0,417000
SBIN30Jan20360PE.NFO,07/01/2020,11:03:30,40,40.1,6000,40.5,3000,0,417000
SBIN30Jan20360PE.NFO,07/01/2020,11:03:36,40,40.2,3000,40.55,3000,0,417000
SBIN30Jan20360PE.NFO,07/01/2020,11:03:43,40,40.3,3000,40.65,3000,0,417000
SBIN30Jan20360PE.NFO,07/01/2020,11:03:50,40,40.25,6000,40.6,3000,0,417000
SBIN30Jan20360PE.NFO,07/01/2020,11:03:56,40,40.1,15000,40.55,3000,0,417000
SBIN30Jan20360PE.NFO,07/01/2020,11:04:03,40,40.35,3000,40.7,3000,0,417000
SBIN30Jan20360PE.NFO,07/01/2020,11:04:10,40,40.4,12000,40.8,3000,0,417000
SBIN30Jan20360PE.NFO,07/01/2020,11:04:17,40,40.65,9000,41.25,6000,0,417000
SBIN30Jan20360PE.NFO,07/01/2020,11:04:23,40,40.6,6000,41,3000,0,417000
SBIN30Jan20360PE.NFO,07/01/2020,11:04:29,40,40.6,3000,41.4,12000,0,417000
SBIN30Jan20360PE.NFO,07/01/2020,11:04:36,40,40.65,3000,41,3000,0,417000
SBIN30Jan20360PE.NFO,07/01/2020,11:04:43,40,40.55,6000,41,3000,0,417000
SBIN30Jan20360PE.NFO,07/01/2020,11:04:50,40,40.4,3000,40.8,3000,0,417000
SBIN30Jan20360PE.NFO,07/01/2020,11:04:57,40,40.3,6000,40.65,3000,0,417000
SBIN30Jan20360PE.NFO,07/01/2020,11:05:04,40,40.35,6000,40.65,3000,0,417000
SBIN30Jan20360PE.NFO,07/01/2020,11:05:10,40,40.35,3000,40.7,3000,0,417000
SBIN30Jan20360PE.NFO,07/01/2020,11:05:17,40,40.4,3000,40.7,3000,0,417000
SBIN30Jan20360PE.NFO,07/01/2020,11:05:24,40,40.05,9000,40.65,3000,0,417000
SBIN30Jan20360PE.NFO,07/01/2020,11:05:30,40,40.3,6000,40.65,3000,0,417000
SBIN30Jan20360PE.NFO,07/01/2020,11:05:37,40,40.25,3000,40.5,3000,0,417000
SBIN30Jan20360PE.NFO,07/01/2020,11:05:43,40,40.05,6000,40.3,3000,0,417000
SBIN30Jan20360PE.NFO,07/01/2020,11:05:50,40,40.05,12000,40.4,3000,0,417000
SBIN30Jan20360PE.NFO,07/01/2020,11:05:57,40,40.05,3000,40.3,3000,0,417000
SBIN30Jan20360PE.NFO,07/01/2020,11:06:04,40,39.9,6000,40.15,3000,0,417000
SBIN30Jan20360PE.NFO,07/01/2020,11:06:11,40,39.7,6000,40,3000,0,417000
SBIN30Jan20360PE.NFO,07/01/2020,11:06:17,40,39.75,9000,40.05,3000,0,417000
SBIN30Jan20360PE.NFO,07/01/2020,11:06:24,40,40,3000,40.25,3000,0,417000
SBIN30Jan20360PE.NFO,07/01/2020,11:06:30,40,39.7,27000,40.25,3000,0,417000
SBIN30Jan20360PE.NFO,07/01/2020,11:06:36,40,39.7,27000,40.3,3000,0,417000
SBIN30Jan20360PE.NFO,07/01/2020,11:06:41,40,39.7,39000,40.4,3000,0,417000
SBIN30Jan20360PE.NFO,07/01/2020,11:06:46,40,40.15,6000,40.45,3000,0,417000
SBIN30Jan20360PE.NFO,07/01/2020,11:06:51,40,40.2,6000,40.45,3000,0,417000
SBIN30Jan20360PE.NFO,07/01/2020,11:06:56,40,40.2,3000,40.4,3000,0,417000
SBIN30Jan20360PE.NFO,07/01/2020,11:07:02,40,40.2,3000,40.65,6000,0,417000
SBIN30Jan20360PE.NFO,07/01/2020,11:07:08,40,40.1,6000,40.5,3000,0,417000
SBIN30Jan20360PE.NFO,07/01/2020,11:07:13,40,40.15,3000,40.45,3000,0,417000
SBIN30Jan20360PE.NFO,07/01/2020,11:07:18,40,40,12000,40.35,3000,0,417000
SBIN30Jan20360PE.NFO,07/01/2020,11:07:23,40,40.05,3000,40.3,3000,0,417000
SBIN30Jan20360PE.NFO,07/01/2020,11:07:29,40,40.25,3000,40.5,3000,0,417000
SBIN30Jan20360PE.NFO,07/01/2020,11:07:34,40,40.25,3000,40.45,3000,0,417000
SBIN30Jan20360PE.NFO,07/01/2020,11:07:39,40,40,6000,40.35,3000,0,417000
SBIN30Jan20360PE.NFO,07/01/2020,11:07:44,40,40.1,6000,40.4,3000,0,417000
SBIN30Jan20360PE.NFO,07/01/2020,11:07:49,40,40.1,6000,40.7,9000,0,417000
SBIN30Jan20360PE.NFO,07/01/2020,11:07:54,40,40.2,6000,40.7,9000,0,417000
SBIN30Jan20360PE.NFO,07/01/2020,11:07:59,40,40.25,6000,40.45,3000,0,417000
SBIN30Jan20360PE.NFO,07/01/2020,11:08:03,40,40.35,6000,40.65,3000,0,417000
SBIN30Jan20360PE.NFO,07/01/2020,11:08:08,40,40.35,6000,41.25,33000,0,417000
SBIN30Jan20360PE.NFO,07/01/2020,11:08:13,40,40.35,3000,40.9,6000,0,417000
SBIN30Jan20360PE.NFO,07/01/2020,11:08:18,40,40.55,3000,40.75,3000,0,417000
SBIN30Jan20360PE.NFO,07/01/2020,11:08:28,40,40.55,3000,40.7,3000,0,417000
SBIN30Jan20360PE.NFO,07/01/2020,11:08:34,40,40.65,3000,40.8,3000,0,417000
SBIN30Jan20360PE.NFO,07/01/2020,11:08:39,40,40.65,3000,40.85,3000,0,417000
SBIN30Jan20360PE.NFO,07/01/2020,11:08:48,40,40.45,6000,40.7,3000,0,417000
SBIN30Jan20360PE.NFO,07/01/2020,11:09:01,40,40.45,6000,40.65,3000,0,417000
SBIN30Jan20360PE.NFO,07/01/2020,11:09:06,40,40.45,6000,40.7,3000,0,417000
SBIN30Jan20360PE.NFO,07/01/2020,11:09:10,40,40.45,3000,40.6,3000,0,417000
SBIN30Jan20360PE.NFO,07/01/2020,11:09:16,40,40.3,3000,40.6,3000,0,417000
SBIN30Jan20360PE.NFO,07/01/2020,11:09:21,40,40.35,12000,40.6,3000,0,417000
SBIN30Jan20360PE.NFO,07/01/2020,11:09:26,40,40.35,6000,40.6,3000,0,417000
SBIN30Jan20360PE.NFO,07/01/2020,11:09:32,40,40.1,21000,40.5,3000,0,417000
SBIN30Jan20360PE.NFO,07/01/2020,11:09:37,40,40.35,6000,40.55,3000,0,417000
SBIN30Jan20360PE.NFO,07/01/2020,11:09:43,40,40.35,3000,40.55,3000,0,417000
SBIN30Jan20360PE.NFO,07/01/2020,11:09:47,40,40.15,15000,40.5,3000,0,417000
SBIN30Jan20360PE.NFO,07/01/2020,11:09:51,40,40.2,6000,40.6,3000,0,417000
SBIN30Jan20360PE.NFO,07/01/2020,11:09:55,40,40.25,12000,40.55,3000,0,417000
SBIN30Jan20360PE.NFO,07/01/2020,11:09:59,40,40.25,6000,40.6,3000,0,417000
SBIN30Jan20360PE.NFO,07/01/2020,11:10:03,40,40.45,3000,40.65,3000,0,417000
SBIN30Jan20360PE.NFO,07/01/2020,11:10:13,40,40.3,6000,40.6,3000,0,417000
SBIN30Jan20360PE.NFO,07/01/2020,11:10:23,40,40.4,3000,40.65,3000,0,417000
SBIN30Jan20360PE.NFO,07/01/2020,11:10:28,40,40.2,12000,40.55,3000,0,417000
SBIN30Jan20360PE.NFO,07/01/2020,11:10:31,40,40.3,12000,40.6,3000,0,417000
SBIN30Jan20360PE.NFO,07/01/2020,11:10:34,40,40.3,3000,40.9,9000,0,417000
SBIN30Jan20360PE.NFO,07/01/2020,11:10:38,40,40.15,12000,40.8,9000,0,417000
SBIN30Jan20360PE.NFO,07/01/2020,11:10:45,40,40.15,6000,40.4,3000,0,417000
SBIN30Jan20360PE.NFO,07/01/2020,11:10:48,40,40.15,3000,40.45,3000,0,417000
SBIN30Jan20360PE.NFO,07/01/2020,11:10:55,40,40.15,3000,40.4,3000,0,417000
SBIN30Jan20360PE.NFO,07/01/2020,11:10:59,40,40.25,3000,40.45,3000,0,417000
SBIN30Jan20360PE.NFO,07/01/2020,11:11:03,40,40.3,12000,40.6,3000,0,417000
SBIN30Jan20360PE.NFO,07/01/2020,11:11:08,40,40.4,3000,40.65,3000,0,417000
SBIN30Jan20360PE.NFO,07/01/2020,11:11:12,40,40.5,3000,40.65,3000,0,417000
SBIN30Jan20360PE.NFO,07/01/2020,11:11:19,40,40.6,3000,41.6,45000,0,417000
SBIN30Jan20360PE.NFO,07/01/2020,11:11:27,40,40.75,3000,41.05,3000,0,417000
SBIN30Jan20360PE.NFO,07/01/2020,11:11:35,40,40.75,6000,41.35,9000,0,417000
SBIN30Jan20360PE.NFO,07/01/2020,11:11:43,40,40.75,3000,41.45,15000,0,417000
SBIN30Jan20360PE.NFO,07/01/2020,11:11:49,40,40.4,27000,41.05,3000,0,417000
SBIN30Jan20360PE.NFO,07/01/2020,11:11:55,40,40.7,3000,41.15,3000,0,417000
SBIN30Jan20360PE.NFO,07/01/2020,11:12:03,40,41.1,3000,41.4,3000,0,417000
SBIN30Jan20360PE.NFO,07/01/2020,11:12:12,40,41.15,3000,41.4,3000,0,417000
SBIN30Jan20360PE.NFO,07/01/2020,11:12:19,40,41.05,6000,41.25,3000,0,417000
SBIN30Jan20360PE.NFO,07/01/2020,11:12:24,40,41.1,3000,41.25,3000,0,417000
SBIN30Jan20360PE.NFO,07/01/2020,11:12:30,41.1,40.9,3000,41.15,3000,3000,417000
SBIN30Jan20360PE.NFO,07/01/2020,11:12:30,41.1,40.9,3000,41.15,3000,0,417000
SBIN30Jan20360PE.NFO,07/01/2020,11:12:36,41.1,40.75,3000,41.2,3000,0,417000
SBIN30Jan20360PE.NFO,07/01/2020,11:12:41,41.1,40.9,3000,41.25,3000,0,417000
SBIN30Jan20360PE.NFO,07/01/2020,11:12:47,41.1,40.75,12000,41.15,3000,0,417000
SBIN30Jan20360PE.NFO,07/01/2020,11:12:53,41.1,40.85,6000,41.15,3000,0,417000
SBIN30Jan20360PE.NFO,07/01/2020,11:12:58,41.1,40.85,6000,41.2,6000,0,417000
SBIN30Jan20360PE.NFO,07/01/2020,11:13:03,41.1,40.85,6000,41.15,3000,0,417000
SBIN30Jan20360PE.NFO,07/01/2020,11:13:07,41.1,40.85,6000,41.2,6000,0,417000
SBIN30Jan20360PE.NFO,07/01/2020,11:13:13,41.1,40.85,6000,41.15,3000,0,417000
SBIN30Jan20360PE.NFO,07/01/2020,11:13:19,41.1,40.85,6000,41.2,6000,0,417000
SBIN30Jan20360PE.NFO,07/01/2020,11:13:24,41.1,40.85,3000,41.2,6000,0,417000
SBIN30Jan20360PE.NFO,07/01/2020,11:13:36,41.1,40.95,6000,41.2,3000,0,417000
SBIN30Jan20360PE.NFO,07/01/2020,11:13:42,41.1,40.8,9000,41.2,6000,0,417000
SBIN30Jan20360PE.NFO,07/01/2020,11:13:48,41.1,40.8,6000,41.1,3000,0,417000
SBIN30Jan20360PE.NFO,07/01/2020,11:13:53,41.1,40.8,3000,41.05,3000,0,417000
SBIN30Jan20360PE.NFO,07/01/2020,11:13:58,41.1,40.6,9000,41,6000,0,417000
SBIN30Jan20360PE.NFO,07/01/2020,11:14:08,41.1,40.7,6000,41,6000,0,417000
SBIN30Jan20360PE.NFO,07/01/2020,11:14:13,41.1,40.7,3000,40.95,3000,0,417000
SBIN30Jan20360PE.NFO,07/01/2020,11:14:24,41.1,40.65,3000,40.9,3000,0,417000
SBIN30Jan20360PE.NFO,07/01/2020,11:14:29,41.1,40.65,3000,40.85,3000,0,417000
SBIN30Jan20360PE.NFO,07/01/2020,11:14:34,41.1,40.65,3000,41,3000,0,417000
SBIN30Jan20360PE.NFO,07/01/2020,11:14:38,41.1,40.55,3000,41,3000,0,417000
SBIN30Jan20360PE.NFO,07/01/2020,11:14:42,41.1,40.55,3000,40.8,3000,0,417000
SBIN30Jan20360PE.NFO,07/01/2020,11:14:47,41.1,40.35,9000,40.7,3000,0,417000
SBIN30Jan20360PE.NFO,07/01/2020,11:14:52,41.1,40.45,3000,40.7,3000,0,417000
SBIN30Jan20360PE.NFO,07/01/2020,11:14:57,41.1,40.5,3000,40.8,3000,0,417000
SBIN30Jan20360PE.NFO,07/01/2020,11:15:03,41.1,40.75,3000,41,3000,0,417000
SBIN30Jan20360PE.NFO,07/01/2020,11:15:10,41.1,40.7,3000,41,6000,0,417000
SBIN30Jan20360PE.NFO,07/01/2020,11:15:16,41.1,40.7,3000,40.95,3000,0,417000
SBIN30Jan20360PE.NFO,07/01/2020,11:15:22,41.1,40.65,3000,40.9,3000,0,417000
SBIN30Jan20360PE.NFO,07/01/2020,11:15:27,41.1,40.75,3000,40.95,3000,0,417000
SBIN30Jan20360PE.NFO,07/01/2020,11:15:33,41.1,40.7,6000,41,6000,0,417000
SBIN30Jan20360PE.NFO,07/01/2020,11:15:38,41.1,40.25,21000,41,3000,0,417000
SBIN30Jan20360PE.NFO,07/01/2020,11:15:42,41.1,40.6,6000,40.85,3000,0,417000
SBIN30Jan20360PE.NFO,07/01/2020,11:15:47,41.1,40.7,3000,40.85,3000,0,417000
SBIN30Jan20360PE.NFO,07/01/2020,11:15:50,41.1,40.7,3000,40.9,3000,0,417000
SBIN30Jan20360PE.NFO,07/01/2020,11:15:59,41.1,40.75,3000,41,3000,0,417000
SBIN30Jan20360PE.NFO,07/01/2020,11:16:05,41.1,40.5,12000,40.95,3000,0,417000
SBIN30Jan20360PE.NFO,07/01/2020,11:16:11,41.1,40.75,9000,41,3000,0,417000
SBIN30Jan20360PE.NFO,07/01/2020,11:16:17,41.1,40.8,3000,41,3000,0,417000
SBIN30Jan20360PE.NFO,07/01/2020,11:16:23,41.1,40.55,6000,40.9,3000,0,417000
SBIN30Jan20360PE.NFO,07/01/2020,11:16:29,41.1,40.45,9000,40.9,3000,0,417000
SBIN30Jan20360PE.NFO,07/01/2020,11:16:34,41.1,40.65,3000,41,6000,0,417000
SBIN30Jan20360PE.NFO,07/01/2020,11:16:39,41.1,40.55,6000,40.95,3000,0,417000
SBIN30Jan20360PE.NFO,07/01/2020,11:16:44,41.1,40.55,3000,40.9,3000,0,417000
SBIN30Jan20360PE.NFO,07/01/2020,11:16:49,41.1,40.7,3000,40.95,3000,0,417000
SBIN30Jan20360PE.NFO,07/01/2020,11:16:56,41.1,40.45,9000,40.95,3000,0,417000
SBIN30Jan20360PE.NFO,07/01/2020,11:17:01,41.1,40.6,9000,40.95,6000,0,417000
SBIN30Jan20360PE.NFO,07/01/2020,11:17:06,41.1,40.75,9000,40.95,3000,0,417000
SBIN30Jan20360PE.NFO,07/01/2020,11:17:10,41.1,40.75,6000,40.95,3000,0,417000
SBIN30Jan20360PE.NFO,07/01/2020,11:17:27,41.1,40.7,6000,40.95,3000,0,417000
SBIN30Jan20360PE.NFO,07/01/2020,11:17:32,41.1,40.6,6000,40.9,3000,0,417000
SBIN30Jan20360PE.NFO,07/01/2020,11:17:38,41.1,40.45,6000,40.85,3000,0,417000
SBIN30Jan20360PE.NFO,07/01/2020,11:17:45,41.1,40.35,12000,40.85,3000,0,417000
SBIN30Jan20360PE.NFO,07/01/2020,11:17:51,41.1,40.55,6000,40.95,6000,0,417000
SBIN30Jan20360PE.NFO,07/01/2020,11:17:56,41.1,40.55,6000,40.9,3000,0,417000
SBIN30Jan20360PE.NFO,07/01/2020,11:18:00,41.1,40.55,3000,40.95,3000,0,417000
SBIN30Jan20360PE.NFO,07/01/2020,11:18:05,41.1,40.55,3000,40.85,3000,0,417000
SBIN30Jan20360PE.NFO,07/01/2020,11:18:09,41.1,40.4,9000,40.8,3000,0,417000
SBIN30Jan20360PE.NFO,07/01/2020,11:18:14,41.1,40.5,3000,40.75,3000,0,417000
SBIN30Jan20360PE.NFO,07/01/2020,11:18:19,41.1,40.45,3000,40.75,3000,0,417000
SBIN30Jan20360PE.NFO,07/01/2020,11:18:28,41.1,40.45,3000,40.7,3000,0,417000
SBIN30Jan20360PE.NFO,07/01/2020,11:18:33,41.1,40.45,3000,40.75,3000,0,417000
SBIN30Jan20360PE.NFO,07/01/2020,11:18:39,41.1,40.25,9000,40.6,3000,0,417000
SBIN30Jan20360PE.NFO,07/01/2020,11:18:46,41.1,40.25,6000,40.55,3000,0,417000
SBIN30Jan20360PE.NFO,07/01/2020,11:18:53,41.1,40.25,3000,40.45,3000,0,417000
SBIN30Jan20360PE.NFO,07/01/2020,11:18:59,41.1,40.1,3000,40.45,3000,0,417000
SBIN30Jan20360PE.NFO,07/01/2020,11:19:05,41.1,40.15,6000,40.5,3000,0,417000
SBIN30Jan20360PE.NFO,07/01/2020,11:19:11,41.1,40.25,3000,40.5,3000,0,417000
SBIN30Jan20360PE.NFO,07/01/2020,11:19:16,41.1,40.4,3000,40.9,3000,0,417000
SBIN30Jan20360PE.NFO,07/01/2020,11:19:25,41.1,40.2,9000,40.8,3000,0,417000
SBIN30Jan20360PE.NFO,07/01/2020,11:19:33,41.1,40.35,3000,40.75,3000,0,417000
SBIN30Jan20360PE.NFO,07/01/2020,11:19:39,41.1,40.4,6000,40.75,3000,0,417000
SBIN30Jan20360PE.NFO,07/01/2020,11:19:44,41.1,40.4,3000,40.7,3000,0,417000
SBIN30Jan20360PE.NFO,07/01/2020,11:19:50,41.1,40.5,3000,40.85,3000,0,417000
SBIN30Jan20360PE.NFO,07/01/2020,11:19:55,41.1,40.45,3000,40.75,3000,0,417000
SBIN30Jan20360PE.NFO,07/01/2020,11:19:58,41.1,40.45,3000,40.8,3000,0,417000
SBIN30Jan20360PE.NFO,07/01/2020,11:20:02,41.1,40.25,6000,40.8,3000,0,417000
SBIN30Jan20360PE.NFO,07/01/2020,11:20:08,41.1,40.6,6000,40.9,3000,0,417000
SBIN30Jan20360PE.NFO,07/01/2020,11:20:14,41.1,40.4,9000,40.8,3000,0,417000
SBIN30Jan20360PE.NFO,07/01/2020,11:20:20,41.1,40.5,6000,40.8,3000,0,417000
SBIN30Jan20360PE.NFO,07/01/2020,11:20:30,41.1,40.05,21000,40.8,3000,0,417000
SBIN30Jan20360PE.NFO,07/01/2020,11:20:36,41.1,40.05,21000,40.7,3000,0,417000
SBIN30Jan20360PE.NFO,07/01/2020,11:20:41,41.1,40.35,3000,40.8,3000,0,417000
SBIN30Jan20360PE.NFO,07/01/2020,11:20:47,41.1,40.35,9000,40.75,3000,0,417000
SBIN30Jan20360PE.NFO,07/01/2020,11:20:52,41.1,40.35,6000,40.75,3000,0,417000
SBIN30Jan20360PE.NFO,07/01/2020,11:20:58,41.1,40.45,6000,40.8,3000,0,417000
SBIN30Jan20360PE.NFO,07/01/2020,11:21:04,41.1,40.45,3000,40.75,3000,0,417000
SBIN30Jan20360PE.NFO,07/01/2020,11:21:09,41.1,40.3,3000,40.7,3000,0,417000
SBIN30Jan20360PE.NFO,07/01/2020,11:21:13,41.1,40.4,3000,40.7,3000,0,417000
SBIN30Jan20360PE.NFO,07/01/2020,11:21:18,41.1,40.45,3000,40.7,3000,0,417000
SBIN30Jan20360PE.NFO,07/01/2020,11:21:22,41.1,40.15,12000,40.9,12000,0,417000
SBIN30Jan20360PE.NFO,07/01/2020,11:21:26,41.1,40.5,6000,40.8,3000,0,417000
SBIN30Jan20360PE.NFO,07/01/2020,11:21:32,41.1,40.6,3000,40.95,6000,0,417000
SBIN30Jan20360PE.NFO,07/01/2020,11:21:38,41.1,40.25,9000,40.95,6000,0,417000
SBIN30Jan20360PE.NFO,07/01/2020,11:21:43,41.1,40.55,3000,40.9,3000,0,417000
SBIN30Jan20360PE.NFO,07/01/2020,11:21:48,41.1,40.4,3000,40.8,3000,0,417000
SBIN30Jan20360PE.NFO,07/01/2020,11:21:51,41.1,40.4,3000,40.9,9000,0,417000
SBIN30Jan20360PE.NFO,07/01/2020,11:21:56,41.1,40.5,3000,40.8,3000,0,417000
SBIN30Jan20360PE.NFO,07/01/2020,11:22:01,41.1,40.5,3000,40.75,3000,0,417000
SBIN30Jan20360PE.NFO,07/01/2020,11:22:06,41.1,40.35,6000,40.75,3000,0,417000
SBIN30Jan20360PE.NFO,07/01/2020,11:22:09,41.1,40.35,6000,40.7,3000,0,417000
SBIN30Jan20360PE.NFO,07/01/2020,11:22:13,41.1,40.45,6000,40.7,3000,0,417000
SBIN30Jan20360PE.NFO,07/01/2020,11:22:17,41.1,40.45,3000,40.7,3000,0,417000
SBIN30Jan20360PE.NFO,07/01/2020,11:22:21,41.1,40.35,6000,40.7,3000,0,417000
SBIN30Jan20360PE.NFO,07/01/2020,11:22:51,41.1,40.35,6000,40.75,3000,0,417000
SBIN30Jan20360PE.NFO,07/01/2020,11:22:56,41.1,40.35,6000,40.7,3000,0,417000
SBIN30Jan20360PE.NFO,07/01/2020,11:23:00,41.1,40.35,6000,40.75,3000,0,417000
SBIN30Jan20360PE.NFO,07/01/2020,11:23:10,41.1,40.35,6000,40.8,3000,0,417000
SBIN30Jan20360PE.NFO,07/01/2020,11:23:15,41.1,40.35,6000,40.75,3000,0,417000
SBIN30Jan20360PE.NFO,07/01/2020,11:23:25,41.1,40.35,6000,40.7,3000,0,417000
SBIN30Jan20360PE.NFO,07/01/2020,11:23:29,41.1,40.35,6000,40.75,3000,0,417000
SBIN30Jan20360PE.NFO,07/01/2020,11:23:43,41.1,40.35,6000,40.7,3000,0,417000
SBIN30Jan20360PE.NFO,07/01/2020,11:23:51,41.1,40.35,6000,40.85,3000,0,417000
SBIN30Jan20360PE.NFO,07/01/2020,11:23:55,41.1,40.35,6000,40.65,3000,0,417000
SBIN30Jan20360PE.NFO,07/01/2020,11:24:00,41.1,40.35,3000,40.7,3000,0,417000
SBIN30Jan20360PE.NFO,07/01/2020,11:24:05,41.1,40.3,6000,40.5,3000,0,417000
SBIN30Jan20360PE.NFO,07/01/2020,11:24:10,41.1,40.4,3000,40.5,3000,0,417000
SBIN30Jan20360PE.NFO,07/01/2020,11:24:19,40.5,40.4,3000,40.85,6000,3000,420000
SBIN30Jan20360PE.NFO,07/01/2020,11:24:24,40.5,40.35,6000,40.65,3000,0,420000
SBIN30Jan20360PE.NFO,07/01/2020,11:24:28,40.5,40.35,3000,40.75,3000,0,420000
SBIN30Jan20360PE.NFO,07/01/2020,11:24:33,40.5,40.35,3000,40.7,3000,0,420000
SBIN30Jan20360PE.NFO,07/01/2020,11:24:38,40.5,40.3,3000,40.6,3000,0,420000
SBIN30Jan20360PE.NFO,07/01/2020,11:24:42,40.5,40.4,3000,40.65,3000,0,420000
SBIN30Jan20360PE.NFO,07/01/2020,11:24:47,40.5,40.5,3000,40.65,3000,0,420000
SBIN30Jan20360PE.NFO,07/01/2020,11:24:52,40.5,40.35,9000,40.7,3000,0,420000
SBIN30Jan20360PE.NFO,07/01/2020,11:24:56,40.5,40.45,3000,40.7,3000,0,420000
SBIN30Jan20360PE.NFO,07/01/2020,11:25:10,40.5,40.5,6000,40.8,3000,0,420000
SBIN30Jan20360PE.NFO,07/01/2020,11:25:14,40.5,40.6,6000,40.95,3000,0,420000
SBIN30Jan20360PE.NFO,07/01/2020,11:25:19,40.5,40.45,3000,40.8,3000,0,420000
SBIN30Jan20360PE.NFO,07/01/2020,11:25:24,40.5,40.65,3000,40.95,3000,0,420000
SBIN30Jan20360PE.NFO,07/01/2020,11:25:30,40.5,40.55,3000,40.9,3000,0,420000
SBIN30Jan20360PE.NFO,07/01/2020,11:25:34,40.5,40.7,3000,41,3000,0,420000
SBIN30Jan20360PE.NFO,07/01/2020,11:25:38,40.5,40.7,3000,40.95,3000,0,420000
SBIN30Jan20360PE.NFO,07/01/2020,11:25:43,40.5,40.55,6000,40.9,3000,0,420000
SBIN30Jan20360PE.NFO,07/01/2020,11:25:48,40.5,40.65,6000,41,3000,0,420000
SBIN30Jan20360PE.NFO,07/01/2020,11:25:53,40.5,40.65,3000,40.9,3000,0,420000
SBIN30Jan20360PE.NFO,07/01/2020,11:25:56,40.5,40.65,3000,40.95,3000,0,420000
SBIN30Jan20360PE.NFO,07/01/2020,11:26:00,40.5,40.65,3000,41.05,3000,0,420000
SBIN30Jan20360PE.NFO,07/01/2020,11:26:03,40.5,40.6,9000,41,3000,0,420000
SBIN30Jan20360PE.NFO,07/01/2020,11:26:08,40.5,40.6,9000,40.95,3000,0,420000
SBIN30Jan20360PE.NFO,07/01/2020,11:26:24,40.5,40.6,6000,40.95,3000,0,420000
SBIN30Jan20360PE.NFO,07/01/2020,11:26:28,40.5,40.6,6000,40.9,3000,0,420000
SBIN30Jan20360PE.NFO,07/01/2020,11:26:32,40.5,40.4,9000,40.75,3000,0,420000
SBIN30Jan20360PE.NFO,07/01/2020,11:26:36,40.5,40.8,3000,40.95,3000,0,420000
SBIN30Jan20360PE.NFO,07/01/2020,11:26:41,40.5,40.85,3000,41.4,9000,0,420000
SBIN30Jan20360PE.NFO,07/01/2020,11:26:46,40.5,40.9,3000,41.1,3000,0,420000
SBIN30Jan20360PE.NFO,07/01/2020,11:26:50,40.5,41,3000,41.25,3000,0,420000
SBIN30Jan20360PE.NFO,07/01/2020,11:26:54,40.5,40.85,3000,41.2,3000,0,420000
SBIN30Jan20360PE.NFO,07/01/2020,11:26:58,40.5,40.6,3000,41,3000,0,420000
SBIN30Jan20360PE.NFO,07/01/2020,11:27:01,40.5,40.65,6000,40.95,3000,0,420000
SBIN30Jan20360PE.NFO,07/01/2020,11:27:05,40.5,40.45,6000,40.85,3000,0,420000
SBIN30Jan20360PE.NFO,07/01/2020,11:27:08,40.5,40.5,9000,40.85,3000,0,420000
SBIN30Jan20360PE.NFO,07/01/2020,11:27:11,40.5,40.6,9000,40.95,3000,0,420000
SBIN30Jan20360PE.NFO,07/01/2020,11:27:14,40.5,40.7,6000,41,3000,0,420000
SBIN30Jan20360PE.NFO,07/01/2020,11:27:28,40.5,40.7,3000,40.95,3000,0,420000
SBIN30Jan20360PE.NFO,07/01/2020,11:27:35,40.5,40.7,3000,41,3000,0,420000
SBIN30Jan20360PE.NFO,07/01/2020,11:27:38,40.5,40.7,3000,40.95,3000,0,420000
SBIN30Jan20360PE.NFO,07/01/2020,11:27:50,40.5,40.45,9000,40.75,3000,0,420000
SBIN30Jan20360PE.NFO,07/01/2020,11:27:54,40.5,40.45,9000,40.8,3000,0,420000
SBIN30Jan20360PE.NFO,07/01/2020,11:27:58,40.5,40.55,3000,40.8,3000,0,420000
SBIN30Jan20360PE.NFO,07/01/2020,11:28:01,40.5,40.4,3000,40.8,3000,0,420000
SBIN30Jan20360PE.NFO,07/01/2020,11:28:04,40.5,40.45,6000,40.75,3000,0,420000
SBIN30Jan20360PE.NFO,07/01/2020,11:28:08,40.5,40.45,6000,40.9,3000,0,420000
SBIN30Jan20360PE.NFO,07/01/2020,11:28:12,40.5,40.45,3000,40.7,3000,0,420000
SBIN30Jan20360PE.NFO,07/01/2020,11:28:15,40.5,40.5,3000,40.75,3000,0,420000
SBIN30Jan20360PE.NFO,07/01/2020,11:28:20,40.5,40.45,9000,40.8,3000,0,420000
SBIN30Jan20360PE.NFO,07/01/2020,11:28:24,40.5,40.45,9000,40.75,3000,0,420000
SBIN30Jan20360PE.NFO,07/01/2020,11:28:27,40.5,40.45,6000,40.7,3000,0,420000
SBIN30Jan20360PE.NFO,07/01/2020,11:28:30,40.5,40.45,6000,40.75,3000,0,420000
SBIN30Jan20360PE.NFO,07/01/2020,11:28:41,40.5,40.45,6000,40.7,3000,0,420000
SBIN30Jan20360PE.NFO,07/01/2020,11:28:54,40.5,40.55,6000,40.85,3000,0,420000
SBIN30Jan20360PE.NFO,07/01/2020,11:28:58,40.5,40.65,3000,40.9,3000,0,420000
SBIN30Jan20360PE.NFO,07/01/2020,11:29:06,40.5,40.6,3000,40.9,3000,0,420000
SBIN30Jan20360PE.NFO,07/01/2020,11:29:10,40.5,40.7,3000,40.95,3000,0,420000
SBIN30Jan20360PE.NFO,07/01/2020,11:29:28,40.5,40.55,9000,40.9,3000,0,420000
SBIN30Jan20360PE.NFO,07/01/2020,11:29:32,40.5,40.65,6000,40.9,3000,0,420000
SBIN30Jan20360PE.NFO,07/01/2020,11:29:36,40.5,40.65,3000,41,3000,0,420000
SBIN30Jan20360PE.NFO,07/01/2020,11:29:45,40.5,40.4,3000,40.75,3000,0,420000
SBIN30Jan20360PE.NFO,07/01/2020,11:29:49,40.5,40.45,9000,40.75,3000,0,420000
SBIN30Jan20360PE.NFO,07/01/2020,11:29:58,40.5,40.45,6000,40.75,3000,0,420000
SBIN30Jan20360PE.NFO,07/01/2020,11:30:01,40.5,40.55,3000,40.75,3000,0,420000
SBIN30Jan20360PE.NFO,07/01/2020,11:30:04,40.5,40.55,3000,40.8,3000,0,420000
SBIN30Jan20360PE.NFO,07/01/2020,11:30:07,40.5,40.55,3000,40.75,3000,0,420000
SBIN30Jan20360PE.NFO,07/01/2020,11:30:13,40.5,40.55,3000,40.8,3000,0,420000
SBIN30Jan20360PE.NFO,07/01/2020,11:30:27,40.5,39.9,60000,40.7,3000,0,420000
SBIN30Jan20360PE.NFO,07/01/2020,11:30:34,40.5,39.9,66000,40.8,3000,0,420000
SBIN30Jan20360PE.NFO,07/01/2020,11:30:52,40.5,39.9,66000,40.85,3000,0,420000
SBIN30Jan20360PE.NFO,07/01/2020,11:30:58,40.5,39.9,66000,41.1,3000,0,420000
SBIN30Jan20360PE.NFO,07/01/2020,11:31:04,40.5,39.9,66000,40.8,3000,0,420000
SBIN30Jan20360PE.NFO,07/01/2020,11:31:11,40.5,39.9,60000,41,3000,0,420000
SBIN30Jan20360PE.NFO,07/01/2020,11:31:26,40.5,39.9,60000,40.75,3000,0,420000
SBIN30Jan20360PE.NFO,07/01/2020,11:31:30,40.5,39.9,60000,40.7,3000,0,420000
SBIN30Jan20360PE.NFO,07/01/2020,11:31:39,40.5,39.9,54000,40.7,3000,0,420000
SBIN30Jan20360PE.NFO,07/01/2020,11:31:43,40.5,39.9,54000,40.65,3000,0,420000
SBIN30Jan20360PE.NFO,07/01/2020,11:31:47,40.5,39.9,30000,40.6,3000,0,420000
SBIN30Jan20360PE.NFO,07/01/2020,11:31:53,40.5,39.9,12000,40.4,3000,0,420000
SBIN30Jan20360PE.NFO,07/01/2020,11:31:59,40.5,39.95,6000,40.25,3000,0,420000
SBIN30Jan20360PE.NFO,07/01/2020,11:32:05,40.5,39.65,12000,40.1,3000,0,420000
SBIN30Jan20360PE.NFO,07/01/2020,11:32:11,40.5,39.85,9000,40.15,3000,0,420000
SBIN30Jan20360PE.NFO,07/01/2020,11:32:16,40.5,39.65,3000,40.1,3000,0,420000
SBIN30Jan20360PE.NFO,07/01/2020,11:32:21,40.5,39.8,3000,40.1,3000,0,420000
SBIN30Jan20360PE.NFO,07/01/2020,11:32:26,40.5,39.95,3000,40.15,3000,0,420000
SBIN30Jan20360PE.NFO,07/01/2020,11:32:31,40.5,40,3000,40.25,3000,0,420000
SBIN30Jan20360PE.NFO,07/01/2020,11:32:44,40.5,39.75,3000,40.15,3000,0,420000
SBIN30Jan20360PE.NFO,07/01/2020,11:32:49,40.5,39.9,6000,40.2,3000,0,420000
SBIN30Jan20360PE.NFO,07/01/2020,11:33:04,40.5,39.9,6000,40.15,3000,0,420000
SBIN30Jan20360PE.NFO,07/01/2020,11:33:11,40.5,39.9,3000,40.35,6000,0,420000
SBIN30Jan20360PE.NFO,07/01/2020,11:33:14,40.5,39.9,3000,40.25,3000,0,420000
SBIN30Jan20360PE.NFO,07/01/2020,11:33:24,40.5,39.9,3000,40.15,3000,0,420000
SBIN30Jan20360PE.NFO,07/01/2020,11:33:28,40.5,39.25,66000,40.1,3000,0,420000
SBIN30Jan20360PE.NFO,07/01/2020,11:33:31,40.5,39.25,60000,40.1,3000,0,420000
SBIN30Jan20360PE.NFO,07/01/2020,11:33:35,40.5,39.25,66000,40.1,3000,0,420000
SBIN30Jan20360PE.NFO,07/01/2020,11:33:39,40.5,39.8,6000,40.1,3000,0,420000
SBIN30Jan20360PE.NFO,07/01/2020,11:33:52,40.5,39.8,3000,40.05,3000,0,420000
SBIN30Jan20360PE.NFO,07/01/2020,11:33:56,40.5,39.65,9000,40,3000,0,420000
SBIN30Jan20360PE.NFO,07/01/2020,11:34:03,40.5,39.65,6000,40,3000,0,420000
SBIN30Jan20360PE.NFO,07/01/2020,11:34:09,40.5,39.15,21000,39.8,3000,0,420000
SBIN30Jan20360PE.NFO,07/01/2020,11:34:17,40.5,39.6,6000,39.9,3000,0,420000
SBIN30Jan20360PE.NFO,07/01/2020,11:34:23,40.5,39.3,18000,39.75,3000,0,420000
SBIN30Jan20360PE.NFO,07/01/2020,11:34:29,40.5,39.1,21000,39.65,3000,0,420000
SBIN30Jan20360PE.NFO,07/01/2020,11:34:36,40.5,39.1,21000,39.7,3000,0,420000
SBIN30Jan20360PE.NFO,07/01/2020,11:34:42,40.5,39.45,6000,39.65,3000,0,420000
SBIN30Jan20360PE.NFO,07/01/2020,11:34:48,40.5,39.45,3000,39.7,3000,0,420000
SBIN30Jan20360PE.NFO,07/01/2020,11:34:54,40.5,39.55,3000,39.7,3000,0,420000
SBIN30Jan20360PE.NFO,07/01/2020,11:35:00,39.55,39.4,6000,39.65,3000,3000,423000
SBIN30Jan20360PE.NFO,07/01/2020,11:35:00,39.55,39.4,6000,39.65,3000,0,423000
SBIN30Jan20360PE.NFO,07/01/2020,11:35:06,39.55,39.4,6000,39.7,3000,0,423000
SBIN30Jan20360PE.NFO,07/01/2020,11:35:13,39.55,39.4,9000,39.65,3000,0,423000
SBIN30Jan20360PE.NFO,07/01/2020,11:35:19,39.55,39.1,18000,39.7,3000,0,423000
SBIN30Jan20360PE.NFO,07/01/2020,11:35:26,39.55,39.2,3000,39.7,3000,0,423000
SBIN30Jan20360PE.NFO,07/01/2020,11:35:31,39.55,39.25,6000,39.65,3000,0,423000
SBIN30Jan20360PE.NFO,07/01/2020,11:35:36,39.55,39.1,3000,39.35,3000,0,423000
SBIN30Jan20360PE.NFO,07/01/2020,11:35:43,39.55,39.15,3000,39.45,3000,0,423000
SBIN30Jan20360PE.NFO,07/01/2020,11:35:49,39.55,39.1,3000,39.3,3000,0,423000
SBIN30Jan20360PE.NFO,07/01/2020,11:35:55,39.55,38.7,27000,39.35,3000,0,423000
SBIN30Jan20360PE.NFO,07/01/2020,11:36:00,39.55,39.05,9000,39.35,3000,0,423000
SBIN30Jan20360PE.NFO,07/01/2020,11:36:05,39.55,39.05,6000,39.3,3000,0,423000
SBIN30Jan20360PE.NFO,07/01/2020,11:36:09,39.55,38.75,6000,39.3,3000,0,423000
SBIN30Jan20360PE.NFO,07/01/2020,11:36:14,39.55,38.9,9000,39.25,3000,0,423000
SBIN30Jan20360PE.NFO,07/01/2020,11:36:19,39.55,39.05,3000,39.3,3000,0,423000
SBIN30Jan20360PE.NFO,07/01/2020,11:36:24,39.55,39,6000,39.3,3000,0,423000
SBIN30Jan20360PE.NFO,07/01/2020,11:36:30,39.55,39.25,3000,39.75,6000,0,423000
SBIN30Jan20360PE.NFO,07/01/2020,11:36:35,39.55,39.2,6000,39.5,3000,0,423000
SBIN30Jan20360PE.NFO,07/01/2020,11:36:39,39.55,39.2,6000,39.55,3000,0,423000
SBIN30Jan20360PE.NFO,07/01/2020,11:36:45,39.55,39.3,6000,39.65,3000,0,423000
SBIN30Jan20360PE.NFO,07/01/2020,11:36:51,39.55,39.45,3000,39.7,3000,0,423000
SBIN30Jan20360PE.NFO,07/01/2020,11:36:58,39.55,39.35,3000,39.7,3000,0,423000
SBIN30Jan20360PE.NFO,07/01/2020,11:37:04,39.55,39.05,12000,39.55,3000,0,423000
SBIN30Jan20360PE.NFO,07/01/2020,11:37:10,39.55,39.2,6000,40,15000,0,423000
SBIN30Jan20360PE.NFO,07/01/2020,11:37:15,39.55,39.2,6000,39.5,3000,0,423000
SBIN30Jan20360PE.NFO,07/01/2020,11:37:20,39.55,39.3,6000,39.6,3000,0,423000
SBIN30Jan20360PE.NFO,07/01/2020,11:37:24,39.55,39.1,9000,39.5,3000,0,423000
SBIN30Jan20360PE.NFO,07/01/2020,11:37:28,39.55,39.2,6000,39.45,3000,0,423000
SBIN30Jan20360PE.NFO,07/01/2020,11:37:33,39.55,39.2,3000,39.5,3000,0,423000
SBIN30Jan20360PE.NFO,07/01/2020,11:37:37,39.55,39,6000,39.5,3000,0,423000
SBIN30Jan20360PE.NFO,07/01/2020,11:37:43,39.55,39.05,3000,39.35,3000,0,423000
SBIN30Jan20360PE.NFO,07/01/2020,11:37:48,39.55,39.05,6000,39.35,3000,0,423000
SBIN30Jan20360PE.NFO,07/01/2020,11:37:53,39.55,39.1,3000,39.35,3000,0,423000
SBIN30Jan20360PE.NFO,07/01/2020,11:37:56,39.55,39.15,6000,39.35,3000,0,423000
SBIN30Jan20360PE.NFO,07/01/2020,11:38:00,39.55,39.05,9000,39.35,3000,0,423000
SBIN30Jan20360PE.NFO,07/01/2020,11:38:06,39.55,39.15,6000,39.35,3000,0,423000
SBIN30Jan20360PE.NFO,07/01/2020,11:38:11,39.55,38.95,9000,39.3,3000,0,423000
SBIN30Jan20360PE.NFO,07/01/2020,11:38:15,39.55,39.05,6000,39.9,24000,0,423000
SBIN30Jan20360PE.NFO,07/01/2020,11:38:19,39.55,39.05,6000,39.5,3000,0,423000
SBIN30Jan20360PE.NFO,07/01/2020,11:38:24,39.55,39.15,6000,39.65,9000,0,423000
SBIN30Jan20360PE.NFO,07/01/2020,11:38:27,39.55,39.15,6000,39.45,3000,0,423000
SBIN30Jan20360PE.NFO,07/01/2020,11:38:32,39.55,39.25,6000,39.5,3000,0,423000
SBIN30Jan20360PE.NFO,07/01/2020,11:39:01,39.55,39.3,3000,40.05,9000,0,423000
SBIN30Jan20360PE.NFO,07/01/2020,11:39:04,39.55,39.35,9000,40.1,12000,0,423000
SBIN30Jan20360PE.NFO,07/01/2020,11:39:08,39.55,39.35,9000,39.9,9000,0,423000
SBIN30Jan20360PE.NFO,07/01/2020,11:39:11,39.55,39.35,9000,39.75,3000,0,423000
SBIN30Jan20360PE.NFO,07/01/2020,11:39:14,39.55,39.35,9000,40.1,12000,0,423000
SBIN30Jan20360PE.NFO,07/01/2020,11:39:23,39.55,39.45,6000,40.1,12000,0,423000
SBIN30Jan20360PE.NFO,07/01/2020,11:39:29,39.55,39.5,9000,39.7,3000,0,423000
SBIN30Jan20360PE.NFO,07/01/2020,11:39:34,39.55,39.6,6000,39.75,3000,0,423000
SBIN30Jan20360PE.NFO,07/01/2020,11:39:39,39.75,39.55,3000,39.85,3000,3000,423000
SBIN30Jan20360PE.NFO,07/01/2020,11:39:43,39.75,39.5,9000,39.75,3000,0,423000
SBIN30Jan20360PE.NFO,07/01/2020,11:39:49,39.75,39.65,6000,39.85,3000,0,423000
SBIN30Jan20360PE.NFO,07/01/2020,11:39:57,39.75,39.5,9000,39.95,3000,0,423000
SBIN30Jan20360PE.NFO,07/01/2020,11:40:04,39.75,39.8,9000,40,3000,0,423000
SBIN30Jan20360PE.NFO,07/01/2020,11:40:10,39.75,39.35,21000,39.85,3000,0,423000
SBIN30Jan20360PE.NFO,07/01/2020,11:40:15,39.75,39.35,21000,39.9,3000,0,423000
SBIN30Jan20360PE.NFO,07/01/2020,11:40:19,39.75,39.65,6000,39.9,3000,0,423000
SBIN30Jan20360PE.NFO,07/01/2020,11:40:28,39.75,39.7,3000,39.95,3000,0,423000
SBIN30Jan20360PE.NFO,07/01/2020,11:40:32,39.75,39.75,6000,39.95,3000,0,423000
SBIN30Jan20360PE.NFO,07/01/2020,11:40:36,39.75,39.55,12000,39.9,3000,0,423000
SBIN30Jan20360PE.NFO,07/01/2020,11:40:40,39.75,39.55,12000,39.95,3000,0,423000
SBIN30Jan20360PE.NFO,07/01/2020,11:41:00,39.75,39.7,9000,39.95,3000,0,423000
SBIN30Jan20360PE.NFO,07/01/2020,11:41:12,39.75,39.7,6000,39.95,3000,0,423000
SBIN30Jan20360PE.NFO,07/01/2020,11:41:27,39.75,39.75,3000,40.05,3000,0,423000
SBIN30Jan20360PE.NFO,07/01/2020,11:41:30,39.75,39.8,6000,40.05,3000,0,423000
SBIN30Jan20360PE.NFO,07/01/2020,11:41:34,39.75,39.8,6000,40.1,3000,0,423000
SBIN30Jan20360PE.NFO,07/01/2020,11:41:40,39.75,39.9,6000,40.15,3000,0,423000
SBIN30Jan20360PE.NFO,07/01/2020,11:41:43,39.75,39.65,6000,40.1,3000,0,423000
SBIN30Jan20360PE.NFO,07/01/2020,11:41:46,39.75,39.85,3000,40.1,3000,0,423000
SBIN30Jan20360PE.NFO,07/01/2020,11:41:50,39.75,39.85,6000,40.1,3000,0,423000
SBIN30Jan20360PE.NFO,07/01/2020,11:41:59,39.75,39.85,6000,40.3,6000,0,423000
SBIN30Jan20360PE.NFO,07/01/2020,11:42:04,39.75,39.95,6000,40.2,3000,0,423000
SBIN30Jan20360PE.NFO,07/01/2020,11:42:12,39.75,40.05,6000,40.25,3000,0,423000
SBIN30Jan20360PE.NFO,07/01/2020,11:42:16,39.75,39.9,9000,40.25,3000,0,423000
SBIN30Jan20360PE.NFO,07/01/2020,11:42:29,39.75,40,6000,40.35,3000,0,423000
SBIN30Jan20360PE.NFO,07/01/2020,11:42:33,39.75,39.95,6000,40.35,3000,0,423000
SBIN30Jan20360PE.NFO,07/01/2020,11:42:37,39.75,39.55,15000,40.2,3000,0,423000
SBIN30Jan20360PE.NFO,07/01/2020,11:42:43,39.75,39.65,9000,40.15,3000,0,423000
SBIN30Jan20360PE.NFO,07/01/2020,11:42:48,39.75,39.75,9000,40.5,9000,0,423000
SBIN30Jan20360PE.NFO,07/01/2020,11:42:52,39.75,39.85,9000,40.35,3000,0,423000
SBIN30Jan20360PE.NFO,07/01/2020,11:42:55,39.75,39.85,9000,40.3,3000,0,423000
SBIN30Jan20360PE.NFO,07/01/2020,11:42:59,39.75,39.8,3000,40.3,3000,0,423000
SBIN30Jan20360PE.NFO,07/01/2020,11:43:03,39.75,39.8,6000,40.25,3000,0,423000
SBIN30Jan20360PE.NFO,07/01/2020,11:43:20,39.75,39.8,6000,40.2,3000,0,423000
SBIN30Jan20360PE.NFO,07/01/2020,11:43:24,39.75,39.8,6000,40.75,27000,0,423000
SBIN30Jan20360PE.NFO,07/01/2020,11:43:32,39.75,39.8,6000,40.25,3000,0,423000
SBIN30Jan20360PE.NFO,07/01/2020,11:43:43,39.75,39.2,69000,40.15,3000,0,423000
SBIN30Jan20360PE.NFO,07/01/2020,11:44:19,39.75,39.2,69000,40.35,9000,0,423000
SBIN30Jan20360PE.NFO,07/01/2020,11:44:22,39.75,39.2,69000,40.3,3000,0,423000
SBIN30Jan20360PE.NFO,07/01/2020,11:44:31,39.75,39.2,75000,40.3,3000,0,423000
SBIN30Jan20360PE.NFO,07/01/2020,11:44:35,39.75,39.2,75000,40.5,6000,0,423000
SBIN30Jan20360PE.NFO,07/01/2020,11:44:39,39.75,39.2,69000,40.25,3000,0,423000
SBIN30Jan20360PE.NFO,07/01/2020,11:45:21,39.75,39.2,75000,40.6,12000,0,423000
SBIN30Jan20360PE.NFO,07/01/2020,11:45:29,39.75,39.2,75000,40.6,3000,0,423000
SBIN30Jan20360PE.NFO,07/01/2020,11:45:34,39.75,39.2,75000,40.9,9000,0,423000
SBIN30Jan20360PE.NFO,07/01/2020,11:45:38,39.75,39.2,75000,40.9,12000,0,423000
SBIN30Jan20360PE.NFO,07/01/2020,11:45:47,39.75,39.2,75000,40.55,3000,0,423000
SBIN30Jan20360PE.NFO,07/01/2020,11:45:51,39.75,39.2,75000,40.65,3000,0,423000
SBIN30Jan20360PE.NFO,07/01/2020,11:45:56,39.75,39.2,75000,40.6,3000,0,423000
SBIN30Jan20360PE.NFO,07/01/2020,11:46:01,39.75,39.2,75000,40.5,3000,0,423000
SBIN30Jan20360PE.NFO,07/01/2020,11:46:09,39.75,39.2,75000,40.85,12000,0,423000
SBIN30Jan20360PE.NFO,07/01/2020,11:46:24,39.75,39.2,75000,40.6,3000,0,423000
SBIN30Jan20360PE.NFO,07/01/2020,11:46:27,39.75,39.2,75000,40.5,3000,0,423000
SBIN30Jan20360PE.NFO,07/01/2020,11:46:36,39.75,39.2,75000,40.4,3000,0,423000
SBIN30Jan20360PE.NFO,07/01/2020,11:47:01,39.75,39.2,75000,40.35,6000,0,423000
SBIN30Jan20360PE.NFO,07/01/2020,11:47:05,39.75,39.2,75000,40.35,3000,0,423000
SBIN30Jan20360PE.NFO,07/01/2020,11:47:08,39.75,39.2,75000,40.4,3000,0,423000
SBIN30Jan20360PE.NFO,07/01/2020,11:47:16,39.75,39.2,75000,40.5,3000,0,423000
SBIN30Jan20360PE.NFO,07/01/2020,11:47:28,39.75,39.2,75000,40.85,12000,0,423000
SBIN30Jan20360PE.NFO,07/01/2020,11:48:53,39.75,39.2,75000,40.85,9000,0,423000
SBIN30Jan20360PE.NFO,07/01/2020,11:48:58,39.75,39.2,75000,40.75,3000,0,423000
SBIN30Jan20360PE.NFO,07/01/2020,11:49:17,39.75,39.2,75000,40.9,3000,0,423000
SBIN30Jan20360PE.NFO,07/01/2020,11:49:21,39.75,39.2,75000,41.25,27000,0,423000
SBIN30Jan20360PE.NFO,07/01/2020,11:49:34,39.75,39.2,75000,40.8,3000,0,423000
SBIN30Jan20360PE.NFO,07/01/2020,11:50:10,39.75,39.2,75000,40.95,3000,0,423000
SBIN30Jan20360PE.NFO,07/01/2020,11:50:14,39.75,40.75,3000,41.5,24000,0,423000
SBIN30Jan20360PE.NFO,07/01/2020,11:50:20,39.75,40.7,6000,41.5,24000,0,423000
SBIN30Jan20360PE.NFO,07/01/2020,11:50:25,39.75,40.35,6000,41.3,9000,0,423000
SBIN30Jan20360PE.NFO,07/01/2020,11:50:30,39.75,40.45,6000,41.3,15000,0,423000
SBIN30Jan20360PE.NFO,07/01/2020,11:50:36,39.75,40.55,6000,41,3000,0,423000
SBIN30Jan20360PE.NFO,07/01/2020,11:50:41,39.75,40.55,6000,40.95,3000,0,423000
SBIN30Jan20360PE.NFO,07/01/2020,11:50:44,39.75,40,66000,40.95,3000,0,423000
SBIN30Jan20360PE.NFO,07/01/2020,11:50:56,39.75,40,66000,41.3,12000,0,423000
SBIN30Jan20360PE.NFO,07/01/2020,11:51:10,39.75,40,66000,41,3000,0,423000
SBIN30Jan20360PE.NFO,07/01/2020,11:51:15,39.75,40.5,9000,41,3000,0,423000
SBIN30Jan20360PE.NFO,07/01/2020,11:51:20,39.75,40.5,6000,41,3000,0,423000
SBIN30Jan20360PE.NFO,07/01/2020,11:51:29,39.75,40.05,18000,40.8,3000,0,423000
SBIN30Jan20360PE.NFO,07/01/2020,11:51:48,39.75,40.45,6000,40.95,3000,0,423000
SBIN30Jan20360PE.NFO,07/01/2020,11:51:53,39.75,40.4,6000,40.85,3000,0,423000
SBIN30Jan20360PE.NFO,07/01/2020,11:52:06,39.75,39.8,63000,40.85,3000,0,423000
SBIN30Jan20360PE.NFO,07/01/2020,11:52:09,39.75,39.8,69000,40.85,3000,0,423000
SBIN30Jan20360PE.NFO,07/01/2020,11:52:31,39.75,39.8,69000,40.75,3000,0,423000
SBIN30Jan20360PE.NFO,07/01/2020,11:52:36,39.75,39.8,57000,40.75,3000,0,423000
SBIN30Jan20360PE.NFO,07/01/2020,11:52:49,39.75,39.8,39000,40.75,3000,0,423000
SBIN30Jan20360PE.NFO,07/01/2020,11:52:58,39.75,39.8,18000,40.45,3000,0,423000
SBIN30Jan20360PE.NFO,07/01/2020,11:53:03,39.75,39.8,18000,40.55,3000,0,423000
SBIN30Jan20360PE.NFO,07/01/2020,11:53:07,39.75,39.9,18000,40.6,3000,0,423000
SBIN30Jan20360PE.NFO,07/01/2020,11:53:15,39.75,39.9,18000,40.5,3000,0,423000
SBIN30Jan20360PE.NFO,07/01/2020,11:53:21,39.75,40,3000,40.5,3000,0,423000
SBIN30Jan20360PE.NFO,07/01/2020,11:53:24,39.75,40.15,6000,40.85,9000,0,423000
SBIN30Jan20360PE.NFO,07/01/2020,11:53:27,39.75,39.95,12000,40.5,3000,0,423000
SBIN30Jan20360PE.NFO,07/01/2020,11:53:30,39.75,40.1,9000,40.85,12000,0,423000
SBIN30Jan20360PE.NFO,07/01/2020,11:53:34,39.75,40.2,6000,40.85,12000,0,423000
SBIN30Jan20360PE.NFO,07/01/2020,11:53:38,39.75,40.15,6000,40.85,12000,0,423000
SBIN30Jan20360PE.NFO,07/01/2020,11:53:51,39.75,40.2,6000,40.85,12000,0,423000
SBIN30Jan20360PE.NFO,07/01/2020,11:53:54,39.75,40.15,6000,40.85,12000,0,423000
SBIN30Jan20360PE.NFO,07/01/2020,11:54:20,39.75,40.2,3000,40.85,12000,0,423000
SBIN30Jan20360PE.NFO,07/01/2020,11:54:23,39.75,40.25,6000,40.85,12000,0,423000
SBIN30Jan20360PE.NFO,07/01/2020,11:54:30,39.75,40.35,9000,40.85,6000,0,423000
SBIN30Jan20360PE.NFO,07/01/2020,11:54:40,39.75,40.45,6000,40.85,6000,0,423000
SBIN30Jan20360PE.NFO,07/01/2020,11:54:44,39.75,40.05,18000,40.85,3000,0,423000
SBIN30Jan20360PE.NFO,07/01/2020,11:54:46,39.75,40.35,3000,40.85,3000,0,423000
SBIN30Jan20360PE.NFO,07/01/2020,11:54:48,39.75,40.4,6000,40.85,3000,0,423000
SBIN30Jan20360PE.NFO,07/01/2020,11:54:51,39.75,40.35,6000,40.85,3000,0,423000
SBIN30Jan20360PE.NFO,07/01/2020,11:55:03,39.75,40.45,6000,40.85,3000,0,423000
SBIN30Jan20360PE.NFO,07/01/2020,11:55:14,39.75,40.25,15000,40.85,3000,0,423000
SBIN30Jan20360PE.NFO,07/01/2020,11:55:20,39.75,40.4,9000,40.85,3000,0,423000
SBIN30Jan20360PE.NFO,07/01/2020,11:55:24,39.75,40.25,15000,40.85,3000,0,423000
SBIN30Jan20360PE.NFO,07/01/2020,11:56:34,39.75,40.25,9000,40.75,3000,0,423000
SBIN30Jan20360PE.NFO,07/01/2020,11:56:42,39.75,40.15,3000,40.75,3000,0,423000
SBIN30Jan20360PE.NFO,07/01/2020,11:56:45,39.75,40.2,6000,40.75,3000,0,423000
SBIN30Jan20360PE.NFO,07/01/2020,11:56:48,39.75,40.2,6000,40.65,3000,0,423000
SBIN30Jan20360PE.NFO,07/01/2020,11:56:51,39.75,40.2,6000,40.75,3000,0,423000
SBIN30Jan20360PE.NFO,07/01/2020,11:56:54,39.75,39.85,21000,40.65,3000,0,423000
SBIN30Jan20360PE.NFO,07/01/2020,11:56:58,39.75,39.85,21000,40.55,3000,0,423000
SBIN30Jan20360PE.NFO,07/01/2020,11:57:04,39.75,39.85,21000,40.95,12000,0,423000
SBIN30Jan20360PE.NFO,07/01/2020,11:57:08,39.75,39.85,21000,40.7,3000,0,423000
SBIN30Jan20360PE.NFO,07/01/2020,11:57:11,39.75,39.85,21000,40.6,3000,0,423000
SBIN30Jan20360PE.NFO,07/01/2020,11:57:26,39.75,39.85,15000,40.45,3000,0,423000
SBIN30Jan20360PE.NFO,07/01/2020,11:57:35,39.75,40.1,6000,40.45,3000,0,423000
SBIN30Jan20360PE.NFO,07/01/2020,11:57:40,39.75,40.15,3000,40.65,3000,0,423000
SBIN30Jan20360PE.NFO,07/01/2020,11:57:44,39.75,40.1,3000,41.25,30000,0,423000
SBIN30Jan20360PE.NFO,07/01/2020,11:57:50,39.75,40.35,6000,41.25,30000,0,423000
SBIN30Jan20360PE.NFO,07/01/2020,11:58:00,39.75,40.25,6000,41.25,30000,0,423000
SBIN30Jan20360PE.NFO,07/01/2020,11:58:13,39.75,40.25,6000,40.85,3000,0,423000
SBIN30Jan20360PE.NFO,07/01/2020,11:58:17,39.75,40.25,6000,40.75,3000,0,423000
SBIN30Jan20360PE.NFO,07/01/2020,11:58:47,39.75,40.15,6000,40.6,3000,0,423000
SBIN30Jan20360PE.NFO,07/01/2020,11:59:18,39.75,40.15,6000,41,12000,0,423000
SBIN30Jan20360PE.NFO,07/01/2020,11:59:22,39.75,40.1,6000,40.6,3000,0,423000
SBIN30Jan20360PE.NFO,07/01/2020,11:59:27,39.75,39.85,6000,40.25,3000,0,423000
SBIN30Jan20360PE.NFO,07/01/2020,11:59:31,39.75,39.85,6000,40.45,3000,0,423000
SBIN30Jan20360PE.NFO,07/01/2020,11:59:35,39.75,39.85,6000,40.35,3000,0,423000
SBIN30Jan20360PE.NFO,07/01/2020,11:59:46,39.75,39.95,6000,40.35,3000,0,423000
SBIN30Jan20360PE.NFO,07/01/2020,11:59:51,39.75,39.95,12000,40.5,3000,0,423000
SBIN30Jan20360PE.NFO,07/01/2020,11:59:55,39.75,40,15000,40.5,3000,0,423000
SBIN30Jan20360PE.NFO,07/01/2020,12:00:02,39.75,40,18000,40.65,3000,0,423000
SBIN30Jan20360PE.NFO,07/01/2020,12:00:06,39.75,40,15000,40.65,3000,0,423000
SBIN30Jan20360PE.NFO,07/01/2020,12:00:10,39.75,40.15,3000,40.75,3000,0,423000
SBIN30Jan20360PE.NFO,07/01/2020,12:00:14,39.75,40.15,6000,40.65,3000,0,423000
SBIN30Jan20360PE.NFO,07/01/2020,12:00:30,39.75,40.1,6000,40.65,3000,0,423000
SBIN30Jan20360PE.NFO,07/01/2020,12:00:35,39.75,40.1,12000,40.65,3000,0,423000
SBIN30Jan20360PE.NFO,07/01/2020,12:00:39,39.75,40.2,6000,40.65,3000,0,423000
SBIN30Jan20360PE.NFO,07/01/2020,12:00:43,39.75,40.05,12000,40.65,3000,0,423000
SBIN30Jan20360PE.NFO,07/01/2020,12:00:46,39.75,40.15,6000,40.95,12000,0,423000
SBIN30Jan20360PE.NFO,07/01/2020,12:00:50,39.75,40.2,6000,40.7,3000,0,423000
SBIN30Jan20360PE.NFO,07/01/2020,12:00:56,39.75,40.2,6000,40.6,3000,0,423000
SBIN30Jan20360PE.NFO,07/01/2020,12:00:59,39.75,40.15,6000,40.6,3000,0,423000
SBIN30Jan20360PE.NFO,07/01/2020,12:01:48,39.75,40.1,9000,40.6,3000,0,423000
SBIN30Jan20360PE.NFO,07/01/2020,12:01:51,39.75,40.2,6000,40.6,3000,0,423000
SBIN30Jan20360PE.NFO,07/01/2020,12:01:57,39.75,40.1,9000,40.6,3000,0,423000
SBIN30Jan20360PE.NFO,07/01/2020,12:02:14,39.75,40.2,6000,40.6,3000,0,423000
SBIN30Jan20360PE.NFO,07/01/2020,12:02:23,39.75,40.1,9000,40.6,3000,0,423000
SBIN30Jan20360PE.NFO,07/01/2020,12:02:26,39.75,40.15,9000,40.6,3000,0,423000
SBIN30Jan20360PE.NFO,07/01/2020,12:02:30,39.75,40.15,6000,40.6,3000,0,423000
SBIN30Jan20360PE.NFO,07/01/2020,12:02:36,39.75,39.95,3000,40.4,3000,0,423000
SBIN30Jan20360PE.NFO,07/01/2020,12:02:43,39.75,39.7,9000,40.3,6000,0,423000
SBIN30Jan20360PE.NFO,07/01/2020,12:02:49,39.75,39.9,3000,40.35,3000,0,423000
SBIN30Jan20360PE.NFO,07/01/2020,12:02:55,39.75,39.85,6000,40.35,3000,0,423000
SBIN30Jan20360PE.NFO,07/01/2020,12:03:05,39.75,39.75,9000,40.35,3000,0,423000
SBIN30Jan20360PE.NFO,07/01/2020,12:03:11,39.75,39.85,12000,40.35,3000,0,423000
SBIN30Jan20360PE.NFO,07/01/2020,12:03:17,39.75,39.9,3000,40.45,3000,0,423000
SBIN30Jan20360PE.NFO,07/01/2020,12:03:22,39.75,40.1,3000,40.6,3000,0,423000
SBIN30Jan20360PE.NFO,07/01/2020,12:03:28,39.75,40.1,9000,40.6,3000,0,423000
SBIN30Jan20360PE.NFO,07/01/2020,12:03:34,39.75,40.15,3000,40.65,3000,0,423000
SBIN30Jan20360PE.NFO,07/01/2020,12:03:38,39.75,40.1,6000,40.65,3000,0,423000
SBIN30Jan20360PE.NFO,07/01/2020,12:03:43,39.75,40.1,6000,40.55,3000,0,423000
SBIN30Jan20360PE.NFO,07/01/2020,12:04:04,39.75,40.05,6000,40.55,3000,0,423000
SBIN30Jan20360PE.NFO,07/01/2020,12:04:14,39.75,40.15,6000,40.55,3000,0,423000
SBIN30Jan20360PE.NFO,07/01/2020,12:04:20,39.75,40,6000,40.45,3000,0,423000
SBIN30Jan20360PE.NFO,07/01/2020,12:04:27,39.75,40.05,3000,40.7,9000,0,423000
SBIN30Jan20360PE.NFO,07/01/2020,12:04:30,39.75,40.1,6000,40.55,3000,0,423000
SBIN30Jan20360PE.NFO,07/01/2020,12:04:33,39.75,40.05,3000,40.55,3000,0,423000
SBIN30Jan20360PE.NFO,07/01/2020,12:04:41,39.75,40,3000,40.45,3000,0,423000
SBIN30Jan20360PE.NFO,07/01/2020,12:04:44,39.75,39.95,3000,40.45,3000,0,423000
SBIN30Jan20360PE.NFO,07/01/2020,12:05:02,39.75,39.8,6000,40.35,3000,0,423000
SBIN30Jan20360PE.NFO,07/01/2020,12:05:07,39.75,39.8,6000,40.25,3000,0,423000
SBIN30Jan20360PE.NFO,07/01/2020,12:05:25,39.75,39.75,3000,40.15,3000,0,423000
SBIN30Jan20360PE.NFO,07/01/2020,12:05:33,39.75,39.7,9000,40.15,3000,0,423000
SBIN30Jan20360PE.NFO,07/01/2020,12:05:40,39.75,39.75,3000,40.7,30000,0,423000
SBIN30Jan20360PE.NFO,07/01/2020,12:05:42,39.75,39.7,9000,40.7,30000,0,423000
SBIN30Jan20360PE.NFO,07/01/2020,12:05:47,39.75,39.8,6000,40.7,27000,0,423000
SBIN30Jan20360PE.NFO,07/01/2020,12:05:50,39.75,39.8,6000,40.7,24000,0,423000
SBIN30Jan20360PE.NFO,07/01/2020,12:05:55,39.75,39.9,6000,40.7,24000,0,423000
SBIN30Jan20360PE.NFO,07/01/2020,12:06:02,39.75,39.9,6000,40.7,21000,0,423000
SBIN30Jan20360PE.NFO,07/01/2020,12:06:09,39.75,39.9,6000,40.45,3000,0,423000
SBIN30Jan20360PE.NFO,07/01/2020,12:06:12,39.75,39.8,9000,40.4,6000,0,423000
SBIN30Jan20360PE.NFO,07/01/2020,12:06:15,39.75,39.85,3000,40.45,3000,0,423000
SBIN30Jan20360PE.NFO,07/01/2020,12:06:20,39.75,39.75,9000,40.3,3000,0,423000
SBIN30Jan20360PE.NFO,07/01/2020,12:06:39,39.75,39.85,3000,40.3,3000,0,423000
SBIN30Jan20360PE.NFO,07/01/2020,12:06:59,39.75,39.8,3000,40.3,3000,0,423000
SBIN30Jan20360PE.NFO,07/01/2020,12:07:10,39.75,39.85,6000,40.3,3000,0,423000
SBIN30Jan20360PE.NFO,07/01/2020,12:07:38,39.75,39.9,3000,40.3,3000,0,423000
SBIN30Jan20360PE.NFO,07/01/2020,12:07:56,39.75,39.85,6000,40.3,3000,0,423000
SBIN30Jan20360PE.NFO,07/01/2020,12:08:00,39.75,39.8,6000,40.3,3000,0,423000
SBIN30Jan20360PE.NFO,07/01/2020,12:08:03,39.75,39.85,3000,40.3,3000,0,423000
SBIN30Jan20360PE.NFO,07/01/2020,12:08:07,39.75,39.8,9000,40.3,3000,0,423000
SBIN30Jan20360PE.NFO,07/01/2020,12:08:10,39.75,39.75,3000,40.2,3000,0,423000
SBIN30Jan20360PE.NFO,07/01/2020,12:08:21,39.75,39.65,3000,40.1,3000,0,423000
SBIN30Jan20360PE.NFO,07/01/2020,12:08:40,39.75,39.65,3000,40,3000,0,423000
SBIN30Jan20360PE.NFO,07/01/2020,12:08:54,39.75,39.6,6000,40.5,27000,0,423000
SBIN30Jan20360PE.NFO,07/01/2020,12:09:01,39.75,39.7,6000,40.5,24000,0,423000
SBIN30Jan20360PE.NFO,07/01/2020,12:09:53,39.75,39.75,3000,40.15,3000,0,423000
SBIN30Jan20360PE.NFO,07/01/2020,12:10:26,39.75,39.8,6000,40.45,12000,0,423000
SBIN30Jan20360PE.NFO,07/01/2020,12:10:30,39.75,39.75,9000,40.45,12000,0,423000
SBIN30Jan20360PE.NFO,07/01/2020,12:10:36,39.75,39.75,9000,40.35,3000,0,423000
SBIN30Jan20360PE.NFO,07/01/2020,12:10:40,39.75,39.75,9000,40.25,3000,0,423000
SBIN30Jan20360PE.NFO,07/01/2020,12:10:52,39.75,39.85,3000,40.25,3000,0,423000
SBIN30Jan20360PE.NFO,07/01/2020,12:11:42,39.75,39.8,3000,40.25,3000,0,423000
SBIN30Jan20360PE.NFO,07/01/2020,12:11:46,39.75,39.75,6000,40.25,3000,0,423000
SBIN30Jan20360PE.NFO,07/01/2020,12:11:50,39.75,39.75,6000,40.2,3000,0,423000
SBIN30Jan20360PE.NFO,07/01/2020,12:11:52,39.75,39.75,6000,40.15,3000,0,423000
SBIN30Jan20360PE.NFO,07/01/2020,12:11:57,39.75,39.7,3000,40.15,3000,0,423000
SBIN30Jan20360PE.NFO,07/01/2020,12:12:03,39.75,39.75,6000,40.15,3000,0,423000
SBIN30Jan20360PE.NFO,07/01/2020,12:12:05,39.75,39.7,9000,40.15,3000,0,423000
SBIN30Jan20360PE.NFO,07/01/2020,12:12:34,39.75,39.65,6000,40.15,3000,0,423000
SBIN30Jan20360PE.NFO,07/01/2020,12:12:37,39.75,39.7,3000,40.15,3000,0,423000
SBIN30Jan20360PE.NFO,07/01/2020,12:12:40,39.75,39.65,6000,40.15,3000,0,423000
SBIN30Jan20360PE.NFO,07/01/2020,12:12:43,39.75,39.7,3000,40.15,3000,0,423000
SBIN30Jan20360PE.NFO,07/01/2020,12:12:48,39.75,39.6,9000,40.2,6000,0,423000
SBIN30Jan20360PE.NFO,07/01/2020,12:12:52,39.75,39.6,9000,40.15,3000,0,423000
SBIN30Jan20360PE.NFO,07/01/2020,12:12:55,39.75,39.75,6000,40.15,3000,0,423000
SBIN30Jan20360PE.NFO,07/01/2020,12:13:05,39.75,39.65,9000,40.7,30000,0,423000
SBIN30Jan20360PE.NFO,07/01/2020,12:13:09,39.75,39.4,3000,39.9,3000,0,423000
SBIN30Jan20360PE.NFO,07/01/2020,12:13:29,39.75,39.4,3000,40.15,9000,0,423000
SBIN30Jan20360PE.NFO,07/01/2020,12:13:34,39.75,39.4,3000,39.9,3000,0,423000
SBIN30Jan20360PE.NFO,07/01/2020,12:13:38,39.75,39.45,6000,39.9,3000,0,423000
SBIN30Jan20360PE.NFO,07/01/2020,12:13:42,39.75,39.4,6000,39.8,3000,0,423000
SBIN30Jan20360PE.NFO,07/01/2020,12:13:46,39.75,39.3,12000,39.8,3000,0,423000
SBIN30Jan20360PE.NFO,07/01/2020,12:13:50,39.75,39.45,6000,39.8,3000,0,423000
SBIN30Jan20360PE.NFO,07/01/2020,12:13:54,39.75,39.35,9000,39.8,3000,0,423000
SBIN30Jan20360PE.NFO,07/01/2020,12:13:58,39.75,39.35,6000,40.15,12000,0,423000
SBIN30Jan20360PE.NFO,07/01/2020,12:14:11,39.75,39.45,6000,40.15,12000,0,423000
SBIN30Jan20360PE.NFO,07/01/2020,12:14:23,39.75,39.4,6000,39.85,3000,0,423000
SBIN30Jan20360PE.NFO,07/01/2020,12:14:30,39.75,39.4,6000,40.4,30000,0,423000
SBIN30Jan20360PE.NFO,07/01/2020,12:14:40,39.75,39.5,6000,40.4,30000,0,423000
SBIN30Jan20360PE.NFO,07/01/2020,12:14:49,39.75,39.5,6000,40.4,27000,0,423000
SBIN30Jan20360PE.NFO,07/01/2020,12:15:18,39.75,39.6,6000,40.4,24000,0,423000
SBIN30Jan20360PE.NFO,07/01/2020,12:15:35,39.75,39.65,3000,40.2,3000,0,423000
SBIN30Jan20360PE.NFO,07/01/2020,12:15:38,39.75,39.7,6000,40.15,3000,0,423000
SBIN30Jan20360PE.NFO,07/01/2020,12:15:59,39.75,39.65,15000,40.15,3000,0,423000
SBIN30Jan20360PE.NFO,07/01/2020,12:16:03,39.75,39.65,18000,40.15,3000,0,423000
SBIN30Jan20360PE.NFO,07/01/2020,12:16:07,39.75,39.8,6000,40.4,6000,0,423000
SBIN30Jan20360PE.NFO,07/01/2020,12:16:11,39.75,39.8,6000,40.25,3000,0,423000
SBIN30Jan20360PE.NFO,07/01/2020,12:16:18,39.75,39.75,6000,40.25,3000,0,423000
SBIN30Jan20360PE.NFO,07/01/2020,12:16:56,39.75,39.75,6000,40.15,3000,0,423000
SBIN30Jan20360PE.NFO,07/01/2020,12:17:40,39.75,39.75,6000,40.5,12000,0,423000
SBIN30Jan20360PE.NFO,07/01/2020,12:17:43,39.75,39.75,6000,40.25,3000,0,423000
SBIN30Jan20360PE.NFO,07/01/2020,12:17:52,39.75,39.85,6000,40.25,3000,0,423000
SBIN30Jan20360PE.NFO,07/01/2020,12:17:57,39.75,39.75,9000,40.25,3000,0,423000
SBIN30Jan20360PE.NFO,07/01/2020,12:18:00,39.75,39.7,6000,40.25,3000,0,423000
SBIN30Jan20360PE.NFO,07/01/2020,12:18:14,39.75,39.75,3000,40.25,3000,0,423000
SBIN30Jan20360PE.NFO,07/01/2020,12:18:17,39.75,39.8,6000,40.25,3000,0,423000
SBIN30Jan20360PE.NFO,07/01/2020,12:18:23,39.75,39.7,12000,40.25,3000,0,423000
SBIN30Jan20360PE.NFO,07/01/2020,12:18:31,39.75,39.8,6000,40.25,3000,0,423000
SBIN30Jan20360PE.NFO,07/01/2020,12:18:34,39.75,39.75,6000,40.25,3000,0,423000
SBIN30Jan20360PE.NFO,07/01/2020,12:18:51,39.75,39.8,3000,40.25,3000,0,423000
SBIN30Jan20360PE.NFO,07/01/2020,12:18:59,39.75,39.75,6000,40.25,3000,0,423000
SBIN30Jan20360PE.NFO,07/01/2020,12:19:05,39.75,39.65,6000,40.1,3000,0,423000
SBIN30Jan20360PE.NFO,07/01/2020,12:19:11,39.75,39.5,6000,39.95,3000,0,423000
SBIN30Jan20360PE.NFO,07/01/2020,12:19:16,39.75,39.45,3000,39.95,3000,0,423000
SBIN30Jan20360PE.NFO,07/01/2020,12:19:25,39.75,39.45,3000,39.85,3000,0,423000
SBIN30Jan20360PE.NFO,07/01/2020,12:19:32,39.75,39.4,3000,39.85,3000,0,423000
SBIN30Jan20360PE.NFO,07/01/2020,12:19:35,39.75,39.35,6000,39.85,3000,0,423000
SBIN30Jan20360PE.NFO,07/01/2020,12:19:41,39.75,39.3,3000,39.75,3000,0,423000
SBIN30Jan20360PE.NFO,07/01/2020,12:19:51,39.75,39.35,3000,39.75,3000,0,423000
SBIN30Jan20360PE.NFO,07/01/2020,12:20:10,39.75,39.3,6000,40.35,30000,0,423000
SBIN30Jan20360PE.NFO,07/01/2020,12:20:18,39.75,39.4,6000,40.35,30000,0,423000
SBIN30Jan20360PE.NFO,07/01/2020,12:20:22,39.75,39.35,6000,40.35,30000,0,423000
SBIN30Jan20360PE.NFO,07/01/2020,12:21:02,39.75,39.25,12000,39.75,3000,0,423000
SBIN30Jan20360PE.NFO,07/01/2020,12:21:10,39.75,39.35,3000,39.75,3000,0,423000
SBIN30Jan20360PE.NFO,07/01/2020,12:21:22,39.75,39.35,3000,39.9,3000,0,423000
SBIN30Jan20360PE.NFO,07/01/2020,12:21:25,39.75,39.35,3000,39.85,3000,0,423000
SBIN30Jan20360PE.NFO,07/01/2020,12:21:56,39.75,39.35,12000,40.4,27000,0,423000
SBIN30Jan20360PE.NFO,07/01/2020,12:22:01,39.75,39.45,6000,40.4,27000,0,423000
SBIN30Jan20360PE.NFO,07/01/2020,12:22:04,39.75,39.55,6000,40.4,24000,0,423000
SBIN30Jan20360PE.NFO,07/01/2020,12:22:12,39.75,39.55,6000,40.1,3000,0,423000
SBIN30Jan20360PE.NFO,07/01/2020,12:22:15,39.75,39.55,9000,40.05,3000,0,423000
SBIN30Jan20360PE.NFO,07/01/2020,12:22:32,39.75,39.6,3000,40.05,3000,0,423000
SBIN30Jan20360PE.NFO,07/01/2020,12:22:42,39.75,39.65,6000,40.05,3000,0,423000
SBIN30Jan20360PE.NFO,07/01/2020,12:22:48,39.75,39.7,3000,40.25,3000,0,423000
SBIN30Jan20360PE.NFO,07/01/2020,12:22:52,39.75,39.8,6000,40.55,9000,0,423000
SBIN30Jan20360PE.NFO,07/01/2020,12:22:57,39.75,39.8,3000,40.3,3000,0,423000
SBIN30Jan20360PE.NFO,07/01/2020,12:22:59,39.75,39.75,3000,40.25,3000,0,423000
SBIN30Jan20360PE.NFO,07/01/2020,12:23:02,39.75,39.75,3000,40.2,3000,0,423000
SBIN30Jan20360PE.NFO,07/01/2020,12:23:05,39.75,39.8,9000,40.55,12000,0,423000
SBIN30Jan20360PE.NFO,07/01/2020,12:23:12,39.75,39.85,3000,40.4,3000,0,423000
SBIN30Jan20360PE.NFO,07/01/2020,12:23:18,39.75,39.7,12000,40.25,3000,0,423000
SBIN30Jan20360PE.NFO,07/01/2020,12:23:35,39.75,39.7,6000,40.25,3000,0,423000
SBIN30Jan20360PE.NFO,07/01/2020,12:23:39,39.75,39.75,3000,40.25,3000,0,423000
SBIN30Jan20360PE.NFO,07/01/2020,12:23:41,39.75,39.8,6000,40.25,3000,0,423000
SBIN30Jan20360PE.NFO,07/01/2020,12:24:10,39.75,39.7,12000,40.25,3000,0,423000
SBIN30Jan20360PE.NFO,07/01/2020,12:24:14,39.75,39.6,6000,40.05,3000,0,423000
SBIN30Jan20360PE.NFO,07/01/2020,12:24:20,39.75,39.65,3000,40.15,3000,0,423000
SBIN30Jan20360PE.NFO,07/01/2020,12:24:34,39.75,39.6,6000,40.15,3000,0,423000
SBIN30Jan20360PE.NFO,07/01/2020,12:24:40,39.75,39.7,6000,40.15,3000,0,423000
SBIN30Jan20360PE.NFO,07/01/2020,12:24:50,39.75,39.75,3000,40.15,3000,0,423000
SBIN30Jan20360PE.NFO,07/01/2020,12:24:55,39.75,39.7,6000,40.3,6000,0,423000
SBIN30Jan20360PE.NFO,07/01/2020,12:24:58,39.75,39.7,6000,40.25,3000,0,423000
SBIN30Jan20360PE.NFO,07/01/2020,12:24:59,39.75,39.8,3000,40.25,3000,0,423000
SBIN30Jan20360PE.NFO,07/01/2020,12:25:21,39.75,39.8,6000,40.25,3000,0,423000
SBIN30Jan20360PE.NFO,07/01/2020,12:25:27,39.75,39.85,3000,40.25,3000,0,423000
SBIN30Jan20360PE.NFO,07/01/2020,12:25:31,39.75,39.8,9000,40.35,3000,0,423000
SBIN30Jan20360PE.NFO,07/01/2020,12:25:33,39.75,39.9,6000,40.35,3000,0,423000
SBIN30Jan20360PE.NFO,07/01/2020,12:25:37,39.75,39.8,6000,40.35,3000,0,423000
SBIN30Jan20360PE.NFO,07/01/2020,12:25:39,39.75,39.8,6000,40.25,3000,0,423000
SBIN30Jan20360PE.NFO,07/01/2020,12:25:54,39.75,39.7,6000,40.25,3000,0,423000
SBIN30Jan20360PE.NFO,07/01/2020,12:25:58,39.75,39.8,6000,40.25,3000,0,423000
SBIN30Jan20360PE.NFO,07/01/2020,12:26:03,39.75,39.85,3000,40.25,3000,0,423000
SBIN30Jan20360PE.NFO,07/01/2020,12:26:06,39.75,39.8,6000,40.25,3000,0,423000
SBIN30Jan20360PE.NFO,07/01/2020,12:26:10,39.75,39.8,6000,40.5,9000,0,423000
SBIN30Jan20360PE.NFO,07/01/2020,12:26:14,39.75,39.75,3000,40.25,3000,0,423000
SBIN30Jan20360PE.NFO,07/01/2020,12:26:17,39.75,39.8,6000,40.25,3000,0,423000
SBIN30Jan20360PE.NFO,07/01/2020,12:26:27,39.75,39.85,3000,40.25,3000,0,423000
SBIN30Jan20360PE.NFO,07/01/2020,12:26:31,39.75,39.75,15000,40.35,3000,0,423000
SBIN30Jan20360PE.NFO,07/01/2020,12:26:34,39.75,39.75,18000,40.35,3000,0,423000
SBIN30Jan20360PE.NFO,07/01/2020,12:26:38,39.75,39.75,6000,40.25,3000,0,423000
SBIN30Jan20360PE.NFO,07/01/2020,12:26:46,39.75,39.8,3000,40.25,3000,0,423000
SBIN30Jan20360PE.NFO,07/01/2020,12:26:52,39.75,39.9,9000,40.65,12000,0,423000
SBIN30Jan20360PE.NFO,07/01/2020,12:26:56,39.75,40.1,9000,40.65,9000,0,423000
SBIN30Jan20360PE.NFO,07/01/2020,12:27:00,39.75,40.2,6000,40.65,3000,0,423000
SBIN30Jan20360PE.NFO,07/01/2020,12:27:04,39.75,40.1,9000,40.65,3000,0,423000
SBIN30Jan20360PE.NFO,07/01/2020,12:27:11,39.75,40.05,6000,40.65,3000,0,423000
SBIN30Jan20360PE.NFO,07/01/2020,12:27:15,39.75,40.15,6000,40.65,3000,0,423000
SBIN30Jan20360PE.NFO,07/01/2020,12:27:22,39.75,40.1,3000,40.65,3000,0,423000
SBIN30Jan20360PE.NFO,07/01/2020,12:27:25,39.75,40.15,3000,40.65,3000,0,423000
SBIN30Jan20360PE.NFO,07/01/2020,12:27:27,39.75,40.1,6000,40.65,3000,0,423000
SBIN30Jan20360PE.NFO,07/01/2020,12:27:40,39.75,40.15,3000,40.65,3000,0,423000
SBIN30Jan20360PE.NFO,07/01/2020,12:27:42,39.75,40.1,6000,40.65,3000,0,423000
SBIN30Jan20360PE.NFO,07/01/2020,12:27:53,39.75,40.15,3000,40.55,3000,0,423000
SBIN30Jan20360PE.NFO,07/01/2020,12:27:57,39.75,40.2,6000,40.55,3000,0,423000
SBIN30Jan20360PE.NFO,07/01/2020,12:28:02,39.75,40.2,3000,40.55,3000,0,423000
SBIN30Jan20360PE.NFO,07/01/2020,12:28:15,39.75,40.2,6000,40.95,12000,0,423000
SBIN30Jan20360PE.NFO,07/01/2020,12:28:16,39.75,40.2,6000,40.85,9000,0,423000
SBIN30Jan20360PE.NFO,07/01/2020,12:28:17,39.75,40.2,6000,40.75,9000,0,423000
SBIN30Jan20360PE.NFO,07/01/2020,12:28:18,39.75,40.15,3000,40.7,3000,0,423000
SBIN30Jan20360PE.NFO,07/01/2020,12:28:19,39.75,40.15,3000,40.6,3000,0,423000
SBIN30Jan20360PE.NFO,07/01/2020,12:28:21,39.75,40.1,9000,40.6,3000,0,423000
SBIN30Jan20360PE.NFO,07/01/2020,12:28:22,39.75,40.2,6000,40.6,3000,0,423000
SBIN30Jan20360PE.NFO,07/01/2020,12:28:26,39.75,40.15,12000,40.6,3000,0,423000
SBIN30Jan20360PE.NFO,07/01/2020,12:28:27,39.75,40.15,9000,40.6,3000,0,423000
SBIN30Jan20360PE.NFO,07/01/2020,12:28:43,39.75,40.1,6000,40.6,3000,0,423000
SBIN30Jan20360PE.NFO,07/01/2020,12:28:49,39.75,40.15,3000,40.6,3000,0,423000
SBIN30Jan20360PE.NFO,07/01/2020,12:28:54,39.75,40.2,6000,40.6,3000,0,423000
SBIN30Jan20360PE.NFO,07/01/2020,12:28:55,39.75,40.25,3000,40.8,3000,0,423000
SBIN30Jan20360PE.NFO,07/01/2020,12:28:56,39.75,40.3,6000,40.8,3000,0,423000
SBIN30Jan20360PE.NFO,07/01/2020,12:28:59,39.75,40.35,3000,40.8,3000,0,423000
SBIN30Jan20360PE.NFO,07/01/2020,12:29:00,39.75,40.4,6000,40.8,3000,0,423000
SBIN30Jan20360PE.NFO,07/01/2020,12:29:19,39.75,40.4,6000,41.35,30000,0,423000
SBIN30Jan20360PE.NFO,07/01/2020,12:29:43,39.75,40.5,6000,41.35,30000,0,423000
SBIN30Jan20360PE.NFO,07/01/2020,12:29:48,39.75,40.4,9000,41.35,30000,0,423000
SBIN30Jan20360PE.NFO,07/01/2020,12:30:07,39.75,40.5,6000,41.35,27000,0,423000
SBIN30Jan20360PE.NFO,07/01/2020,12:30:12,39.75,40.45,9000,41.35,27000,0,423000
SBIN30Jan20360PE.NFO,07/01/2020,12:30:17,39.75,40.55,6000,41.35,27000,0,423000
SBIN30Jan20360PE.NFO,07/01/2020,12:30:22,39.75,40.5,3000,41.35,27000,0,423000
SBIN30Jan20360PE.NFO,07/01/2020,12:30:27,39.75,40.45,6000,41.35,27000,0,423000
SBIN30Jan20360PE.NFO,07/01/2020,12:30:32,39.75,40.45,12000,41.35,27000,0,423000
SBIN30Jan20360PE.NFO,07/01/2020,12:30:42,39.75,40.6,3000,41,3000,0,423000
SBIN30Jan20360PE.NFO,07/01/2020,12:30:47,39.75,40.45,3000,40.9,3000,0,423000
SBIN30Jan20360PE.NFO,07/01/2020,12:30:58,39.75,40.45,3000,40.8,3000,0,423000
SBIN30Jan20360PE.NFO,07/01/2020,12:31:36,39.75,40.45,3000,41,3000,0,423000
SBIN30Jan20360PE.NFO,07/01/2020,12:31:40,39.75,40.45,3000,40.85,3000,0,423000
SBIN30Jan20360PE.NFO,07/01/2020,12:31:43,39.75,40.5,6000,40.85,3000,0,423000
SBIN30Jan20360PE.NFO,07/01/2020,12:31:59,39.75,40.4,12000,40.85,3000,0,423000
SBIN30Jan20360PE.NFO,07/01/2020,12:32:04,39.75,40.45,9000,40.85,3000,0,423000
SBIN30Jan20360PE.NFO,07/01/2020,12:32:30,39.75,40.5,6000,41.1,6000,0,423000
SBIN30Jan20360PE.NFO,07/01/2020,12:32:36,39.75,40.6,6000,41.05,3000,0,423000
SBIN30Jan20360PE.NFO,07/01/2020,12:32:41,39.75,40.45,9000,41.05,3000,0,423000
SBIN30Jan20360PE.NFO,07/01/2020,12:32:47,39.75,40.6,3000,41.05,3000,0,423000
SBIN30Jan20360PE.NFO,07/01/2020,12:32:51,39.75,40.55,12000,41.05,3000,0,423000
SBIN30Jan20360PE.NFO,07/01/2020,12:32:55,39.75,40.65,3000,41.2,3000,0,423000
SBIN30Jan20360PE.NFO,07/01/2020,12:33:00,39.75,40.6,6000,41.1,3000,0,423000
SBIN30Jan20360PE.NFO,07/01/2020,12:33:05,39.75,40.6,6000,41.05,3000,0,423000
SBIN30Jan20360PE.NFO,07/01/2020,12:33:10,39.75,40.6,9000,41.15,3000,0,423000
SBIN30Jan20360PE.NFO,07/01/2020,12:33:14,39.75,40.6,12000,41.15,3000,0,423000
SBIN30Jan20360PE.NFO,07/01/2020,12:33:17,39.75,40.6,6000,41.15,3000,0,423000
SBIN30Jan20360PE.NFO,07/01/2020,12:33:21,39.75,40.65,3000,41.05,3000,0,423000
SBIN30Jan20360PE.NFO,07/01/2020,12:33:37,39.75,40.6,6000,41.05,3000,0,423000
SBIN30Jan20360PE.NFO,07/01/2020,12:34:06,39.75,40.65,3000,41.05,3000,0,423000
SBIN30Jan20360PE.NFO,07/01/2020,12:34:10,39.75,40.6,12000,41.05,3000,0,423000
SBIN30Jan20360PE.NFO,07/01/2020,12:34:13,39.75,40.65,6000,41.6,30000,0,423000
SBIN30Jan20360PE.NFO,07/01/2020,12:34:32,39.75,40.5,6000,40.9,3000,0,423000
SBIN30Jan20360PE.NFO,07/01/2020,12:34:38,39.75,40.5,6000,41.45,30000,0,423000
SBIN30Jan20360PE.NFO,07/01/2020,12:34:53,39.75,40.4,12000,41.45,30000,0,423000
SBIN30Jan20360PE.NFO,07/01/2020,12:34:56,39.75,40.4,9000,41.45,30000,0,423000
SBIN30Jan20360PE.NFO,07/01/2020,12:35:02,39.75,40.3,3000,40.9,6000,0,423000
SBIN30Jan20360PE.NFO,07/01/2020,12:35:09,39.75,40.25,3000,40.65,3000,0,423000
SBIN30Jan20360PE.NFO,07/01/2020,12:35:12,39.75,40.3,6000,41.15,27000,0,423000
SBIN30Jan20360PE.NFO,07/01/2020,12:35:15,39.75,40.25,3000,40.95,6000,0,423000
SBIN30Jan20360PE.NFO,07/01/2020,12:35:18,39.75,40.25,3000,40.7,3000,0,423000
SBIN30Jan20360PE.NFO,07/01/2020,12:35:21,39.75,40.25,3000,40.6,3000,0,423000
SBIN30Jan20360PE.NFO,07/01/2020,12:35:25,39.75,40.05,3000,40.5,3000,0,423000
SBIN30Jan20360PE.NFO,07/01/2020,12:35:28,39.75,40.1,3000,40.65,3000,0,423000
SBIN30Jan20360PE.NFO,07/01/2020,12:35:31,39.75,40.1,3000,40.6,3000,0,423000
SBIN30Jan20360PE.NFO,07/01/2020,12:35:36,39.75,40.15,6000,40.6,3000,0,423000
SBIN30Jan20360PE.NFO,07/01/2020,12:35:39,39.75,40.15,3000,40.6,3000,0,423000
SBIN30Jan20360PE.NFO,07/01/2020,12:35:42,39.75,40.2,6000,40.6,3000,0,423000
SBIN30Jan20360PE.NFO,07/01/2020,12:35:45,39.75,40.15,15000,40.75,3000,0,423000
SBIN30Jan20360PE.NFO,07/01/2020,12:35:48,39.75,40.15,12000,40.75,3000,0,423000
SBIN30Jan20360PE.NFO,07/01/2020,12:35:51,39.75,40.15,9000,40.75,3000,0,423000
SBIN30Jan20360PE.NFO,07/01/2020,12:35:53,39.75,40.15,9000,40.7,3000,0,423000
SBIN30Jan20360PE.NFO,07/01/2020,12:35:55,39.75,40.15,3000,40.65,3000,0,423000
SBIN30Jan20360PE.NFO,07/01/2020,12:36:19,39.75,40.2,6000,40.65,3000,0,423000
SBIN30Jan20360PE.NFO,07/01/2020,12:36:22,39.75,40.1,12000,40.65,3000,0,423000
SBIN30Jan20360PE.NFO,07/01/2020,12:36:44,39.75,40.1,15000,40.65,3000,0,423000
SBIN30Jan20360PE.NFO,07/01/2020,12:36:51,39.75,40.1,12000,40.65,3000,0,423000
SBIN30Jan20360PE.NFO,07/01/2020,12:37:03,39.75,40.1,15000,40.65,3000,0,423000
SBIN30Jan20360PE.NFO,07/01/2020,12:37:16,39.75,40.1,12000,40.65,3000,0,423000
SBIN30Jan20360PE.NFO,07/01/2020,12:37:40,39.75,40.1,9000,40.65,3000,0,423000
SBIN30Jan20360PE.NFO,07/01/2020,12:37:59,39.75,40.2,6000,40.65,3000,0,423000
SBIN30Jan20360PE.NFO,07/01/2020,12:38:03,39.75,40.05,12000,40.55,3000,0,423000
SBIN30Jan20360PE.NFO,07/01/2020,12:38:29,39.75,40.05,9000,40.55,3000,0,423000
SBIN30Jan20360PE.NFO,07/01/2020,12:38:33,39.75,40,6000,40.75,6000,0,423000
SBIN30Jan20360PE.NFO,07/01/2020,12:38:38,39.75,40,6000,40.5,3000,0,423000
SBIN30Jan20360PE.NFO,07/01/2020,12:38:45,39.75,39.9,6000,40.4,3000,0,423000
SBIN30Jan20360PE.NFO,07/01/2020,12:38:58,39.75,39.8,9000,40.4,3000,0,423000
SBIN30Jan20360PE.NFO,07/01/2020,12:39:03,39.75,39.9,6000,40.35,3000,0,423000
SBIN30Jan20360PE.NFO,07/01/2020,12:39:06,39.75,39.85,9000,40.35,3000,0,423000
SBIN30Jan20360PE.NFO,07/01/2020,12:39:10,39.75,39.95,6000,40.5,3000,0,423000
SBIN30Jan20360PE.NFO,07/01/2020,12:39:17,39.75,40,3000,40.5,3000,0,423000
SBIN30Jan20360PE.NFO,07/01/2020,12:39:21,39.75,40.05,6000,40.5,3000,0,423000
SBIN30Jan20360PE.NFO,07/01/2020,12:39:27,39.75,39.95,6000,40.5,3000,0,423000
SBIN30Jan20360PE.NFO,07/01/2020,12:39:32,39.75,40,3000,40.5,3000,0,423000
SBIN30Jan20360PE.NFO,07/01/2020,12:39:36,39.75,39.9,6000,40.4,3000,0,423000
SBIN30Jan20360PE.NFO,07/01/2020,12:39:39,39.75,39.95,3000,40.4,3000,0,423000
SBIN30Jan20360PE.NFO,07/01/2020,12:39:42,39.75,40,6000,40.4,3000,0,423000
SBIN30Jan20360PE.NFO,07/01/2020,12:39:51,39.75,40,6000,40.65,6000,0,423000
SBIN30Jan20360PE.NFO,07/01/2020,12:39:55,39.75,40,6000,40.5,3000,0,423000
SBIN30Jan20360PE.NFO,07/01/2020,12:39:58,39.75,40,6000,40.4,3000,0,423000
SBIN30Jan20360PE.NFO,07/01/2020,12:40:19,39.75,39.9,9000,40.4,3000,0,423000
SBIN30Jan20360PE.NFO,07/01/2020,12:40:22,39.75,39.8,12000,40.4,3000,0,423000
SBIN30Jan20360PE.NFO,07/01/2020,12:40:48,39.75,39.8,6000,40.25,3000,0,423000
SBIN30Jan20360PE.NFO,07/01/2020,12:40:52,39.75,39.8,6000,40.3,3000,0,423000
SBIN30Jan20360PE.NFO,07/01/2020,12:40:56,39.75,39.7,12000,40.3,3000,0,423000
SBIN30Jan20360PE.NFO,07/01/2020,12:41:04,39.75,39.85,6000,40.35,3000,0,423000
SBIN30Jan20360PE.NFO,07/01/2020,12:41:08,39.75,39.85,6000,40.6,6000,0,423000
SBIN30Jan20360PE.NFO,07/01/2020,12:41:12,39.75,39.85,6000,40.35,3000,0,423000
SBIN30Jan20360PE.NFO,07/01/2020,12:41:14,39.75,39.9,3000,40.35,3000,0,423000
SBIN30Jan20360PE.NFO,07/01/2020,12:41:17,39.75,39.85,6000,40.35,3000,0,423000
SBIN30Jan20360PE.NFO,07/01/2020,12:41:19,39.75,39.75,9000,40.35,3000,0,423000
SBIN30Jan20360PE.NFO,07/01/2020,12:41:21,39.75,39.85,3000,40.35,3000,0,423000
SBIN30Jan20360PE.NFO,07/01/2020,12:41:24,39.75,39.9,3000,40.35,3000,0,423000
SBIN30Jan20360PE.NFO,07/01/2020,12:41:26,39.75,39.75,9000,40.3,3000,0,423000
SBIN30Jan20360PE.NFO,07/01/2020,12:41:36,39.75,39.8,3000,40.35,3000,0,423000
SBIN30Jan20360PE.NFO,07/01/2020,12:41:38,39.75,39.75,9000,40.3,3000,0,423000
SBIN30Jan20360PE.NFO,07/01/2020,12:41:39,39.75,39.85,6000,40.35,3000,0,423000
SBIN30Jan20360PE.NFO,07/01/2020,12:41:42,39.75,39.9,3000,40.35,3000,0,423000
SBIN30Jan20360PE.NFO,07/01/2020,12:41:44,39.75,39.85,6000,40.35,3000,0,423000
SBIN30Jan20360PE.NFO,07/01/2020,12:41:46,39.75,39.85,3000,40.35,3000,0,423000
SBIN30Jan20360PE.NFO,07/01/2020,12:41:48,39.75,39.8,6000,40.3,3000,0,423000
SBIN30Jan20360PE.NFO,07/01/2020,12:41:50,39.75,39.8,6000,40.35,3000,0,423000
SBIN30Jan20360PE.NFO,07/01/2020,12:41:52,39.75,39.85,3000,40.35,3000,0,423000
SBIN30Jan20360PE.NFO,07/01/2020,12:41:57,39.75,39.8,6000,40.3,3000,0,423000
SBIN30Jan20360PE.NFO,07/01/2020,12:42:00,39.75,39.85,3000,40.35,3000,0,423000
SBIN30Jan20360PE.NFO,07/01/2020,12:42:02,39.75,39.95,3000,40.35,3000,0,423000
SBIN30Jan20360PE.NFO,07/01/2020,12:42:04,39.75,39.9,6000,40.35,3000,0,423000
SBIN30Jan20360PE.NFO,07/01/2020,12:42:07,39.75,39.8,12000,40.35,3000,0,423000
SBIN30Jan20360PE.NFO,07/01/2020,12:42:32,39.75,39.8,15000,40.35,3000,0,423000
SBIN30Jan20360PE.NFO,07/01/2020,12:42:34,39.75,39.8,15000,40.6,9000,0,423000
SBIN30Jan20360PE.NFO,07/01/2020,12:42:36,39.75,39.95,6000,40.5,6000,0,423000
SBIN30Jan20360PE.NFO,07/01/2020,12:42:38,39.75,40,3000,40.4,3000,0,423000
SBIN30Jan20360PE.NFO,07/01/2020,12:42:44,39.75,40.05,6000,40.4,3000,0,423000
SBIN30Jan20360PE.NFO,07/01/2020,12:42:46,39.75,40,3000,40.4,3000,0,423000
SBIN30Jan20360PE.NFO,07/01/2020,12:42:53,39.75,40.05,3000,40.4,3000,0,423000
SBIN30Jan20360PE.NFO,07/01/2020,12:42:54,39.75,40,3000,40.4,3000,0,423000
SBIN30Jan20360PE.NFO,07/01/2020,12:42:57,39.75,39.9,12000,40.4,3000,0,423000
SBIN30Jan20360PE.NFO,07/01/2020,12:43:03,39.75,40,6000,40.7,6000,0,423000
SBIN30Jan20360PE.NFO,07/01/2020,12:43:03,39.75,40,9000,40.7,6000,0,423000
SBIN30Jan20360PE.NFO,07/01/2020,12:43:04,39.75,40.05,3000,40.55,3000,0,423000
SBIN30Jan20360PE.NFO,07/01/2020,12:43:08,39.75,40.05,3000,40.45,3000,0,423000
SBIN30Jan20360PE.NFO,07/01/2020,12:43:16,39.75,40,9000,40.75,6000,0,423000
SBIN30Jan20360PE.NFO,07/01/2020,12:43:18,39.75,40.05,3000,40.5,3000,0,423000
SBIN30Jan20360PE.NFO,07/01/2020,12:43:21,39.75,40.1,6000,40.5,3000,0,423000
SBIN30Jan20360PE.NFO,07/01/2020,12:43:44,39.75,40.05,6000,40.5,3000,0,423000
SBIN30Jan20360PE.NFO,07/01/2020,12:43:51,39.75,40,6000,40.4,3000,0,423000
SBIN30Jan20360PE.NFO,07/01/2020,12:44:03,39.75,40,6000,40.75,9000,0,423000
SBIN30Jan20360PE.NFO,07/01/2020,12:44:10,39.75,40.1,6000,40.75,9000,0,423000
SBIN30Jan20360PE.NFO,07/01/2020,12:44:14,39.75,40,6000,40.75,9000,0,423000
SBIN30Jan20360PE.NFO,07/01/2020,12:44:21,39.75,39.85,6000,40.45,6000,0,423000
SBIN30Jan20360PE.NFO,07/01/2020,12:44:24,39.75,39.85,6000,40.3,3000,0,423000
SBIN30Jan20360PE.NFO,07/01/2020,12:44:45,39.75,39.65,9000,40.25,3000,0,423000
SBIN30Jan20360PE.NFO,07/01/2020,12:44:48,39.75,39.75,6000,40.2,3000,0,423000
SBIN30Jan20360PE.NFO,07/01/2020,12:45:19,39.75,39.8,3000,40.2,3000,0,423000
SBIN30Jan20360PE.NFO,07/01/2020,12:45:21,39.75,39.75,6000,40.2,3000,0,423000
SBIN30Jan20360PE.NFO,07/01/2020,12:45:52,39.75,39.65,3000,40.1,3000,0,423000
SBIN30Jan20360PE.NFO,07/01/2020,12:45:58,39.75,39.8,6000,40.25,3000,0,423000
SBIN30Jan20360PE.NFO,07/01/2020,12:46:03,39.75,39.75,6000,40.25,3000,0,423000
SBIN30Jan20360PE.NFO,07/01/2020,12:46:07,39.75,39.85,6000,40.25,3000,0,423000
SBIN30Jan20360PE.NFO,07/01/2020,12:46:11,39.75,39.85,6000,40.45,3000,0,423000
SBIN30Jan20360PE.NFO,07/01/2020,12:46:14,39.75,39.85,6000,40.3,3000,0,423000
SBIN30Jan20360PE.NFO,07/01/2020,12:46:18,39.75,39.7,6000,40.2,3000,0,423000
SBIN30Jan20360PE.NFO,07/01/2020,12:46:23,39.75,39.6,12000,40.1,3000,0,423000
SBIN30Jan20360PE.NFO,07/01/2020,12:46:31,39.75,39.65,3000,40.1,3000,0,423000
SBIN30Jan20360PE.NFO,07/01/2020,12:46:35,39.75,39.6,9000,40.1,3000,0,423000
SBIN30Jan20360PE.NFO,07/01/2020,12:46:41,39.75,39.5,9000,40,3000,0,423000
SBIN30Jan20360PE.NFO,07/01/2020,12:46:49,39.75,39.5,6000,39.9,3000,0,423000
SBIN30Jan20360PE.NFO,07/01/2020,12:46:53,39.75,39.6,9000,40.05,3000,0,423000
SBIN30Jan20360PE.NFO,07/01/2020,12:46:57,39.75,39.6,6000,40.05,3000,0,423000
SBIN30Jan20360PE.NFO,07/01/2020,12:47:09,39.75,39.7,6000,40.15,3000,0,423000
SBIN30Jan20360PE.NFO,07/01/2020,12:47:22,39.75,39.75,3000,40.15,3000,0,423000
SBIN30Jan20360PE.NFO,07/01/2020,12:47:26,39.75,39.65,6000,40.05,3000,0,423000
SBIN30Jan20360PE.NFO,07/01/2020,12:47:42,39.75,39.65,6000,40.15,3000,0,423000
SBIN30Jan20360PE.NFO,07/01/2020,12:47:45,39.75,39.75,6000,40.15,3000,0,423000
SBIN30Jan20360PE.NFO,07/01/2020,12:47:55,39.75,39.75,6000,40.2,3000,0,423000
SBIN30Jan20360PE.NFO,07/01/2020,12:47:58,39.75,39.75,6000,40.15,3000,0,423000
SBIN30Jan20360PE.NFO,07/01/2020,12:48:03,39.75,39.65,6000,40.1,3000,0,423000
SBIN30Jan20360PE.NFO,07/01/2020,12:48:09,39.75,39.65,6000,40.05,3000,0,423000
SBIN30Jan20360PE.NFO,07/01/2020,12:48:15,39.75,39.45,6000,39.85,3000,0,423000
SBIN30Jan20360PE.NFO,07/01/2020,12:48:21,39.75,39.5,3000,39.95,3000,0,423000
SBIN30Jan20360PE.NFO,07/01/2020,12:48:28,39.75,39.45,12000,39.95,3000,0,423000
SBIN30Jan20360PE.NFO,07/01/2020,12:48:33,39.75,39.45,6000,39.85,3000,0,423000
SBIN30Jan20360PE.NFO,07/01/2020,12:48:42,39.75,39.35,12000,39.85,3000,0,423000
SBIN30Jan20360PE.NFO,07/01/2020,12:48:46,39.75,39.35,9000,40.15,9000,0,423000
SBIN30Jan20360PE.NFO,07/01/2020,12:48:51,39.75,39.4,3000,39.9,3000,0,423000
SBIN30Jan20360PE.NFO,07/01/2020,12:48:54,39.75,39.4,6000,39.8,3000,0,423000
SBIN30Jan20360PE.NFO,07/01/2020,12:49:04,39.75,39.5,3000,39.9,3000,0,423000
SBIN30Jan20360PE.NFO,07/01/2020,12:49:14,39.75,39.4,6000,40.15,9000,0,423000
SBIN30Jan20360PE.NFO,07/01/2020,12:49:24,39.75,39.45,3000,39.9,3000,0,423000
SBIN30Jan20360PE.NFO,07/01/2020,12:49:28,39.75,39.5,6000,39.9,3000,0,423000
SBIN30Jan20360PE.NFO,07/01/2020,12:49:31,39.75,39.5,6000,40.15,9000,0,423000
SBIN30Jan20360PE.NFO,07/01/2020,12:49:46,39.75,39.4,9000,40.15,9000,0,423000
SBIN30Jan20360PE.NFO,07/01/2020,12:49:54,39.75,39.4,6000,40.15,9000,0,423000
SBIN30Jan20360PE.NFO,07/01/2020,12:50:02,39.75,39.45,3000,40.15,9000,0,423000
SBIN30Jan20360PE.NFO,07/01/2020,12:50:05,39.75,39.35,12000,40.15,9000,0,423000
SBIN30Jan20360PE.NFO,07/01/2020,12:50:13,39.75,39.35,15000,40.15,9000,0,423000
SBIN30Jan20360PE.NFO,07/01/2020,12:50:22,39.75,39.35,12000,40.15,9000,0,423000
SBIN30Jan20360PE.NFO,07/01/2020,12:50:27,39.75,39.35,12000,40,3000,0,423000
SBIN30Jan20360PE.NFO,07/01/2020,12:50:38,39.75,39.35,15000,40,3000,0,423000
SBIN30Jan20360PE.NFO,07/01/2020,12:50:41,39.75,39.35,12000,40,3000,0,423000
SBIN30Jan20360PE.NFO,07/01/2020,12:50:54,39.75,39.35,15000,40,3000,0,423000
SBIN30Jan20360PE.NFO,07/01/2020,12:51:00,39.75,39.5,6000,40,3000,0,423000
SBIN30Jan20360PE.NFO,07/01/2020,12:51:07,39.75,39.55,3000,40,3000,0,423000
SBIN30Jan20360PE.NFO,07/01/2020,12:51:13,39.75,39.5,12000,40,3000,0,423000
SBIN30Jan20360PE.NFO,07/01/2020,12:51:35,39.75,39.5,15000,40.15,3000,0,423000
SBIN30Jan20360PE.NFO,07/01/2020,12:51:38,39.75,39.65,6000,40.1,3000,0,423000
SBIN30Jan20360PE.NFO,07/01/2020,12:51:41,39.75,39.65,6000,40.05,3000,0,423000
SBIN30Jan20360PE.NFO,07/01/2020,12:51:53,39.75,39.55,9000,40.05,3000,0,423000
SBIN30Jan20360PE.NFO,07/01/2020,12:51:56,39.75,39.65,6000,40.05,3000,0,423000
SBIN30Jan20360PE.NFO,07/01/2020,12:52:03,39.75,39.65,6000,40.15,6000,0,423000
SBIN30Jan20360PE.NFO,07/01/2020,12:52:05,39.65,39.65,3000,40.15,6000,3000,423000
SBIN30Jan20360PE.NFO,07/01/2020,12:52:09,39.65,39.7,3000,40.15,6000,0,423000
SBIN30Jan20360PE.NFO,07/01/2020,12:52:12,39.65,39.65,3000,40.15,6000,0,423000
SBIN30Jan20360PE.NFO,07/01/2020,12:52:24,39.65,39.75,3000,40.25,3000,0,423000
SBIN30Jan20360PE.NFO,07/01/2020,12:52:44,39.65,39.8,3000,40.25,3000,0,423000
SBIN30Jan20360PE.NFO,07/01/2020,12:52:48,39.65,39.9,3000,40.4,3000,0,423000
SBIN30Jan20360PE.NFO,07/01/2020,12:52:51,39.65,39.8,3000,40.3,3000,0,423000
SBIN30Jan20360PE.NFO,07/01/2020,12:52:54,39.65,39.75,6000,40.35,3000,0,423000
SBIN30Jan20360PE.NFO,07/01/2020,12:52:57,39.65,39.8,3000,40.4,6000,0,423000
SBIN30Jan20360PE.NFO,07/01/2020,12:53:00,39.65,39.8,3000,40.3,3000,0,423000
SBIN30Jan20360PE.NFO,07/01/2020,12:53:03,39.65,39.8,3000,40.75,9000,0,423000
SBIN30Jan20360PE.NFO,07/01/2020,12:53:07,39.65,39.85,6000,40.4,3000,0,423000
SBIN30Jan20360PE.NFO,07/01/2020,12:53:13,39.65,39.9,3000,40.4,3000,0,423000
SBIN30Jan20360PE.NFO,07/01/2020,12:53:16,39.65,39.95,6000,40.4,3000,0,423000
SBIN30Jan20360PE.NFO,07/01/2020,12:53:19,39.65,39.95,6000,40.45,3000,0,423000
SBIN30Jan20360PE.NFO,07/01/2020,12:53:25,39.65,39.9,6000,40.45,3000,0,423000
SBIN30Jan20360PE.NFO,07/01/2020,12:53:30,39.65,39.85,3000,40.35,3000,0,423000
SBIN30Jan20360PE.NFO,07/01/2020,12:53:34,39.65,39.8,6000,40.7,6000,0,423000
SBIN30Jan20360PE.NFO,07/01/2020,12:53:38,39.65,39.8,6000,40.4,3000,0,423000
SBIN30Jan20360PE.NFO,07/01/2020,12:53:40,39.65,39.8,6000,40.35,3000,0,423000
SBIN30Jan20360PE.NFO,07/01/2020,12:54:02,39.65,39.9,6000,40.35,3000,0,423000
SBIN30Jan20360PE.NFO,07/01/2020,12:54:07,39.65,39.9,6000,40.8,15000,0,423000
SBIN30Jan20360PE.NFO,07/01/2020,12:54:18,39.65,39.9,6000,40.5,3000,0,423000
SBIN30Jan20360PE.NFO,07/01/2020,12:54:21,39.65,40.05,6000,40.55,6000,0,423000
SBIN30Jan20360PE.NFO,07/01/2020,12:54:23,39.65,39.95,9000,40.5,3000,0,423000
SBIN30Jan20360PE.NFO,07/01/2020,12:54:27,39.65,40,3000,40.45,3000,0,423000
SBIN30Jan20360PE.NFO,07/01/2020,12:54:31,39.65,39.9,6000,40.45,3000,0,423000
SBIN30Jan20360PE.NFO,07/01/2020,12:54:35,39.65,39.9,6000,40.35,3000,0,423000
SBIN30Jan20360PE.NFO,07/01/2020,12:54:37,39.65,39.85,9000,40.35,3000,0,423000
SBIN30Jan20360PE.NFO,07/01/2020,12:54:40,39.65,39.9,3000,40.35,3000,0,423000
SBIN30Jan20360PE.NFO,07/01/2020,12:54:43,39.65,39.95,6000,40.35,3000,0,423000
SBIN30Jan20360PE.NFO,07/01/2020,12:54:51,39.65,39.65,12000,40.25,6000,0,423000
SBIN30Jan20360PE.NFO,07/01/2020,12:55:15,39.65,39.8,6000,40.25,3000,0,423000
SBIN30Jan20360PE.NFO,07/01/2020,12:55:23,39.65,39.9,9000,40.55,3000,0,423000
SBIN30Jan20360PE.NFO,07/01/2020,12:55:27,39.65,40,6000,40.4,3000,0,423000
SBIN30Jan20360PE.NFO,07/01/2020,12:55:30,39.65,39.9,12000,40.4,3000,0,423000
SBIN30Jan20360PE.NFO,07/01/2020,12:55:33,39.65,39.9,6000,40.4,3000,0,423000
SBIN30Jan20360PE.NFO,07/01/2020,12:55:42,39.65,40,6000,40.4,3000,0,423000
SBIN30Jan20360PE.NFO,07/01/2020,12:56:16,39.65,39.9,12000,40.4,3000,0,423000
SBIN30Jan20360PE.NFO,07/01/2020,12:56:21,39.65,39.95,3000,40.4,3000,0,423000
SBIN30Jan20360PE.NFO,07/01/2020,12:56:24,39.65,40,9000,40.4,3000,0,423000
SBIN30Jan20360PE.NFO,07/01/2020,12:56:29,39.65,40,6000,40.4,3000,0,423000
SBIN30Jan20360PE.NFO,07/01/2020,12:56:37,39.65,39.9,12000,40.4,3000,0,423000
SBIN30Jan20360PE.NFO,07/01/2020,12:56:52,39.65,39.9,15000,40.6,3000,0,423000
SBIN30Jan20360PE.NFO,07/01/2020,12:56:55,39.65,40.05,9000,40.55,3000,0,423000
SBIN30Jan20360PE.NFO,07/01/2020,12:57:18,39.65,40.15,6000,40.55,3000,0,423000
SBIN30Jan20360PE.NFO,07/01/2020,12:57:21,39.65,40.1,6000,40.55,3000,0,423000
SBIN30Jan20360PE.NFO,07/01/2020,12:57:29,39.65,40.2,6000,40.55,3000,0,423000
SBIN30Jan20360PE.NFO,07/01/2020,12:57:34,39.65,40.2,6000,40.85,12000,0,423000
SBIN30Jan20360PE.NFO,07/01/2020,12:57:40,39.65,40.3,6000,40.85,12000,0,423000
SBIN30Jan20360PE.NFO,07/01/2020,12:57:45,39.65,40.3,6000,41.05,6000,0,423000
SBIN30Jan20360PE.NFO,07/01/2020,12:57:51,39.65,40.25,3000,40.75,3000,0,423000
SBIN30Jan20360PE.NFO,07/01/2020,12:57:55,39.65,40.3,6000,40.75,3000,0,423000
SBIN30Jan20360PE.NFO,07/01/2020,12:57:59,39.65,40.4,6000,40.75,3000,0,423000
SBIN30Jan20360PE.NFO,07/01/2020,12:58:03,39.65,40.4,6000,41,6000,0,423000
SBIN30Jan20360PE.NFO,07/01/2020,12:58:07,39.65,40.4,6000,40.85,3000,0,423000
SBIN30Jan20360PE.NFO,07/01/2020,12:58:13,39.65,40.4,9000,41,3000,0,423000
SBIN30Jan20360PE.NFO,07/01/2020,12:58:18,39.65,40.6,6000,41.1,6000,0,423000
SBIN30Jan20360PE.NFO,07/01/2020,12:58:27,39.65,40.5,6000,41,6000,0,423000
SBIN30Jan20360PE.NFO,07/01/2020,12:58:32,39.65,40.35,6000,40.9,3000,0,423000
SBIN30Jan20360PE.NFO,07/01/2020,12:58:37,39.65,40.35,6000,40.8,3000,0,423000
SBIN30Jan20360PE.NFO,07/01/2020,12:58:42,39.65,40.45,6000,40.9,3000,0,423000
SBIN30Jan20360PE.NFO,07/01/2020,12:58:45,39.65,40.35,12000,40.9,3000,0,423000
SBIN30Jan20360PE.NFO,07/01/2020,12:58:49,39.65,40.45,9000,40.9,3000,0,423000
SBIN30Jan20360PE.NFO,07/01/2020,12:58:53,39.65,40.45,6000,40.9,3000,0,423000
SBIN30Jan20360PE.NFO,07/01/2020,12:59:06,39.65,40.35,12000,40.9,3000,0,423000
SBIN30Jan20360PE.NFO,07/01/2020,12:59:10,39.65,40.35,9000,40.9,3000,0,423000
SBIN30Jan20360PE.NFO,07/01/2020,12:59:20,39.65,40.45,6000,40.9,3000,0,423000
SBIN30Jan20360PE.NFO,07/01/2020,12:59:27,39.65,40.55,6000,41.25,9000,0,423000
SBIN30Jan20360PE.NFO,07/01/2020,12:59:31,39.65,40.45,3000,41,3000,0,423000
SBIN30Jan20360PE.NFO,07/01/2020,12:59:34,39.65,40.5,6000,40.9,3000,0,423000
SBIN30Jan20360PE.NFO,07/01/2020,12:59:38,39.65,40.5,6000,41,3000,0,423000
SBIN30Jan20360PE.NFO,07/01/2020,12:59:45,39.65,40.6,6000,41,3000,0,423000
SBIN30Jan20360PE.NFO,07/01/2020,12:59:52,39.65,40.7,6000,41.25,12000,0,423000
SBIN30Jan20360PE.NFO,07/01/2020,13:00:04,39.65,40.75,6000,41.25,3000,0,423000
SBIN30Jan20360PE.NFO,07/01/2020,13:00:08,39.65,40.9,6000,41.5,12000,0,423000
SBIN30Jan20360PE.NFO,07/01/2020,13:00:16,39.65,40.9,6000,41.45,3000,0,423000
SBIN30Jan20360PE.NFO,07/01/2020,13:00:24,39.65,40.95,6000,41.5,6000,0,423000
SBIN30Jan20360PE.NFO,07/01/2020,13:00:29,39.65,40.95,6000,41.4,3000,0,423000
SBIN30Jan20360PE.NFO,07/01/2020,13:00:34,39.65,40.9,9000,41.9,21000,0,423000
SBIN30Jan20360PE.NFO,07/01/2020,13:00:38,39.65,41.1,6000,41.65,6000,0,423000
SBIN30Jan20360PE.NFO,07/01/2020,13:00:43,39.65,41,6000,41.6,3000,0,423000
SBIN30Jan20360PE.NFO,07/01/2020,13:00:47,39.65,40.85,6000,41.45,3000,0,423000
SBIN30Jan20360PE.NFO,07/01/2020,13:00:52,39.65,41,3000,41.5,3000,0,423000
SBIN30Jan20360PE.NFO,07/01/2020,13:00:57,39.65,40.9,6000,41.5,3000,0,423000
SBIN30Jan20360PE.NFO,07/01/2020,13:01:02,39.65,41,6000,41.65,6000,0,423000
SBIN30Jan20360PE.NFO,07/01/2020,13:01:08,39.65,41.1,6000,41.5,3000,0,423000
SBIN30Jan20360PE.NFO,07/01/2020,13:01:12,39.65,41.05,3000,41.5,3000,0,423000
SBIN30Jan20360PE.NFO,07/01/2020,13:01:13,39.65,41,9000,41.5,3000,0,423000
SBIN30Jan20360PE.NFO,07/01/2020,13:01:14,39.65,41.05,3000,41.5,3000,0,423000
SBIN30Jan20360PE.NFO,07/01/2020,13:01:15,39.65,41.1,6000,41.5,3000,0,423000
SBIN30Jan20360PE.NFO,07/01/2020,13:01:17,39.65,41.1,6000,42.1,24000,0,423000
SBIN30Jan20360PE.NFO,07/01/2020,13:01:17,39.65,41.65,6000,42.25,3000,0,423000
SBIN30Jan20360PE.NFO,07/01/2020,13:01:20,39.65,41.65,6000,42.15,3000,0,423000
SBIN30Jan20360PE.NFO,07/01/2020,13:01:21,39.65,41.55,3000,42.1,6000,0,423000
SBIN30Jan20360PE.NFO,07/01/2020,13:01:22,39.65,41.5,6000,42.05,6000,0,423000
SBIN30Jan20360PE.NFO,07/01/2020,13:01:23,39.65,41.5,6000,42.05,3000,0,423000
SBIN30Jan20360PE.NFO,07/01/2020,13:01:24,39.65,41.4,9000,42,3000,0,423000
SBIN30Jan20360PE.NFO,07/01/2020,13:01:25,39.65,41.4,9000,41.95,3000,0,423000
SBIN30Jan20360PE.NFO,07/01/2020,13:01:25,39.65,41.45,3000,41.95,3000,0,423000
SBIN30Jan20360PE.NFO,07/01/2020,13:01:26,39.65,41.45,6000,41.95,3000,0,423000
SBIN30Jan20360PE.NFO,07/01/2020,13:01:27,39.65,41.55,6000,41.95,3000,0,423000
SBIN30Jan20360PE.NFO,07/01/2020,13:01:30,39.65,41.35,9000,41.95,3000,0,423000
SBIN30Jan20360PE.NFO,07/01/2020,13:01:31,39.65,41.4,3000,42.5,18000,0,423000
SBIN30Jan20360PE.NFO,07/01/2020,13:01:32,39.65,41.45,12000,42.1,6000,0,423000
SBIN30Jan20360PE.NFO,07/01/2020,13:01:33,39.65,41.45,12000,42.05,6000,0,423000
SBIN30Jan20360PE.NFO,07/01/2020,13:01:34,39.65,41.45,6000,42.05,6000,0,423000
SBIN30Jan20360PE.NFO,07/01/2020,13:01:35,39.65,41.35,6000,41.95,6000,0,423000
SBIN30Jan20360PE.NFO,07/01/2020,13:01:45,39.65,41.4,3000,41.95,6000,0,423000
SBIN30Jan20360PE.NFO,07/01/2020,13:01:46,39.65,41.45,6000,41.95,6000,0,423000
SBIN30Jan20360PE.NFO,07/01/2020,13:01:48,39.65,41.35,12000,41.95,6000,0,423000
SBIN30Jan20360PE.NFO,07/01/2020,13:01:48,39.65,41.4,3000,41.95,3000,0,423000
SBIN30Jan20360PE.NFO,07/01/2020,13:01:49,39.65,41.5,6000,41.95,3000,0,423000
SBIN30Jan20360PE.NFO,07/01/2020,13:01:51,39.65,41.4,6000,41.95,3000,0,423000
SBIN30Jan20360PE.NFO,07/01/2020,13:01:52,39.65,41.4,6000,41.9,3000,0,423000
SBIN30Jan20360PE.NFO,07/01/2020,13:01:53,39.65,41.4,6000,41.85,3000,0,423000
SBIN30Jan20360PE.NFO,07/01/2020,13:01:55,39.65,41.35,6000,41.85,3000,0,423000
SBIN30Jan20360PE.NFO,07/01/2020,13:02:00,39.65,41.25,9000,41.85,3000,0,423000
SBIN30Jan20360PE.NFO,07/01/2020,13:02:02,39.65,41.3,3000,41.85,3000,0,423000
SBIN30Jan20360PE.NFO,07/01/2020,13:02:03,39.65,41.05,12000,41.75,6000,0,423000
SBIN30Jan20360PE.NFO,07/01/2020,13:02:05,39.65,41.2,3000,41.75,3000,0,423000
SBIN30Jan20360PE.NFO,07/01/2020,13:02:06,39.65,41.15,12000,41.75,3000,0,423000
SBIN30Jan20360PE.NFO,07/01/2020,13:02:07,39.65,41.15,9000,41.75,3000,0,423000
SBIN30Jan20360PE.NFO,07/01/2020,13:02:08,39.65,41.05,9000,41.7,3000,0,423000
SBIN30Jan20360PE.NFO,07/01/2020,13:02:09,39.65,41.1,3000,41.65,3000,0,423000
SBIN30Jan20360PE.NFO,07/01/2020,13:02:10,39.65,41.2,3000,41.65,3000,0,423000
SBIN30Jan20360PE.NFO,07/01/2020,13:02:15,39.65,41.25,6000,41.65,3000,0,423000
SBIN30Jan20360PE.NFO,07/01/2020,13:02:20,39.65,41.2,3000,41.65,3000,0,423000
SBIN30Jan20360PE.NFO,07/01/2020,13:02:24,39.65,41.25,6000,41.65,3000,0,423000
SBIN30Jan20360PE.NFO,07/01/2020,13:02:30,39.65,41.15,9000,41.65,3000,0,423000
SBIN30Jan20360PE.NFO,07/01/2020,13:02:35,39.65,41.15,6000,41.65,3000,0,423000
SBIN30Jan20360PE.NFO,07/01/2020,13:02:46,39.65,41.15,9000,41.65,3000,0,423000
SBIN30Jan20360PE.NFO,07/01/2020,13:02:51,39.65,41.15,6000,41.65,3000,0,423000
SBIN30Jan20360PE.NFO,07/01/2020,13:02:55,39.65,41.15,3000,41.55,3000,0,423000
SBIN30Jan20360PE.NFO,07/01/2020,13:03:04,39.65,41.15,9000,41.9,9000,0,423000
SBIN30Jan20360PE.NFO,07/01/2020,13:03:08,39.65,41.25,6000,41.65,3000,0,423000
SBIN30Jan20360PE.NFO,07/01/2020,13:03:12,39.65,41.15,3000,41.65,3000,0,423000
SBIN30Jan20360PE.NFO,07/01/2020,13:03:22,39.65,41.05,3000,41.9,18000,0,423000
SBIN30Jan20360PE.NFO,07/01/2020,13:03:27,39.65,41.05,6000,41.55,6000,0,423000
SBIN30Jan20360PE.NFO,07/01/2020,13:03:31,39.65,41.05,6000,41.45,3000,0,423000
SBIN30Jan20360PE.NFO,07/01/2020,13:03:41,39.65,40.95,12000,41.45,3000,0,423000
SBIN30Jan20360PE.NFO,07/01/2020,13:03:44,39.65,41,9000,41.75,12000,0,423000
SBIN30Jan20360PE.NFO,07/01/2020,13:03:48,39.65,41.15,6000,41.6,3000,0,423000
SBIN30Jan20360PE.NFO,07/01/2020,13:03:56,39.65,41.05,3000,41.5,3000,0,423000
SBIN30Jan20360PE.NFO,07/01/2020,13:04:04,39.65,41.1,3000,41.5,3000,0,423000
SBIN30Jan20360PE.NFO,07/01/2020,13:04:08,39.65,41.15,6000,41.5,3000,0,423000
SBIN30Jan20360PE.NFO,07/01/2020,13:04:11,39.65,41.15,6000,42.05,24000,0,423000
SBIN30Jan20360PE.NFO,07/01/2020,13:04:14,39.65,41.1,3000,41.6,3000,0,423000
SBIN30Jan20360PE.NFO,07/01/2020,13:04:18,39.65,41.2,3000,41.6,3000,0,423000
SBIN30Jan20360PE.NFO,07/01/2020,13:04:29,39.65,41.15,3000,41.6,3000,0,423000
SBIN30Jan20360PE.NFO,07/01/2020,13:04:35,39.65,41.25,6000,41.6,3000,0,423000
SBIN30Jan20360PE.NFO,07/01/2020,13:04:39,39.65,41.2,9000,41.6,3000,0,423000
SBIN30Jan20360PE.NFO,07/01/2020,13:04:43,39.65,41.3,6000,41.8,6000,0,423000
SBIN30Jan20360PE.NFO,07/01/2020,13:04:51,39.65,41.35,3000,41.85,3000,0,423000
SBIN30Jan20360PE.NFO,07/01/2020,13:04:57,39.65,41.35,3000,41.75,3000,0,423000
SBIN30Jan20360PE.NFO,07/01/2020,13:05:03,39.65,41.45,6000,41.9,3000,0,423000
SBIN30Jan20360PE.NFO,07/01/2020,13:05:09,39.65,41.45,6000,41.95,3000,0,423000
SBIN30Jan20360PE.NFO,07/01/2020,13:05:15,39.65,41.35,6000,41.75,3000,0,423000
SBIN30Jan20360PE.NFO,07/01/2020,13:05:26,39.65,41.35,6000,41.95,6000,0,423000
SBIN30Jan20360PE.NFO,07/01/2020,13:05:31,39.65,41.35,12000,41.95,3000,0,423000
SBIN30Jan20360PE.NFO,07/01/2020,13:05:37,39.65,41.35,9000,41.85,3000,0,423000
SBIN30Jan20360PE.NFO,07/01/2020,13:05:42,39.65,41.4,3000,41.85,3000,0,423000
SBIN30Jan20360PE.NFO,07/01/2020,13:05:47,39.65,41.3,9000,41.8,3000,0,423000
SBIN30Jan20360PE.NFO,07/01/2020,13:05:52,39.65,41.5,3000,41.9,3000,0,423000
SBIN30Jan20360PE.NFO,07/01/2020,13:05:58,39.65,41.5,3000,42.05,6000,0,423000
SBIN30Jan20360PE.NFO,07/01/2020,13:06:04,39.65,41.25,9000,41.8,3000,0,423000
SBIN30Jan20360PE.NFO,07/01/2020,13:06:10,39.65,41.55,3000,42,3000,0,423000
SBIN30Jan20360PE.NFO,07/01/2020,13:06:15,39.65,41.6,6000,42.25,3000,0,423000
SBIN30Jan20360PE.NFO,07/01/2020,13:06:21,39.65,41.55,6000,42.1,3000,0,423000
SBIN30Jan20360PE.NFO,07/01/2020,13:06:26,39.65,41.6,6000,42.3,9000,0,423000
SBIN30Jan20360PE.NFO,07/01/2020,13:06:32,39.65,41.65,6000,42.3,9000,0,423000
SBIN30Jan20360PE.NFO,07/01/2020,13:06:38,39.65,41.65,6000,42.15,3000,0,423000
SBIN30Jan20360PE.NFO,07/01/2020,13:06:43,39.65,41.7,3000,42.15,3000,0,423000
SBIN30Jan20360PE.NFO,07/01/2020,13:06:48,39.65,41.65,12000,42.15,3000,0,423000
SBIN30Jan20360PE.NFO,07/01/2020,13:06:52,39.65,41.6,3000,42.05,3000,0,423000
SBIN30Jan20360PE.NFO,07/01/2020,13:06:57,39.65,41.65,3000,42.1,3000,0,423000
SBIN30Jan20360PE.NFO,07/01/2020,13:07:02,39.65,41.7,3000,42.1,3000,0,423000
SBIN30Jan20360PE.NFO,07/01/2020,13:07:08,39.65,41.55,3000,42.1,3000,0,423000
SBIN30Jan20360PE.NFO,07/01/2020,13:07:14,39.65,41.6,6000,42.1,3000,0,423000
SBIN30Jan20360PE.NFO,07/01/2020,13:07:19,39.65,41.55,6000,42,3000,0,423000
SBIN30Jan20360PE.NFO,07/01/2020,13:07:30,39.65,41.55,3000,42,3000,0,423000
SBIN30Jan20360PE.NFO,07/01/2020,13:07:36,39.65,41.45,9000,42,3000,0,423000
SBIN30Jan20360PE.NFO,07/01/2020,13:07:41,39.65,41.5,3000,42,3000,0,423000
SBIN30Jan20360PE.NFO,07/01/2020,13:07:46,39.65,41.55,6000,42,3000,0,423000
SBIN30Jan20360PE.NFO,07/01/2020,13:07:51,39.65,41.65,6000,42,3000,0,423000
SBIN30Jan20360PE.NFO,07/01/2020,13:07:56,39.65,41.7,6000,42.3,12000,0,423000
SBIN30Jan20360PE.NFO,07/01/2020,13:08:03,39.65,41.7,9000,42.3,6000,0,423000
SBIN30Jan20360PE.NFO,07/01/2020,13:08:11,39.65,41.95,3000,42.55,6000,0,423000
SBIN30Jan20360PE.NFO,07/01/2020,13:08:18,39.65,42.05,3000,43.1,18000,0,423000
SBIN30Jan20360PE.NFO,07/01/2020,13:08:25,39.65,42.1,3000,43.1,18000,0,423000
SBIN30Jan20360PE.NFO,07/01/2020,13:08:33,39.65,42.2,6000,42.8,6000,0,423000
SBIN30Jan20360PE.NFO,07/01/2020,13:08:40,39.65,42.25,3000,43.1,6000,0,423000
SBIN30Jan20360PE.NFO,07/01/2020,13:08:46,39.65,42.3,6000,42.95,6000,0,423000
SBIN30Jan20360PE.NFO,07/01/2020,13:08:52,39.65,42.3,6000,42.85,3000,0,423000
SBIN30Jan20360PE.NFO,07/01/2020,13:08:59,39.65,42.4,6000,43.1,6000,0,423000
SBIN30Jan20360PE.NFO,07/01/2020,13:09:04,39.65,42.45,3000,43.4,15000,0,423000
SBIN30Jan20360PE.NFO,07/01/2020,13:09:12,39.65,42.45,9000,43.1,3000,0,423000
SBIN30Jan20360PE.NFO,07/01/2020,13:09:20,39.65,42.6,3000,43.05,3000,0,423000
SBIN30Jan20360PE.NFO,07/01/2020,13:09:27,39.65,42.55,6000,43.15,6000,0,423000
SBIN30Jan20360PE.NFO,07/01/2020,13:09:35,39.65,42.5,6000,43.05,3000,0,423000
SBIN30Jan20360PE.NFO,07/01/2020,13:09:42,39.65,42.65,6000,43.35,12000,0,423000
SBIN30Jan20360PE.NFO,07/01/2020,13:09:48,39.65,42.35,9000,43,6000,0,423000
SBIN30Jan20360PE.NFO,07/01/2020,13:09:54,39.65,42.35,9000,43.3,6000,0,423000
SBIN30Jan20360PE.NFO,07/01/2020,13:10:01,39.65,42.45,3000,42.95,3000,0,423000
SBIN30Jan20360PE.NFO,07/01/2020,13:10:07,39.65,42.35,6000,43.1,6000,0,423000
SBIN30Jan20360PE.NFO,07/01/2020,13:10:14,39.65,42.45,6000,42.95,3000,0,423000
SBIN30Jan20360PE.NFO,07/01/2020,13:10:21,39.65,42.55,3000,42.95,3000,0,423000
SBIN30Jan20360PE.NFO,07/01/2020,13:10:26,39.65,42.5,6000,42.95,3000,0,423000
SBIN30Jan20360PE.NFO,07/01/2020,13:10:31,39.65,42.3,3000,42.85,3000,0,423000
SBIN30Jan20360PE.NFO,07/01/2020,13:10:37,39.65,42.45,3000,42.85,3000,0,423000
SBIN30Jan20360PE.NFO,07/01/2020,13:10:42,39.65,42.4,12000,42.85,3000,0,423000
SBIN30Jan20360PE.NFO,07/01/2020,13:10:47,39.65,42.4,3000,42.85,3000,0,423000
SBIN30Jan20360PE.NFO,07/01/2020,13:10:52,39.65,42.45,3000,43.05,6000,0,423000
SBIN30Jan20360PE.NFO,07/01/2020,13:10:56,39.65,42.45,9000,43.05,6000,0,423000
SBIN30Jan20360PE.NFO,07/01/2020,13:11:01,39.65,42.55,3000,43.05,6000,0,423000
SBIN30Jan20360PE.NFO,07/01/2020,13:11:07,39.65,42.45,3000,43.05,6000,0,423000
SBIN30Jan20360PE.NFO,07/01/2020,13:11:12,39.65,42.55,3000,43.05,6000,0,423000
SBIN30Jan20360PE.NFO,07/01/2020,13:11:17,39.65,42.45,6000,43.05,6000,0,423000
SBIN30Jan20360PE.NFO,07/01/2020,13:11:22,39.65,42.6,3000,43.05,6000,0,423000
SBIN30Jan20360PE.NFO,07/01/2020,13:11:30,39.65,42.5,3000,43.05,6000,0,423000
SBIN30Jan20360PE.NFO,07/01/2020,13:11:34,39.65,42.6,3000,43.05,6000,0,423000
SBIN30Jan20360PE.NFO,07/01/2020,13:11:39,39.65,42.5,3000,43.05,6000,0,423000
SBIN30Jan20360PE.NFO,07/01/2020,13:11:48,39.65,42.5,9000,43.05,3000,0,423000
SBIN30Jan20360PE.NFO,07/01/2020,13:11:52,39.65,42.6,3000,43.05,3000,0,423000
SBIN30Jan20360PE.NFO,07/01/2020,13:11:56,39.65,42.5,3000,43.05,3000,0,423000
SBIN30Jan20360PE.NFO,07/01/2020,13:12:03,39.65,42.45,3000,42.95,3000,0,423000
SBIN30Jan20360PE.NFO,07/01/2020,13:12:09,39.65,42.25,6000,43,6000,0,423000
SBIN30Jan20360PE.NFO,07/01/2020,13:12:14,39.65,42.3,3000,43,6000,0,423000
SBIN30Jan20360PE.NFO,07/01/2020,13:12:19,39.65,42.3,3000,42.9,6000,0,423000
SBIN30Jan20360PE.NFO,07/01/2020,13:12:28,39.65,42.25,3000,42.9,6000,0,423000
SBIN30Jan20360PE.NFO,07/01/2020,13:12:37,39.65,42.2,3000,42.9,6000,0,423000
SBIN30Jan20360PE.NFO,07/01/2020,13:12:46,39.65,42.1,3000,42.7,6000,0,423000
SBIN30Jan20360PE.NFO,07/01/2020,13:12:51,39.65,42.15,3000,42.7,6000,0,423000
SBIN30Jan20360PE.NFO,07/01/2020,13:12:54,39.65,42.2,3000,42.7,6000,0,423000
SBIN30Jan20360PE.NFO,07/01/2020,13:12:59,39.65,42.25,3000,42.7,6000,0,423000
SBIN30Jan20360PE.NFO,07/01/2020,13:13:03,39.65,42.1,6000,42.7,6000,0,423000
SBIN30Jan20360PE.NFO,07/01/2020,13:13:07,39.65,42.1,3000,42.7,6000,0,423000
SBIN30Jan20360PE.NFO,07/01/2020,13:13:11,39.65,42.15,3000,42.7,6000,0,423000
SBIN30Jan20360PE.NFO,07/01/2020,13:13:20,39.65,42.1,3000,42.7,6000,0,423000
SBIN30Jan20360PE.NFO,07/01/2020,13:13:23,39.65,42.15,3000,42.7,6000,0,423000
SBIN30Jan20360PE.NFO,07/01/2020,13:13:28,39.65,42.25,3000,42.7,6000,0,423000
SBIN30Jan20360PE.NFO,07/01/2020,13:13:34,39.65,42.3,3000,42.9,6000,0,423000
SBIN30Jan20360PE.NFO,07/01/2020,13:13:38,39.65,42.2,6000,42.9,6000,0,423000
SBIN30Jan20360PE.NFO,07/01/2020,13:13:43,39.65,42.1,6000,42.8,6000,0,423000
SBIN30Jan20360PE.NFO,07/01/2020,13:13:47,39.65,42.25,3000,42.8,6000,0,423000
SBIN30Jan20360PE.NFO,07/01/2020,13:13:52,39.65,42.45,3000,42.8,3000,0,423000
SBIN30Jan20360PE.NFO,07/01/2020,13:13:57,39.65,42.3,3000,42.8,3000,0,423000
SBIN30Jan20360PE.NFO,07/01/2020,13:14:07,39.65,42.35,3000,42.8,3000,0,423000
SBIN30Jan20360PE.NFO,07/01/2020,13:14:13,39.65,42.3,6000,42.8,3000,0,423000
SBIN30Jan20360PE.NFO,07/01/2020,13:14:18,39.65,42.4,3000,42.8,3000,0,423000
SBIN30Jan20360PE.NFO,07/01/2020,13:14:26,39.65,42.45,6000,43.25,12000,0,423000
SBIN30Jan20360PE.NFO,07/01/2020,13:14:44,39.65,42.45,3000,43.25,12000,0,423000
SBIN30Jan20360PE.NFO,07/01/2020,13:14:48,39.65,42.55,3000,43.25,12000,0,423000
SBIN30Jan20360PE.NFO,07/01/2020,13:15:09,39.65,42.8,3000,43.25,3000,0,423000
SBIN30Jan20360PE.NFO,07/01/2020,13:15:17,39.65,42.6,9000,43.75,6000,0,423000
SBIN30Jan20360PE.NFO,07/01/2020,13:15:25,39.65,42.6,12000,43.95,6000,0,423000
SBIN30Jan20360PE.NFO,07/01/2020,13:15:50,39.65,42.6,12000,43.95,3000,0,423000
SBIN30Jan20360PE.NFO,07/01/2020,13:16:01,39.65,42.6,12000,43.8,6000,0,423000
SBIN30Jan20360PE.NFO,07/01/2020,13:16:07,39.65,42.6,12000,43.8,3000,0,423000
SBIN30Jan20360PE.NFO,07/01/2020,13:16:14,39.65,42.6,12000,43.95,6000,0,423000
SBIN30Jan20360PE.NFO,07/01/2020,13:16:20,39.65,42.6,12000,43.8,6000,0,423000
SBIN30Jan20360PE.NFO,07/01/2020,13:16:25,39.65,42.6,12000,43.5,3000,0,423000
SBIN30Jan20360PE.NFO,07/01/2020,13:16:36,39.65,42.6,9000,43.4,6000,0,423000
SBIN30Jan20360PE.NFO,07/01/2020,13:16:42,39.65,42.6,9000,43.4,3000,0,423000
SBIN30Jan20360PE.NFO,07/01/2020,13:16:57,39.65,42.6,6000,43.4,3000,0,423000
SBIN30Jan20360PE.NFO,07/01/2020,13:17:01,39.65,42.6,6000,43.6,6000,0,423000
SBIN30Jan20360PE.NFO,07/01/2020,13:17:06,39.65,42.9,6000,43.55,3000,0,423000
SBIN30Jan20360PE.NFO,07/01/2020,13:17:10,39.65,42.9,6000,43.45,3000,0,423000
SBIN30Jan20360PE.NFO,07/01/2020,13:17:22,39.65,42.9,6000,43.65,6000,0,423000
SBIN30Jan20360PE.NFO,07/01/2020,13:17:28,39.65,43,6000,43.85,3000,0,423000
SBIN30Jan20360PE.NFO,07/01/2020,13:17:35,39.65,43,6000,43.8,6000,0,423000
SBIN30Jan20360PE.NFO,07/01/2020,13:17:50,39.65,43.1,6000,43.8,6000,0,423000
SBIN30Jan20360PE.NFO,07/01/2020,13:17:54,39.65,43.1,6000,43.7,3000,0,423000
SBIN30Jan20360PE.NFO,07/01/2020,13:18:13,39.65,43.1,6000,44.2,12000,0,423000
SBIN30Jan20360PE.NFO,07/01/2020,13:18:20,39.65,43.2,6000,43.75,3000,0,423000
SBIN30Jan20360PE.NFO,07/01/2020,13:18:26,39.65,43.2,3000,43.8,6000,0,423000
SBIN30Jan20360PE.NFO,07/01/2020,13:18:33,39.65,42.65,9000,43.6,6000,0,423000
SBIN30Jan20360PE.NFO,07/01/2020,13:18:39,39.65,43,6000,43.6,3000,0,423000
SBIN30Jan20360PE.NFO,07/01/2020,13:18:51,39.65,43.05,3000,43.85,6000,0,423000
SBIN30Jan20360PE.NFO,07/01/2020,13:19:07,39.65,42.6,12000,43.7,6000,0,423000
SBIN30Jan20360PE.NFO,07/01/2020,13:19:14,39.65,42.6,9000,43.6,6000,0,423000
SBIN30Jan20360PE.NFO,07/01/2020,13:19:20,39.65,42.6,12000,43.6,6000,0,423000
SBIN30Jan20360PE.NFO,07/01/2020,13:19:25,39.65,42.6,12000,43.6,3000,0,423000
SBIN30Jan20360PE.NFO,07/01/2020,13:19:39,39.65,42.6,12000,44.05,6000,0,423000
SBIN30Jan20360PE.NFO,07/01/2020,13:19:43,39.65,42.6,12000,44,6000,0,423000
SBIN30Jan20360PE.NFO,07/01/2020,13:19:46,39.65,42.6,12000,43.9,6000,0,423000
SBIN30Jan20360PE.NFO,07/01/2020,13:19:56,39.65,42.6,12000,43.8,6000,0,423000
SBIN30Jan20360PE.NFO,07/01/2020,13:20:01,39.65,42.6,12000,43.6,6000,0,423000
SBIN30Jan20360PE.NFO,07/01/2020,13:20:06,39.65,42.6,9000,43.6,6000,0,423000
SBIN30Jan20360PE.NFO,07/01/2020,13:20:17,39.65,42.6,6000,43.4,6000,0,423000
SBIN30Jan20360PE.NFO,07/01/2020,13:20:29,39.65,42.6,6000,43.3,6000,0,423000
SBIN30Jan20360PE.NFO,07/01/2020,13:21:02,39.65,42.7,6000,43.9,12000,0,423000
SBIN30Jan20360PE.NFO,07/01/2020,13:21:08,39.65,42.8,6000,43.9,12000,0,423000
SBIN30Jan20360PE.NFO,07/01/2020,13:21:15,39.65,43.15,3000,43.9,6000,0,423000
SBIN30Jan20360PE.NFO,07/01/2020,13:21:24,39.65,43.2,6000,43.9,6000,0,423000
SBIN30Jan20360PE.NFO,07/01/2020,13:21:48,39.65,43.2,3000,43.9,6000,0,423000
SBIN30Jan20360PE.NFO,07/01/2020,13:21:52,39.65,42.75,6000,43.9,6000,0,423000
SBIN30Jan20360PE.NFO,07/01/2020,13:21:57,39.65,43,6000,43.9,6000,0,423000
SBIN30Jan20360PE.NFO,07/01/2020,13:22:10,39.65,43.1,6000,43.9,6000,0,423000
SBIN30Jan20360PE.NFO,07/01/2020,13:22:26,39.65,43.1,3000,43.8,6000,0,423000
SBIN30Jan20360PE.NFO,07/01/2020,13:22:39,39.65,42.75,3000,43.8,6000,0,423000
SBIN30Jan20360PE.NFO,07/01/2020,13:22:44,39.65,42.9,6000,43.8,6000,0,423000
SBIN30Jan20360PE.NFO,07/01/2020,13:22:49,39.65,43.05,3000,43.8,6000,0,423000
SBIN30Jan20360PE.NFO,07/01/2020,13:22:54,39.65,43.2,6000,43.8,6000,0,423000
SBIN30Jan20360PE.NFO,07/01/2020,13:23:05,39.65,43.2,6000,43.8,3000,0,423000
SBIN30Jan20360PE.NFO,07/01/2020,13:23:21,39.65,43.2,6000,43.7,3000,0,423000
SBIN30Jan20360PE.NFO,07/01/2020,13:23:26,39.65,43.2,3000,43.7,3000,0,423000
SBIN30Jan20360PE.NFO,07/01/2020,13:23:31,39.65,43.3,3000,43.7,3000,0,423000
SBIN30Jan20360PE.NFO,07/01/2020,13:23:44,39.65,43,3000,43.7,3000,0,423000
SBIN30Jan20360PE.NFO,07/01/2020,13:23:48,39.65,43.05,6000,43.7,3000,0,423000
SBIN30Jan20360PE.NFO,07/01/2020,13:23:52,39.65,43.25,6000,44.05,3000,0,423000
SBIN30Jan20360PE.NFO,07/01/2020,13:23:57,39.65,43.25,3000,44,6000,0,423000
SBIN30Jan20360PE.NFO,07/01/2020,13:24:07,39.65,42.8,12000,44,6000,0,423000
SBIN30Jan20360PE.NFO,07/01/2020,13:24:13,39.65,42.8,9000,43.8,6000,0,423000
SBIN30Jan20360PE.NFO,07/01/2020,13:24:40,39.65,42.8,9000,43.7,6000,0,423000
SBIN30Jan20360PE.NFO,07/01/2020,13:24:48,39.65,42.8,3000,43.5,6000,0,423000
SBIN30Jan20360PE.NFO,07/01/2020,13:24:55,39.65,42.3,57000,43.5,6000,0,423000
SBIN30Jan20360PE.NFO,07/01/2020,13:25:06,39.65,42.3,45000,43.5,6000,0,423000
SBIN30Jan20360PE.NFO,07/01/2020,13:25:12,39.65,42.3,42000,43.4,6000,0,423000
SBIN30Jan20360PE.NFO,07/01/2020,13:25:25,39.65,42.3,45000,43.4,6000,0,423000
SBIN30Jan20360PE.NFO,07/01/2020,13:25:31,39.65,42.3,42000,43.4,6000,0,423000
SBIN30Jan20360PE.NFO,07/01/2020,13:25:36,39.65,42.3,57000,43.4,6000,0,423000
SBIN30Jan20360PE.NFO,07/01/2020,13:25:42,39.65,42.3,51000,43.4,6000,0,423000
SBIN30Jan20360PE.NFO,07/01/2020,13:25:55,39.65,42.3,57000,43.4,6000,0,423000
SBIN30Jan20360PE.NFO,07/01/2020,13:26:00,39.65,42.3,45000,43.4,6000,0,423000
SBIN30Jan20360PE.NFO,07/01/2020,13:26:04,39.65,42.3,42000,43.4,6000,0,423000
SBIN30Jan20360PE.NFO,07/01/2020,13:26:12,39.65,42.3,15000,43.15,3000,0,423000
SBIN30Jan20360PE.NFO,07/01/2020,13:26:18,39.65,42.3,15000,43.1,6000,0,423000
SBIN30Jan20360PE.NFO,07/01/2020,13:26:27,39.65,42.3,6000,42.9,6000,0,423000
SBIN30Jan20360PE.NFO,07/01/2020,13:26:33,39.65,42.4,3000,42.9,6000,0,423000
SBIN30Jan20360PE.NFO,07/01/2020,13:26:38,39.65,42.2,15000,42.9,3000,0,423000
SBIN30Jan20360PE.NFO,07/01/2020,13:26:43,39.65,42.35,6000,42.8,3000,0,423000
SBIN30Jan20360PE.NFO,07/01/2020,13:26:48,39.65,42.45,6000,43.35,12000,0,423000
SBIN30Jan20360PE.NFO,07/01/2020,13:26:53,39.65,42.45,3000,43.35,12000,0,423000
SBIN30Jan20360PE.NFO,07/01/2020,13:26:58,39.65,42.2,15000,43.35,12000,0,423000
SBIN30Jan20360PE.NFO,07/01/2020,13:27:03,39.65,42.2,15000,43.05,3000,0,423000
SBIN30Jan20360PE.NFO,07/01/2020,13:27:08,39.65,42.35,6000,42.9,6000,0,423000
SBIN30Jan20360PE.NFO,07/01/2020,13:27:13,39.65,42.45,3000,42.9,3000,0,423000
SBIN30Jan20360PE.NFO,07/01/2020,13:27:17,39.65,42.55,3000,43.5,15000,0,423000
SBIN30Jan20360PE.NFO,07/01/2020,13:27:21,39.65,42.65,3000,43.5,15000,0,423000
SBIN30Jan20360PE.NFO,07/01/2020,13:27:24,39.65,42.2,27000,43.5,15000,0,423000
SBIN30Jan20360PE.NFO,07/01/2020,13:27:28,39.65,42.5,3000,43.5,15000,0,423000
SBIN30Jan20360PE.NFO,07/01/2020,13:27:34,39.65,42.55,6000,43.5,12000,0,423000
SBIN30Jan20360PE.NFO,07/01/2020,13:27:40,39.65,42.65,6000,43.5,9000,0,423000
SBIN30Jan20360PE.NFO,07/01/2020,13:27:47,39.65,42.75,6000,43.5,9000,0,423000
SBIN30Jan20360PE.NFO,07/01/2020,13:27:53,39.65,42.85,6000,43.4,3000,0,423000
SBIN30Jan20360PE.NFO,07/01/2020,13:28:00,39.65,42.85,3000,43.4,3000,0,423000
SBIN30Jan20360PE.NFO,07/01/2020,13:28:06,39.65,42.95,3000,43.4,3000,0,423000
SBIN30Jan20360PE.NFO,07/01/2020,13:28:22,39.65,42.7,6000,43.3,3000,0,423000
SBIN30Jan20360PE.NFO,07/01/2020,13:28:32,39.65,42.8,6000,43.5,6000,0,423000
SBIN30Jan20360PE.NFO,07/01/2020,13:28:38,39.65,42.9,6000,43.6,6000,0,423000
SBIN30Jan20360PE.NFO,07/01/2020,13:28:44,39.65,43,6000,43.6,3000,0,423000
SBIN30Jan20360PE.NFO,07/01/2020,13:28:57,39.65,43.1,6000,44.1,12000,0,423000
SBIN30Jan20360PE.NFO,07/01/2020,13:29:05,39.65,43.1,6000,43.75,6000,0,423000
SBIN30Jan20360PE.NFO,07/01/2020,13:29:13,39.65,43.1,6000,43.55,3000,0,423000
SBIN30Jan20360PE.NFO,07/01/2020,13:29:20,39.65,43.1,6000,44.2,15000,0,423000
SBIN30Jan20360PE.NFO,07/01/2020,13:29:39,39.65,43.3,3000,44.2,12000,0,423000
SBIN30Jan20360PE.NFO,07/01/2020,13:29:52,39.65,43.4,3000,44.2,12000,0,423000
SBIN30Jan20360PE.NFO,07/01/2020,13:29:59,39.65,43.2,3000,44.2,12000,0,423000
SBIN30Jan20360PE.NFO,07/01/2020,13:30:06,39.65,43.25,6000,44.2,12000,0,423000
SBIN30Jan20360PE.NFO,07/01/2020,13:30:13,39.65,43.3,3000,43.95,6000,0,423000
SBIN30Jan20360PE.NFO,07/01/2020,13:30:19,39.65,43.35,3000,43.95,6000,0,423000
SBIN30Jan20360PE.NFO,07/01/2020,13:30:38,39.65,43.45,3000,43.95,6000,0,423000
SBIN30Jan20360PE.NFO,07/01/2020,13:30:45,39.65,43.55,3000,44.55,15000,0,423000
SBIN30Jan20360PE.NFO,07/01/2020,13:31:00,39.65,43.55,3000,44.2,6000,0,423000
SBIN30Jan20360PE.NFO,07/01/2020,13:31:08,39.65,43.65,3000,44.2,6000,0,423000
SBIN30Jan20360PE.NFO,07/01/2020,13:31:14,39.65,43.6,3000,44.2,6000,0,423000
