Ticker,Date,Time,LTP,BuyPrice,BuyQty,SellPrice,SellQty,LTQ,OpenInterest
SBIN27Feb20320CE.NFO,07/01/2020,09:16:21,22.15,21.15,6000,22.1,9000,3000,402000
SBIN27Feb20320CE.NFO,07/01/2020,09:16:21,22.15,21.15,6000,22.1,9000,0,402000
SBIN27Feb20320CE.NFO,07/01/2020,09:16:21,22.15,21.15,6000,22.1,9000,0,402000
SBIN27Feb20320CE.NFO,07/01/2020,09:16:21,22.15,21.15,6000,22.1,9000,0,402000
SBIN27Feb20320CE.NFO,07/01/2020,09:16:32,22.15,21.2,6000,22.2,6000,0,402000
SBIN27Feb20320CE.NFO,07/01/2020,09:16:42,22.15,21.05,3000,22.1,3000,0,402000
SBIN27Feb20320CE.NFO,07/01/2020,09:16:52,22.15,21.4,6000,22.45,6000,0,402000
SBIN27Feb20320CE.NFO,07/01/2020,09:17:02,22.15,21.3,6000,22.1,3000,0,402000
SBIN27Feb20320CE.NFO,07/01/2020,09:17:10,22.15,21.2,3000,22,6000,0,402000
SBIN27Feb20320CE.NFO,07/01/2020,09:17:20,22.15,21.1,3000,22,6000,0,402000
SBIN27Feb20320CE.NFO,07/01/2020,09:17:30,22.15,21.25,3000,22.15,3000,0,402000
SBIN27Feb20320CE.NFO,07/01/2020,09:17:41,22.15,21.2,3000,22.1,3000,0,402000
SBIN27Feb20320CE.NFO,07/01/2020,09:17:52,22.15,21,3000,21.85,3000,0,402000
SBIN27Feb20320CE.NFO,07/01/2020,09:18:01,22.15,21.05,3000,21.9,3000,0,402000
SBIN27Feb20320CE.NFO,07/01/2020,09:18:20,22.15,20.7,3000,21.65,3000,0,402000
SBIN27Feb20320CE.NFO,07/01/2020,09:18:29,22.15,20.75,3000,21.75,3000,0,402000
SBIN27Feb20320CE.NFO,07/01/2020,09:18:38,20.7,20.5,3000,21.5,3000,3000,402000
SBIN27Feb20320CE.NFO,07/01/2020,09:18:38,20.7,20.5,3000,21.5,3000,0,402000
SBIN27Feb20320CE.NFO,07/01/2020,09:18:47,20.7,20.6,3000,21.5,3000,0,402000
SBIN27Feb20320CE.NFO,07/01/2020,09:18:56,20.7,20.6,3000,21.55,3000,0,402000
SBIN27Feb20320CE.NFO,07/01/2020,09:19:05,20.7,20.65,3000,21.65,3000,0,402000
SBIN27Feb20320CE.NFO,07/01/2020,09:19:12,20.7,20.8,3000,21.6,3000,0,402000
SBIN27Feb20320CE.NFO,07/01/2020,09:19:13,20.7,20.7,3000,21.55,3000,0,402000
SBIN27Feb20320CE.NFO,07/01/2020,09:19:14,20.7,20.65,3000,21.55,3000,0,402000
SBIN27Feb20320CE.NFO,07/01/2020,09:19:15,20.7,20.7,3000,21.7,3000,0,402000
SBIN27Feb20320CE.NFO,07/01/2020,09:19:17,20.7,20.8,3000,21.7,6000,0,402000
SBIN27Feb20320CE.NFO,07/01/2020,09:19:18,20.7,20.75,3000,21.6,3000,0,402000
SBIN27Feb20320CE.NFO,07/01/2020,09:19:19,20.7,20.75,3000,21.8,6000,0,402000
SBIN27Feb20320CE.NFO,07/01/2020,09:19:20,20.7,20.75,3000,21.55,3000,0,402000
SBIN27Feb20320CE.NFO,07/01/2020,09:19:21,20.7,20.8,3000,21.75,3000,0,402000
SBIN27Feb20320CE.NFO,07/01/2020,09:19:22,20.7,20.8,3000,21.75,6000,0,402000
SBIN27Feb20320CE.NFO,07/01/2020,09:19:23,20.7,20.75,3000,21.65,3000,0,402000
SBIN27Feb20320CE.NFO,07/01/2020,09:19:24,20.7,20.75,3000,21.7,3000,0,402000
SBIN27Feb20320CE.NFO,07/01/2020,09:19:26,20.7,20.75,3000,21.7,6000,0,402000
SBIN27Feb20320CE.NFO,07/01/2020,09:19:28,20.7,20.75,3000,21.6,3000,0,402000
SBIN27Feb20320CE.NFO,07/01/2020,09:19:29,20.7,20.6,3000,21.8,6000,0,402000
SBIN27Feb20320CE.NFO,07/01/2020,09:19:30,20.7,20.85,3000,21.7,3000,0,402000
SBIN27Feb20320CE.NFO,07/01/2020,09:19:31,20.7,20.7,3000,21.65,3000,0,402000
SBIN27Feb20320CE.NFO,07/01/2020,09:19:32,20.7,20.75,3000,21.7,3000,0,402000
SBIN27Feb20320CE.NFO,07/01/2020,09:19:33,20.7,20.75,3000,21.55,3000,0,402000
SBIN27Feb20320CE.NFO,07/01/2020,09:19:34,20.7,20.7,3000,21.7,3000,0,402000
SBIN27Feb20320CE.NFO,07/01/2020,09:19:35,20.7,20.75,3000,21.7,6000,0,402000
SBIN27Feb20320CE.NFO,07/01/2020,09:19:37,20.7,20.75,3000,21.6,3000,0,402000
SBIN27Feb20320CE.NFO,07/01/2020,09:19:38,20.7,20.65,3000,21.6,3000,0,402000
SBIN27Feb20320CE.NFO,07/01/2020,09:19:39,20.7,20.75,3000,21.65,3000,0,402000
SBIN27Feb20320CE.NFO,07/01/2020,09:19:40,20.7,20.7,3000,21.7,6000,0,402000
SBIN27Feb20320CE.NFO,07/01/2020,09:19:41,20.7,20.8,3000,21.65,3000,0,402000
SBIN27Feb20320CE.NFO,07/01/2020,09:19:42,20.7,20.6,3000,21.9,3000,0,402000
SBIN27Feb20320CE.NFO,07/01/2020,09:19:43,20.7,20.85,3000,21.6,3000,0,402000
SBIN27Feb20320CE.NFO,07/01/2020,09:19:44,20.7,20.75,3000,21.6,3000,0,402000
SBIN27Feb20320CE.NFO,07/01/2020,09:19:45,20.7,20.8,3000,21.6,3000,0,402000
SBIN27Feb20320CE.NFO,07/01/2020,09:19:46,20.7,20.8,3000,21.8,3000,0,402000
SBIN27Feb20320CE.NFO,07/01/2020,09:19:47,20.7,20.85,3000,21.6,3000,0,402000
SBIN27Feb20320CE.NFO,07/01/2020,09:19:48,20.7,20.75,3000,21.6,3000,0,402000
SBIN27Feb20320CE.NFO,07/01/2020,09:19:49,20.7,20.75,3000,21.65,3000,0,402000
SBIN27Feb20320CE.NFO,07/01/2020,09:19:52,20.7,20.75,3000,21.8,6000,0,402000
SBIN27Feb20320CE.NFO,07/01/2020,09:19:53,20.7,20.7,3000,21.8,3000,0,402000
SBIN27Feb20320CE.NFO,07/01/2020,09:19:54,20.7,20.85,3000,21.7,3000,0,402000
SBIN27Feb20320CE.NFO,07/01/2020,09:19:55,20.7,20.85,3000,21.65,3000,0,402000
SBIN27Feb20320CE.NFO,07/01/2020,09:19:57,20.7,20.9,3000,21.8,3000,0,402000
SBIN27Feb20320CE.NFO,07/01/2020,09:19:58,20.7,20.85,3000,21.8,6000,0,402000
SBIN27Feb20320CE.NFO,07/01/2020,09:19:59,20.7,20.95,3000,21.8,3000,0,402000
SBIN27Feb20320CE.NFO,07/01/2020,09:20:00,20.7,20.9,3000,21.75,3000,0,402000
SBIN27Feb20320CE.NFO,07/01/2020,09:20:02,20.7,20.9,3000,21.8,3000,0,402000
SBIN27Feb20320CE.NFO,07/01/2020,09:20:03,20.7,20.85,3000,21.95,6000,0,402000
SBIN27Feb20320CE.NFO,07/01/2020,09:20:04,20.7,20.75,3000,21.7,3000,0,402000
SBIN27Feb20320CE.NFO,07/01/2020,09:20:05,20.7,20.95,3000,21.65,3000,0,402000
SBIN27Feb20320CE.NFO,07/01/2020,09:20:06,20.7,20.9,3000,21.8,3000,0,402000
SBIN27Feb20320CE.NFO,07/01/2020,09:20:07,20.7,20.9,3000,21.7,3000,0,402000
SBIN27Feb20320CE.NFO,07/01/2020,09:20:08,20.7,21,3000,21.95,6000,0,402000
SBIN27Feb20320CE.NFO,07/01/2020,09:20:09,20.7,20.9,3000,21.65,3000,0,402000
SBIN27Feb20320CE.NFO,07/01/2020,09:20:10,20.7,20.95,3000,21.85,3000,0,402000
SBIN27Feb20320CE.NFO,07/01/2020,09:20:11,20.7,20.95,3000,21.75,3000,0,402000
SBIN27Feb20320CE.NFO,07/01/2020,09:20:13,20.7,20.95,3000,21.85,3000,0,402000
SBIN27Feb20320CE.NFO,07/01/2020,09:20:14,20.7,20.95,3000,21.75,3000,0,402000
SBIN27Feb20320CE.NFO,07/01/2020,09:20:15,20.7,20.95,3000,21.85,6000,0,402000
SBIN27Feb20320CE.NFO,07/01/2020,09:20:17,20.7,20.95,3000,21.9,6000,0,402000
SBIN27Feb20320CE.NFO,07/01/2020,09:20:18,20.7,20.95,3000,21.8,3000,0,402000
SBIN27Feb20320CE.NFO,07/01/2020,09:20:19,20.7,20.85,3000,21.8,3000,0,402000
SBIN27Feb20320CE.NFO,07/01/2020,09:20:20,20.7,20.85,6000,22.05,3000,0,402000
SBIN27Feb20320CE.NFO,07/01/2020,09:20:21,20.7,20.85,3000,21.8,3000,0,402000
SBIN27Feb20320CE.NFO,07/01/2020,09:20:22,20.7,20.85,3000,21.7,3000,0,402000
SBIN27Feb20320CE.NFO,07/01/2020,09:20:23,20.7,21,3000,21.8,3000,0,402000
SBIN27Feb20320CE.NFO,07/01/2020,09:20:24,20.7,21,3000,21.95,6000,0,402000
SBIN27Feb20320CE.NFO,07/01/2020,09:20:25,20.7,20.95,3000,21.75,3000,0,402000
SBIN27Feb20320CE.NFO,07/01/2020,09:20:28,20.7,20.9,3000,21.95,6000,0,402000
SBIN27Feb20320CE.NFO,07/01/2020,09:20:29,20.7,20.95,3000,21.75,3000,0,402000
SBIN27Feb20320CE.NFO,07/01/2020,09:20:30,20.7,21,3000,21.95,3000,0,402000
SBIN27Feb20320CE.NFO,07/01/2020,09:20:31,20.7,20.95,3000,21.95,3000,0,402000
SBIN27Feb20320CE.NFO,07/01/2020,09:20:32,20.7,20.95,3000,21.85,3000,0,402000
SBIN27Feb20320CE.NFO,07/01/2020,09:20:34,20.7,21,3000,21.9,3000,0,402000
SBIN27Feb20320CE.NFO,07/01/2020,09:20:35,20.7,21.05,3000,21.9,3000,0,402000
SBIN27Feb20320CE.NFO,07/01/2020,09:20:36,20.7,21,3000,21.8,3000,0,402000
SBIN27Feb20320CE.NFO,07/01/2020,09:20:37,20.7,21.05,3000,21.85,3000,0,402000
SBIN27Feb20320CE.NFO,07/01/2020,09:20:38,20.7,21.05,6000,22.05,3000,0,402000
SBIN27Feb20320CE.NFO,07/01/2020,09:20:40,20.7,20.85,3000,22,3000,0,402000
SBIN27Feb20320CE.NFO,07/01/2020,09:20:41,20.7,21.05,3000,22.1,3000,0,402000
SBIN27Feb20320CE.NFO,07/01/2020,09:20:42,20.7,21.05,3000,21.8,3000,0,402000
SBIN27Feb20320CE.NFO,07/01/2020,09:20:44,20.7,21,3000,21.95,3000,0,402000
SBIN27Feb20320CE.NFO,07/01/2020,09:20:45,20.7,21,3000,21.85,3000,0,402000
SBIN27Feb20320CE.NFO,07/01/2020,09:20:46,20.7,21.05,3000,22,6000,0,402000
SBIN27Feb20320CE.NFO,07/01/2020,09:20:47,20.7,20.95,6000,22,6000,0,402000
SBIN27Feb20320CE.NFO,07/01/2020,09:20:48,20.7,21.05,3000,21.9,3000,0,402000
SBIN27Feb20320CE.NFO,07/01/2020,09:20:49,20.7,21.05,3000,21.95,3000,0,402000
SBIN27Feb20320CE.NFO,07/01/2020,09:20:51,20.7,21.1,3000,22,3000,0,402000
SBIN27Feb20320CE.NFO,07/01/2020,09:20:52,20.7,21.15,3000,22,3000,0,402000
SBIN27Feb20320CE.NFO,07/01/2020,09:20:53,20.7,21.1,3000,22,3000,0,402000
SBIN27Feb20320CE.NFO,07/01/2020,09:20:54,20.7,21.15,3000,22,3000,0,402000
SBIN27Feb20320CE.NFO,07/01/2020,09:20:56,20.7,21.1,3000,22.05,6000,0,402000
SBIN27Feb20320CE.NFO,07/01/2020,09:20:57,20.7,21.2,3000,22,3000,0,402000
SBIN27Feb20320CE.NFO,07/01/2020,09:20:58,20.7,21.1,3000,22,3000,0,402000
SBIN27Feb20320CE.NFO,07/01/2020,09:20:59,20.7,21.2,3000,22,3000,0,402000
SBIN27Feb20320CE.NFO,07/01/2020,09:21:02,20.7,21.2,3000,22.1,3000,0,402000
SBIN27Feb20320CE.NFO,07/01/2020,09:21:03,20.7,21.2,3000,22.05,3000,0,402000
SBIN27Feb20320CE.NFO,07/01/2020,09:21:05,20.7,21.1,3000,21.95,3000,0,402000
SBIN27Feb20320CE.NFO,07/01/2020,09:21:06,20.7,21.15,3000,21.95,3000,0,402000
SBIN27Feb20320CE.NFO,07/01/2020,09:21:08,20.7,21.1,3000,22.05,3000,0,402000
SBIN27Feb20320CE.NFO,07/01/2020,09:21:10,20.7,21.1,3000,21.9,3000,0,402000
SBIN27Feb20320CE.NFO,07/01/2020,09:21:11,20.7,21,3000,21.9,3000,0,402000
SBIN27Feb20320CE.NFO,07/01/2020,09:21:12,20.7,21.1,3000,21.9,3000,0,402000
SBIN27Feb20320CE.NFO,07/01/2020,09:21:13,20.7,21.05,3000,21.85,3000,0,402000
SBIN27Feb20320CE.NFO,07/01/2020,09:21:14,20.7,21.15,3000,21.85,3000,0,402000
SBIN27Feb20320CE.NFO,07/01/2020,09:21:15,20.7,21.2,3000,21.95,3000,0,402000
SBIN27Feb20320CE.NFO,07/01/2020,09:21:17,20.7,21.2,3000,21.9,3000,0,402000
SBIN27Feb20320CE.NFO,07/01/2020,09:21:19,20.7,21.25,3000,22.05,3000,0,402000
SBIN27Feb20320CE.NFO,07/01/2020,09:21:21,20.7,21.1,3000,21.9,3000,0,402000
SBIN27Feb20320CE.NFO,07/01/2020,09:21:22,20.7,21.25,3000,22,3000,0,402000
SBIN27Feb20320CE.NFO,07/01/2020,09:21:23,20.7,21.2,3000,21.9,3000,0,402000
SBIN27Feb20320CE.NFO,07/01/2020,09:21:24,20.7,21,3000,22.05,3000,0,402000
SBIN27Feb20320CE.NFO,07/01/2020,09:21:26,20.7,21.1,3000,22.05,3000,0,402000
SBIN27Feb20320CE.NFO,07/01/2020,09:21:28,20.7,21.3,3000,21.95,3000,0,402000
SBIN27Feb20320CE.NFO,07/01/2020,09:21:29,20.7,21.2,3000,21.95,3000,0,402000
SBIN27Feb20320CE.NFO,07/01/2020,09:21:30,20.7,21.15,3000,22.05,3000,0,402000
SBIN27Feb20320CE.NFO,07/01/2020,09:21:31,20.7,21.25,3000,21.9,3000,0,402000
SBIN27Feb20320CE.NFO,07/01/2020,09:21:33,20.7,21.2,3000,22,3000,0,402000
SBIN27Feb20320CE.NFO,07/01/2020,09:21:34,20.7,21.1,3000,22,3000,0,402000
SBIN27Feb20320CE.NFO,07/01/2020,09:21:35,20.7,21.2,3000,21.85,3000,0,402000
SBIN27Feb20320CE.NFO,07/01/2020,09:21:36,20.7,21.2,3000,21.9,3000,0,402000
SBIN27Feb20320CE.NFO,07/01/2020,09:21:37,20.7,21.2,3000,21.95,3000,0,402000
SBIN27Feb20320CE.NFO,07/01/2020,09:21:38,20.7,21.05,3000,22,3000,0,402000
SBIN27Feb20320CE.NFO,07/01/2020,09:21:39,20.7,21.25,3000,22,3000,0,402000
SBIN27Feb20320CE.NFO,07/01/2020,09:21:41,20.7,21.25,3000,22.05,3000,0,402000
SBIN27Feb20320CE.NFO,07/01/2020,09:21:42,20.7,21.15,3000,21.95,3000,0,402000
SBIN27Feb20320CE.NFO,07/01/2020,09:21:43,20.7,21.15,3000,22.1,3000,0,402000
SBIN27Feb20320CE.NFO,07/01/2020,09:21:44,20.7,21.3,3000,22.1,3000,0,402000
SBIN27Feb20320CE.NFO,07/01/2020,09:21:45,20.7,21.25,3000,22.05,3000,0,402000
SBIN27Feb20320CE.NFO,07/01/2020,09:21:46,20.7,21.35,3000,22.1,3000,0,402000
SBIN27Feb20320CE.NFO,07/01/2020,09:21:47,20.7,21.35,3000,22.05,3000,0,402000
SBIN27Feb20320CE.NFO,07/01/2020,09:21:48,20.7,21.35,3000,22.15,6000,0,402000
SBIN27Feb20320CE.NFO,07/01/2020,09:21:50,20.7,21.2,3000,22,3000,0,402000
SBIN27Feb20320CE.NFO,07/01/2020,09:21:51,20.7,21.25,3000,22.15,3000,0,402000
SBIN27Feb20320CE.NFO,07/01/2020,09:21:53,20.7,21.35,3000,22.15,3000,0,402000
SBIN27Feb20320CE.NFO,07/01/2020,09:21:54,20.7,21.2,6000,22.1,3000,0,402000
SBIN27Feb20320CE.NFO,07/01/2020,09:21:55,20.7,21.3,3000,22.15,3000,0,402000
SBIN27Feb20320CE.NFO,07/01/2020,09:21:56,20.7,21.2,3000,22.15,3000,0,402000
SBIN27Feb20320CE.NFO,07/01/2020,09:21:57,20.7,21.25,3000,22.15,3000,0,402000
SBIN27Feb20320CE.NFO,07/01/2020,09:21:59,20.7,21.4,3000,22.15,6000,0,402000
SBIN27Feb20320CE.NFO,07/01/2020,09:22:00,20.7,21.4,3000,22.05,3000,0,402000
SBIN27Feb20320CE.NFO,07/01/2020,09:22:01,20.7,21.35,3000,22,3000,0,402000
SBIN27Feb20320CE.NFO,07/01/2020,09:22:02,20.7,21.2,3000,22,3000,0,402000
SBIN27Feb20320CE.NFO,07/01/2020,09:22:03,20.7,21.35,3000,22,3000,0,402000
SBIN27Feb20320CE.NFO,07/01/2020,09:22:05,20.7,21.3,3000,22,3000,0,402000
SBIN27Feb20320CE.NFO,07/01/2020,09:22:10,20.7,21.35,3000,22,3000,0,402000
SBIN27Feb20320CE.NFO,07/01/2020,09:22:11,20.7,21.25,3000,22,3000,0,402000
SBIN27Feb20320CE.NFO,07/01/2020,09:22:14,20.7,21.35,3000,22,3000,0,402000
SBIN27Feb20320CE.NFO,07/01/2020,09:22:15,20.7,21.2,3000,22,3000,0,402000
SBIN27Feb20320CE.NFO,07/01/2020,09:22:16,20.7,21.35,3000,22,3000,0,402000
SBIN27Feb20320CE.NFO,07/01/2020,09:22:17,20.7,21.3,3000,22,3000,0,402000
SBIN27Feb20320CE.NFO,07/01/2020,09:22:18,20.7,21.4,3000,22,3000,0,402000
SBIN27Feb20320CE.NFO,07/01/2020,09:22:19,20.7,21.35,3000,22,3000,0,402000
SBIN27Feb20320CE.NFO,07/01/2020,09:22:20,20.7,21.4,3000,22,3000,0,402000
SBIN27Feb20320CE.NFO,07/01/2020,09:22:21,20.7,21.35,3000,22,3000,0,402000
SBIN27Feb20320CE.NFO,07/01/2020,09:22:22,20.7,21.45,3000,22,3000,0,402000
SBIN27Feb20320CE.NFO,07/01/2020,09:22:23,20.7,21.4,3000,22,3000,0,402000
SBIN27Feb20320CE.NFO,07/01/2020,09:22:25,20.7,21.3,3000,22,3000,0,402000
SBIN27Feb20320CE.NFO,07/01/2020,09:22:31,20.7,21.25,3000,22,3000,0,402000
SBIN27Feb20320CE.NFO,07/01/2020,09:22:32,20.7,21.3,3000,22,3000,0,402000
SBIN27Feb20320CE.NFO,07/01/2020,09:22:39,20.7,21.25,3000,22,3000,0,402000
SBIN27Feb20320CE.NFO,07/01/2020,09:22:40,20.7,21.2,3000,22,3000,0,402000
SBIN27Feb20320CE.NFO,07/01/2020,09:22:41,20.7,21.3,3000,22,3000,0,402000
SBIN27Feb20320CE.NFO,07/01/2020,09:22:42,20.7,21.2,3000,22,3000,0,402000
SBIN27Feb20320CE.NFO,07/01/2020,09:22:48,20.7,21.25,3000,22,3000,0,402000
SBIN27Feb20320CE.NFO,07/01/2020,09:22:49,20.7,21.2,3000,22,3000,0,402000
SBIN27Feb20320CE.NFO,07/01/2020,09:22:52,20.7,21.4,3000,22,3000,0,402000
SBIN27Feb20320CE.NFO,07/01/2020,09:22:55,20.7,21.3,3000,22,3000,0,402000
SBIN27Feb20320CE.NFO,07/01/2020,09:22:59,20.7,21.35,3000,22,3000,0,402000
SBIN27Feb20320CE.NFO,07/01/2020,09:23:00,20.7,21.3,3000,22,3000,0,402000
SBIN27Feb20320CE.NFO,07/01/2020,09:23:01,20.7,21.4,3000,22,3000,0,402000
SBIN27Feb20320CE.NFO,07/01/2020,09:23:02,20.7,21.25,3000,22,3000,0,402000
SBIN27Feb20320CE.NFO,07/01/2020,09:23:04,20.7,20.95,3000,22,3000,0,402000
SBIN27Feb20320CE.NFO,07/01/2020,09:23:05,20.7,21.15,9000,22,3000,0,402000
SBIN27Feb20320CE.NFO,07/01/2020,09:23:06,20.7,21.25,3000,22,3000,0,402000
SBIN27Feb20320CE.NFO,07/01/2020,09:23:15,20.7,21.15,3000,21.85,3000,0,402000
SBIN27Feb20320CE.NFO,07/01/2020,09:23:34,20.7,21.1,6000,21.95,3000,0,402000
SBIN27Feb20320CE.NFO,07/01/2020,09:23:40,20.7,21.05,3000,21.9,3000,0,402000
SBIN27Feb20320CE.NFO,07/01/2020,09:23:47,20.7,21.05,3000,22,3000,0,402000
SBIN27Feb20320CE.NFO,07/01/2020,09:23:53,20.7,21.05,3000,21.8,3000,0,402000
SBIN27Feb20320CE.NFO,07/01/2020,09:24:00,20.7,21.1,6000,21.85,3000,0,402000
SBIN27Feb20320CE.NFO,07/01/2020,09:24:07,20.7,21.2,6000,21.9,3000,0,402000
SBIN27Feb20320CE.NFO,07/01/2020,09:24:11,20.7,21.25,3000,21.9,3000,0,402000
SBIN27Feb20320CE.NFO,07/01/2020,09:24:12,20.7,21.2,3000,21.9,3000,0,402000
SBIN27Feb20320CE.NFO,07/01/2020,09:24:13,20.7,21.1,3000,21.85,3000,0,402000
SBIN27Feb20320CE.NFO,07/01/2020,09:24:14,20.7,21.05,3000,21.95,3000,0,402000
SBIN27Feb20320CE.NFO,07/01/2020,09:24:16,20.7,21.2,3000,21.95,3000,0,402000
SBIN27Feb20320CE.NFO,07/01/2020,09:24:18,20.7,21.05,3000,21.9,3000,0,402000
SBIN27Feb20320CE.NFO,07/01/2020,09:24:19,20.7,21.1,3000,21.8,3000,0,402000
SBIN27Feb20320CE.NFO,07/01/2020,09:24:20,20.7,21,3000,21.95,3000,0,402000
SBIN27Feb20320CE.NFO,07/01/2020,09:24:21,20.7,21,3000,21.9,3000,0,402000
SBIN27Feb20320CE.NFO,07/01/2020,09:24:23,20.7,21.15,3000,21.9,3000,0,402000
SBIN27Feb20320CE.NFO,07/01/2020,09:24:24,20.7,21.05,3000,21.8,3000,0,402000
SBIN27Feb20320CE.NFO,07/01/2020,09:24:25,20.7,21.15,3000,21.85,3000,0,402000
SBIN27Feb20320CE.NFO,07/01/2020,09:24:26,20.7,21.15,3000,21.95,3000,0,402000
SBIN27Feb20320CE.NFO,07/01/2020,09:24:29,20.7,21.1,3000,21.8,3000,0,402000
SBIN27Feb20320CE.NFO,07/01/2020,09:24:30,20.7,21.05,3000,21.8,3000,0,402000
SBIN27Feb20320CE.NFO,07/01/2020,09:24:31,20.7,21.15,3000,21.8,3000,0,402000
SBIN27Feb20320CE.NFO,07/01/2020,09:24:32,20.7,21,3000,21.85,3000,0,402000
SBIN27Feb20320CE.NFO,07/01/2020,09:24:33,20.7,20.95,3000,21.8,3000,0,402000
SBIN27Feb20320CE.NFO,07/01/2020,09:24:34,20.7,21.05,3000,21.6,3000,0,402000
SBIN27Feb20320CE.NFO,07/01/2020,09:24:35,20.7,21.05,3000,21.7,3000,0,402000
SBIN27Feb20320CE.NFO,07/01/2020,09:24:36,20.7,20.9,3000,21.7,3000,0,402000
SBIN27Feb20320CE.NFO,07/01/2020,09:24:38,20.7,21.05,3000,21.75,3000,0,402000
SBIN27Feb20320CE.NFO,07/01/2020,09:24:41,20.7,20.95,3000,21.8,3000,0,402000
SBIN27Feb20320CE.NFO,07/01/2020,09:24:42,20.7,20.95,3000,21.7,3000,0,402000
SBIN27Feb20320CE.NFO,07/01/2020,09:24:43,20.7,21,3000,21.8,3000,0,402000
SBIN27Feb20320CE.NFO,07/01/2020,09:24:44,20.7,21.05,3000,21.7,3000,0,402000
SBIN27Feb20320CE.NFO,07/01/2020,09:24:45,20.7,20.9,3000,21.7,3000,0,402000
SBIN27Feb20320CE.NFO,07/01/2020,09:24:46,20.7,20.9,3000,21.8,3000,0,402000
SBIN27Feb20320CE.NFO,07/01/2020,09:24:47,20.7,20.9,3000,21.65,3000,0,402000
SBIN27Feb20320CE.NFO,07/01/2020,09:24:48,20.7,20.8,3000,21.6,3000,0,402000
SBIN27Feb20320CE.NFO,07/01/2020,09:24:49,20.7,20.9,3000,21.6,3000,0,402000
SBIN27Feb20320CE.NFO,07/01/2020,09:24:50,20.7,20.85,3000,21.7,3000,0,402000
SBIN27Feb20320CE.NFO,07/01/2020,09:24:51,20.7,20.95,3000,21.45,3000,0,402000
SBIN27Feb20320CE.NFO,07/01/2020,09:24:52,20.7,20.9,3000,21.55,3000,0,402000
SBIN27Feb20320CE.NFO,07/01/2020,09:24:53,20.7,21,3000,21.7,3000,0,402000
SBIN27Feb20320CE.NFO,07/01/2020,09:24:54,20.7,20.95,3000,21.55,3000,0,402000
SBIN27Feb20320CE.NFO,07/01/2020,09:24:55,20.7,20.45,3000,21.55,3000,0,402000
SBIN27Feb20320CE.NFO,07/01/2020,09:24:56,20.7,20.85,3000,21.55,3000,0,402000
SBIN27Feb20320CE.NFO,07/01/2020,09:24:57,20.7,20.7,3000,21.4,3000,0,402000
SBIN27Feb20320CE.NFO,07/01/2020,09:24:58,20.7,20.75,3000,21.5,3000,0,402000
SBIN27Feb20320CE.NFO,07/01/2020,09:24:59,20.7,20.7,3000,21.45,3000,0,402000
SBIN27Feb20320CE.NFO,07/01/2020,09:25:00,20.7,20.8,3000,21.6,3000,0,402000
SBIN27Feb20320CE.NFO,07/01/2020,09:25:02,20.7,20.7,3000,21.5,3000,0,402000
SBIN27Feb20320CE.NFO,07/01/2020,09:25:03,20.7,20.7,3000,21.55,3000,0,402000
SBIN27Feb20320CE.NFO,07/01/2020,09:25:04,20.7,20.7,3000,21.5,3000,0,402000
SBIN27Feb20320CE.NFO,07/01/2020,09:25:05,20.7,20.8,6000,21.5,3000,0,402000
SBIN27Feb20320CE.NFO,07/01/2020,09:25:06,20.7,20.8,6000,21.55,3000,0,402000
SBIN27Feb20320CE.NFO,07/01/2020,09:25:07,20.7,20.9,3000,21.6,3000,0,402000
SBIN27Feb20320CE.NFO,07/01/2020,09:25:08,20.7,20.9,3000,21.65,3000,0,402000
SBIN27Feb20320CE.NFO,07/01/2020,09:25:09,20.7,20.8,3000,21.65,3000,0,402000
SBIN27Feb20320CE.NFO,07/01/2020,09:25:10,20.7,20.7,3000,21.55,3000,0,402000
SBIN27Feb20320CE.NFO,07/01/2020,09:25:11,20.7,21,3000,21.65,3000,0,402000
SBIN27Feb20320CE.NFO,07/01/2020,09:25:12,20.7,20.8,3000,21.65,3000,0,402000
SBIN27Feb20320CE.NFO,07/01/2020,09:25:13,20.7,20.95,3000,21.55,3000,0,402000
SBIN27Feb20320CE.NFO,07/01/2020,09:25:14,20.7,20.75,3000,21.65,3000,0,402000
SBIN27Feb20320CE.NFO,07/01/2020,09:25:16,20.7,20.9,3000,21.55,3000,0,402000
SBIN27Feb20320CE.NFO,07/01/2020,09:25:17,20.7,20.8,3000,21.45,3000,0,402000
SBIN27Feb20320CE.NFO,07/01/2020,09:25:18,20.7,20.9,3000,21.6,3000,0,402000
SBIN27Feb20320CE.NFO,07/01/2020,09:25:20,20.7,20.8,3000,21.6,3000,0,402000
SBIN27Feb20320CE.NFO,07/01/2020,09:25:21,20.7,20.85,3000,21.6,3000,0,402000
SBIN27Feb20320CE.NFO,07/01/2020,09:25:23,20.7,20.85,3000,21.5,3000,0,402000
SBIN27Feb20320CE.NFO,07/01/2020,09:25:24,20.7,20.95,3000,21.6,3000,0,402000
SBIN27Feb20320CE.NFO,07/01/2020,09:25:25,20.7,20.9,3000,21.55,3000,0,402000
SBIN27Feb20320CE.NFO,07/01/2020,09:25:26,20.7,20.85,3000,21.55,3000,0,402000
SBIN27Feb20320CE.NFO,07/01/2020,09:25:27,20.7,20.7,3000,21.6,3000,0,402000
SBIN27Feb20320CE.NFO,07/01/2020,09:25:28,20.7,20.9,3000,21.55,3000,0,402000
SBIN27Feb20320CE.NFO,07/01/2020,09:25:29,20.7,20.9,3000,21.45,3000,0,402000
SBIN27Feb20320CE.NFO,07/01/2020,09:25:33,20.7,20.7,3000,21.4,3000,0,402000
SBIN27Feb20320CE.NFO,07/01/2020,09:25:34,20.7,20.8,3000,21.5,3000,0,402000
SBIN27Feb20320CE.NFO,07/01/2020,09:25:35,20.7,20.7,3000,21.45,3000,0,402000
SBIN27Feb20320CE.NFO,07/01/2020,09:25:36,20.7,20.85,3000,21.4,3000,0,402000
SBIN27Feb20320CE.NFO,07/01/2020,09:25:37,20.7,20.75,6000,21.4,3000,0,402000
SBIN27Feb20320CE.NFO,07/01/2020,09:25:38,20.7,20.8,3000,21.5,3000,0,402000
SBIN27Feb20320CE.NFO,07/01/2020,09:25:39,20.7,20.75,3000,21.4,3000,0,402000
SBIN27Feb20320CE.NFO,07/01/2020,09:25:40,20.7,20.75,3000,21.5,3000,0,402000
SBIN27Feb20320CE.NFO,07/01/2020,09:25:41,20.7,20.65,3000,21.5,3000,0,402000
SBIN27Feb20320CE.NFO,07/01/2020,09:25:43,20.7,20.75,3000,21.6,6000,0,402000
SBIN27Feb20320CE.NFO,07/01/2020,09:25:44,20.7,20.6,6000,20.7,3000,0,402000
SBIN27Feb20320CE.NFO,07/01/2020,09:25:45,20.7,20.55,6000,21.45,3000,3000,399000
SBIN27Feb20320CE.NFO,07/01/2020,09:25:46,20.7,20.6,3000,21.35,3000,0,399000
SBIN27Feb20320CE.NFO,07/01/2020,09:25:47,20.7,20.6,3000,21.45,3000,0,399000
SBIN27Feb20320CE.NFO,07/01/2020,09:25:48,20.7,20.6,3000,21.35,3000,0,399000
SBIN27Feb20320CE.NFO,07/01/2020,09:25:50,20.7,20.6,3000,21.45,3000,0,399000
SBIN27Feb20320CE.NFO,07/01/2020,09:25:52,20.7,20.6,3000,21.4,3000,0,399000
SBIN27Feb20320CE.NFO,07/01/2020,09:25:53,20.7,20.6,3000,21.45,3000,0,399000
SBIN27Feb20320CE.NFO,07/01/2020,09:25:54,20.7,20.6,3000,21.35,3000,0,399000
SBIN27Feb20320CE.NFO,07/01/2020,09:25:55,20.7,20.6,3000,21.4,3000,0,399000
SBIN27Feb20320CE.NFO,07/01/2020,09:25:56,20.7,20.6,3000,21.35,3000,0,399000
SBIN27Feb20320CE.NFO,07/01/2020,09:25:57,20.7,20.6,3000,21.4,3000,0,399000
SBIN27Feb20320CE.NFO,07/01/2020,09:25:58,20.7,20.6,3000,21.3,3000,0,399000
SBIN27Feb20320CE.NFO,07/01/2020,09:25:59,20.7,20.6,3000,21.4,3000,0,399000
SBIN27Feb20320CE.NFO,07/01/2020,09:26:00,20.7,20.6,3000,21.35,3000,0,399000
SBIN27Feb20320CE.NFO,07/01/2020,09:26:01,20.7,20.6,3000,21.45,3000,0,399000
SBIN27Feb20320CE.NFO,07/01/2020,09:26:02,20.7,20.6,3000,21.4,3000,0,399000
SBIN27Feb20320CE.NFO,07/01/2020,09:26:03,20.7,20.6,3000,21.3,3000,0,399000
SBIN27Feb20320CE.NFO,07/01/2020,09:26:09,20.7,20.6,3000,21.35,3000,0,399000
SBIN27Feb20320CE.NFO,07/01/2020,09:26:10,20.7,20.5,3000,21.2,3000,0,399000
SBIN27Feb20320CE.NFO,07/01/2020,09:26:11,20.7,20.45,15000,21.2,3000,0,399000
SBIN27Feb20320CE.NFO,07/01/2020,09:26:12,20.7,20.45,15000,21.3,3000,0,399000
SBIN27Feb20320CE.NFO,07/01/2020,09:26:13,20.7,20.45,15000,21.2,3000,0,399000
SBIN27Feb20320CE.NFO,07/01/2020,09:26:15,20.7,20.45,15000,21.3,3000,0,399000
SBIN27Feb20320CE.NFO,07/01/2020,09:26:17,20.7,20.45,15000,21.25,3000,0,399000
SBIN27Feb20320CE.NFO,07/01/2020,09:26:20,20.7,20.45,15000,21.2,3000,0,399000
SBIN27Feb20320CE.NFO,07/01/2020,09:26:21,20.7,20.45,15000,21.25,3000,0,399000
SBIN27Feb20320CE.NFO,07/01/2020,09:26:23,20.7,20.45,15000,21.3,3000,0,399000
SBIN27Feb20320CE.NFO,07/01/2020,09:26:24,20.7,20.45,15000,21.2,3000,0,399000
SBIN27Feb20320CE.NFO,07/01/2020,09:26:26,20.7,20.5,12000,21.2,3000,0,399000
SBIN27Feb20320CE.NFO,07/01/2020,09:26:27,20.7,20.55,3000,21.3,3000,0,399000
SBIN27Feb20320CE.NFO,07/01/2020,09:26:28,20.7,20.55,3000,21.35,3000,0,399000
SBIN27Feb20320CE.NFO,07/01/2020,09:26:30,20.7,20.65,3000,21.35,3000,0,399000
SBIN27Feb20320CE.NFO,07/01/2020,09:26:31,20.7,20.65,3000,21.45,3000,0,399000
SBIN27Feb20320CE.NFO,07/01/2020,09:26:32,20.7,20.65,3000,21.4,3000,0,399000
SBIN27Feb20320CE.NFO,07/01/2020,09:26:33,20.7,20.65,3000,21.3,3000,0,399000
SBIN27Feb20320CE.NFO,07/01/2020,09:26:34,20.7,20.65,3000,21.4,3000,0,399000
SBIN27Feb20320CE.NFO,07/01/2020,09:26:35,20.7,20.65,3000,21.3,3000,0,399000
SBIN27Feb20320CE.NFO,07/01/2020,09:26:37,20.7,20.65,3000,21.4,3000,0,399000
SBIN27Feb20320CE.NFO,07/01/2020,09:26:40,20.7,20.65,3000,21.3,3000,0,399000
SBIN27Feb20320CE.NFO,07/01/2020,09:26:41,20.7,20.65,3000,21.4,3000,0,399000
SBIN27Feb20320CE.NFO,07/01/2020,09:26:42,20.7,20.65,3000,21.3,3000,0,399000
SBIN27Feb20320CE.NFO,07/01/2020,09:26:43,20.7,20.65,3000,21.4,3000,0,399000
SBIN27Feb20320CE.NFO,07/01/2020,09:26:44,20.7,20.65,3000,21.3,3000,0,399000
SBIN27Feb20320CE.NFO,07/01/2020,09:26:46,20.7,20.5,9000,21.2,3000,0,399000
SBIN27Feb20320CE.NFO,07/01/2020,09:26:47,20.7,20.5,15000,21.35,3000,0,399000
SBIN27Feb20320CE.NFO,07/01/2020,09:26:48,20.7,20.5,15000,21.3,3000,0,399000
SBIN27Feb20320CE.NFO,07/01/2020,09:26:49,20.7,20.5,15000,21.35,3000,0,399000
SBIN27Feb20320CE.NFO,07/01/2020,09:26:52,20.7,20.5,15000,21.2,3000,0,399000
SBIN27Feb20320CE.NFO,07/01/2020,09:26:55,20.7,20.5,15000,21.3,3000,0,399000
SBIN27Feb20320CE.NFO,07/01/2020,09:26:56,20.7,20.5,15000,21.35,3000,0,399000
SBIN27Feb20320CE.NFO,07/01/2020,09:26:57,20.7,20.5,15000,21.2,3000,0,399000
SBIN27Feb20320CE.NFO,07/01/2020,09:26:58,20.7,20.5,15000,21.35,3000,0,399000
SBIN27Feb20320CE.NFO,07/01/2020,09:27:00,20.7,20.6,6000,21.35,3000,0,399000
SBIN27Feb20320CE.NFO,07/01/2020,09:27:01,20.7,20.6,3000,21.35,3000,0,399000
SBIN27Feb20320CE.NFO,07/01/2020,09:27:02,20.7,20.6,3000,21.3,3000,0,399000
SBIN27Feb20320CE.NFO,07/01/2020,09:27:03,20.7,20.6,3000,21.1,3000,0,399000
SBIN27Feb20320CE.NFO,07/01/2020,09:27:04,20.7,20.5,3000,21.3,3000,0,399000
SBIN27Feb20320CE.NFO,07/01/2020,09:27:06,20.7,20.5,3000,21.1,3000,0,399000
SBIN27Feb20320CE.NFO,07/01/2020,09:27:07,20.7,20.5,9000,21.3,3000,0,399000
SBIN27Feb20320CE.NFO,07/01/2020,09:27:08,20.7,20.5,15000,21.3,9000,0,399000
SBIN27Feb20320CE.NFO,07/01/2020,09:27:09,20.7,20.5,15000,21.2,3000,0,399000
SBIN27Feb20320CE.NFO,07/01/2020,09:27:10,20.7,20.5,15000,21.3,3000,0,399000
SBIN27Feb20320CE.NFO,07/01/2020,09:27:11,20.7,20.5,15000,21.2,3000,0,399000
SBIN27Feb20320CE.NFO,07/01/2020,09:27:14,20.7,20.5,9000,21.2,3000,0,399000
SBIN27Feb20320CE.NFO,07/01/2020,09:27:20,20.7,20.5,15000,21.2,3000,0,399000
SBIN27Feb20320CE.NFO,07/01/2020,09:27:28,20.7,20.55,3000,21.3,3000,0,399000
SBIN27Feb20320CE.NFO,07/01/2020,09:27:40,20.7,20.5,15000,21.2,3000,0,399000
SBIN27Feb20320CE.NFO,07/01/2020,09:27:46,20.7,20.5,15000,21.15,3000,0,399000
SBIN27Feb20320CE.NFO,07/01/2020,09:27:51,20.7,20.5,15000,21.25,3000,0,399000
SBIN27Feb20320CE.NFO,07/01/2020,09:28:05,20.7,20.45,3000,21.1,3000,0,399000
SBIN27Feb20320CE.NFO,07/01/2020,09:28:16,20.7,20.5,3000,21.1,3000,0,399000
SBIN27Feb20320CE.NFO,07/01/2020,09:28:22,20.7,20.4,9000,21.1,3000,0,399000
SBIN27Feb20320CE.NFO,07/01/2020,09:28:28,20.7,20.4,6000,21.05,3000,0,399000
SBIN27Feb20320CE.NFO,07/01/2020,09:28:34,20.7,20.4,6000,21.1,3000,0,399000
SBIN27Feb20320CE.NFO,07/01/2020,09:28:46,20.7,20.5,6000,21.15,3000,0,399000
SBIN27Feb20320CE.NFO,07/01/2020,09:28:51,20.7,20.55,3000,21.25,3000,0,399000
SBIN27Feb20320CE.NFO,07/01/2020,09:28:57,20.7,20.55,6000,21.2,3000,0,399000
SBIN27Feb20320CE.NFO,07/01/2020,09:29:03,20.7,20.55,6000,21.15,3000,0,399000
SBIN27Feb20320CE.NFO,07/01/2020,09:29:10,20.7,20.4,6000,21.25,3000,0,399000
SBIN27Feb20320CE.NFO,07/01/2020,09:29:16,20.7,20.55,6000,21.2,3000,0,399000
SBIN27Feb20320CE.NFO,07/01/2020,09:29:21,20.7,20.45,3000,21.15,3000,0,399000
SBIN27Feb20320CE.NFO,07/01/2020,09:29:28,20.7,20.4,6000,21,3000,0,399000
SBIN27Feb20320CE.NFO,07/01/2020,09:29:34,20.7,20.4,6000,21.05,3000,0,399000
SBIN27Feb20320CE.NFO,07/01/2020,09:29:40,20.7,20.3,3000,20.95,3000,0,399000
SBIN27Feb20320CE.NFO,07/01/2020,09:29:47,20.7,20.3,6000,20.95,3000,0,399000
SBIN27Feb20320CE.NFO,07/01/2020,09:29:52,20.7,20.3,6000,21.05,3000,0,399000
SBIN27Feb20320CE.NFO,07/01/2020,09:30:47,20.7,20.4,6000,21,3000,0,399000
SBIN27Feb20320CE.NFO,07/01/2020,09:30:52,20.7,20.4,6000,21.05,3000,0,399000
SBIN27Feb20320CE.NFO,07/01/2020,09:30:57,20.7,20.4,6000,21.1,3000,0,399000
SBIN27Feb20320CE.NFO,07/01/2020,09:31:02,20.7,20.4,6000,21,3000,0,399000
SBIN27Feb20320CE.NFO,07/01/2020,09:31:08,20.7,20.4,6000,21.15,3000,0,399000
SBIN27Feb20320CE.NFO,07/01/2020,09:31:14,20.7,20.55,3000,21.15,3000,0,399000
SBIN27Feb20320CE.NFO,07/01/2020,09:31:20,20.7,20.55,6000,21.1,3000,0,399000
SBIN27Feb20320CE.NFO,07/01/2020,09:31:26,20.7,20.55,6000,21.25,3000,0,399000
SBIN27Feb20320CE.NFO,07/01/2020,09:31:31,20.7,20.55,6000,21.2,3000,0,399000
SBIN27Feb20320CE.NFO,07/01/2020,09:31:37,20.7,20.55,6000,21.1,3000,0,399000
SBIN27Feb20320CE.NFO,07/01/2020,09:31:43,20.7,20.55,9000,21.25,3000,0,399000
SBIN27Feb20320CE.NFO,07/01/2020,09:31:53,20.7,20.75,3000,21.25,3000,0,399000
SBIN27Feb20320CE.NFO,07/01/2020,09:32:00,20.7,20.8,6000,21.3,3000,0,399000
SBIN27Feb20320CE.NFO,07/01/2020,09:32:06,20.7,20.8,6000,21.2,3000,0,399000
SBIN27Feb20320CE.NFO,07/01/2020,09:32:13,20.7,20.75,3000,21.25,3000,0,399000
SBIN27Feb20320CE.NFO,07/01/2020,09:32:20,20.7,20.8,6000,21.3,3000,0,399000
SBIN27Feb20320CE.NFO,07/01/2020,09:32:27,20.7,20.8,6000,21.2,3000,0,399000
SBIN27Feb20320CE.NFO,07/01/2020,09:32:33,20.7,20.85,3000,21.35,3000,0,399000
SBIN27Feb20320CE.NFO,07/01/2020,09:32:40,20.7,20.95,3000,21.3,3000,0,399000
SBIN27Feb20320CE.NFO,07/01/2020,09:32:52,20.7,20.8,6000,21.2,3000,0,399000
SBIN27Feb20320CE.NFO,07/01/2020,09:32:58,20.7,20.85,3000,21.35,3000,0,399000
SBIN27Feb20320CE.NFO,07/01/2020,09:33:03,20.7,20.85,3000,21.2,3000,0,399000
SBIN27Feb20320CE.NFO,07/01/2020,09:33:09,20.7,20.8,6000,21.3,3000,0,399000
SBIN27Feb20320CE.NFO,07/01/2020,09:33:15,20.7,20.9,3000,21.35,3000,0,399000
SBIN27Feb20320CE.NFO,07/01/2020,09:33:22,20.7,20.8,3000,21.25,3000,0,399000
SBIN27Feb20320CE.NFO,07/01/2020,09:33:28,20.7,20.8,3000,21.35,3000,0,399000
SBIN27Feb20320CE.NFO,07/01/2020,09:33:34,20.7,20.8,3000,21.25,3000,0,399000
SBIN27Feb20320CE.NFO,07/01/2020,09:33:39,20.7,20.95,3000,21.4,3000,0,399000
SBIN27Feb20320CE.NFO,07/01/2020,09:33:45,20.7,20.95,3000,21.45,3000,0,399000
SBIN27Feb20320CE.NFO,07/01/2020,09:33:56,20.7,21.05,3000,21.4,3000,0,399000
SBIN27Feb20320CE.NFO,07/01/2020,09:34:01,20.7,21.05,3000,21.45,3000,0,399000
SBIN27Feb20320CE.NFO,07/01/2020,09:34:06,20.7,21.05,3000,21.5,3000,0,399000
SBIN27Feb20320CE.NFO,07/01/2020,09:34:12,20.7,21.05,3000,21.45,3000,0,399000
SBIN27Feb20320CE.NFO,07/01/2020,09:34:18,20.7,21.05,3000,21.55,3000,0,399000
SBIN27Feb20320CE.NFO,07/01/2020,09:34:24,20.7,21.05,3000,21.45,3000,0,399000
SBIN27Feb20320CE.NFO,07/01/2020,09:34:30,20.7,21.05,3000,21.5,3000,0,399000
SBIN27Feb20320CE.NFO,07/01/2020,09:35:00,20.7,21,3000,21.5,3000,0,399000
SBIN27Feb20320CE.NFO,07/01/2020,09:35:05,20.7,21.05,3000,21.5,3000,0,399000
SBIN27Feb20320CE.NFO,07/01/2020,09:35:10,20.7,21,3000,21.35,3000,0,399000
SBIN27Feb20320CE.NFO,07/01/2020,09:35:16,20.7,20.45,3000,21.35,3000,0,399000
SBIN27Feb20320CE.NFO,07/01/2020,09:35:22,20.7,20.9,3000,21.3,3000,0,399000
SBIN27Feb20320CE.NFO,07/01/2020,09:35:27,20.7,20.8,6000,21.15,3000,0,399000
SBIN27Feb20320CE.NFO,07/01/2020,09:35:32,20.7,20.55,3000,21.3,3000,0,399000
SBIN27Feb20320CE.NFO,07/01/2020,09:35:39,20.7,20.55,3000,21.25,3000,0,399000
SBIN27Feb20320CE.NFO,07/01/2020,09:35:47,20.7,20.55,3000,21.05,3000,0,399000
SBIN27Feb20320CE.NFO,07/01/2020,09:35:55,20.7,20.55,3000,21.15,3000,0,399000
SBIN27Feb20320CE.NFO,07/01/2020,09:36:08,20.7,20.55,3000,21.2,3000,0,399000
SBIN27Feb20320CE.NFO,07/01/2020,09:36:15,20.7,20.55,3000,21.25,3000,0,399000
SBIN27Feb20320CE.NFO,07/01/2020,09:36:38,20.7,20.55,3000,21.35,3000,0,399000
SBIN27Feb20320CE.NFO,07/01/2020,09:36:43,20.7,20.55,3000,21.3,3000,0,399000
SBIN27Feb20320CE.NFO,07/01/2020,09:36:54,20.7,20.55,3000,21.35,3000,0,399000
SBIN27Feb20320CE.NFO,07/01/2020,09:37:10,20.7,20.55,3000,21.3,3000,0,399000
SBIN27Feb20320CE.NFO,07/01/2020,09:37:46,20.7,20.55,3000,21.25,3000,0,399000
SBIN27Feb20320CE.NFO,07/01/2020,09:37:55,20.7,20.55,3000,21.15,3000,0,399000
SBIN27Feb20320CE.NFO,07/01/2020,09:38:00,20.7,20.55,3000,21.25,3000,0,399000
SBIN27Feb20320CE.NFO,07/01/2020,09:38:06,20.7,20.55,3000,21.35,3000,0,399000
SBIN27Feb20320CE.NFO,07/01/2020,09:38:11,20.7,20.55,3000,21.25,3000,0,399000
SBIN27Feb20320CE.NFO,07/01/2020,09:38:16,20.7,20.55,6000,21.4,3000,0,399000
SBIN27Feb20320CE.NFO,07/01/2020,09:38:26,20.7,20.55,3000,21.4,3000,0,399000
SBIN27Feb20320CE.NFO,07/01/2020,09:38:30,20.7,20.65,3000,21.4,3000,0,399000
SBIN27Feb20320CE.NFO,07/01/2020,09:38:35,20.7,20.55,9000,21.4,3000,0,399000
SBIN27Feb20320CE.NFO,07/01/2020,09:38:39,20.7,20.55,6000,21.35,3000,0,399000
SBIN27Feb20320CE.NFO,07/01/2020,09:38:44,20.7,20.55,6000,21.3,3000,0,399000
SBIN27Feb20320CE.NFO,07/01/2020,09:38:49,20.7,20.55,6000,21.25,3000,0,399000
SBIN27Feb20320CE.NFO,07/01/2020,09:38:55,20.7,20.55,6000,21.15,3000,0,399000
SBIN27Feb20320CE.NFO,07/01/2020,09:39:00,20.7,20.55,6000,21.25,3000,0,399000
SBIN27Feb20320CE.NFO,07/01/2020,09:39:15,20.7,20.55,21000,21.35,3000,0,399000
SBIN27Feb20320CE.NFO,07/01/2020,09:39:21,20.7,20.7,3000,21.25,3000,0,399000
SBIN27Feb20320CE.NFO,07/01/2020,09:39:26,20.7,20.75,3000,21.4,3000,0,399000
SBIN27Feb20320CE.NFO,07/01/2020,09:39:36,20.7,20.8,3000,21.55,3000,0,399000
SBIN27Feb20320CE.NFO,07/01/2020,09:39:41,20.7,20.7,3000,21.35,3000,0,399000
SBIN27Feb20320CE.NFO,07/01/2020,09:39:47,20.7,20.8,3000,21.35,3000,0,399000
SBIN27Feb20320CE.NFO,07/01/2020,09:39:52,20.7,20.8,3000,21.5,3000,0,399000
SBIN27Feb20320CE.NFO,07/01/2020,09:40:08,20.7,20.95,3000,21.45,3000,0,399000
SBIN27Feb20320CE.NFO,07/01/2020,09:40:15,20.7,21,3000,21.6,3000,0,399000
SBIN27Feb20320CE.NFO,07/01/2020,09:40:21,20.7,20.85,3000,21.55,3000,0,399000
SBIN27Feb20320CE.NFO,07/01/2020,09:40:26,20.7,20.9,3000,21.6,3000,0,399000
SBIN27Feb20320CE.NFO,07/01/2020,09:40:32,20.7,20.95,3000,21.65,3000,0,399000
SBIN27Feb20320CE.NFO,07/01/2020,09:40:38,20.7,20.95,3000,21.7,3000,0,399000
SBIN27Feb20320CE.NFO,07/01/2020,09:40:43,20.7,21,3000,21.55,3000,0,399000
SBIN27Feb20320CE.NFO,07/01/2020,09:40:54,20.7,20.9,3000,21.6,3000,0,399000
SBIN27Feb20320CE.NFO,07/01/2020,09:41:00,20.7,20.9,3000,21.45,3000,0,399000
SBIN27Feb20320CE.NFO,07/01/2020,09:41:05,20.7,20.8,3000,21.45,3000,0,399000
SBIN27Feb20320CE.NFO,07/01/2020,09:41:21,20.7,20.8,3000,21.55,3000,0,399000
SBIN27Feb20320CE.NFO,07/01/2020,09:41:37,20.7,20.8,18000,21.6,3000,0,399000
SBIN27Feb20320CE.NFO,07/01/2020,09:41:41,20.7,20.95,3000,21.6,3000,0,399000
SBIN27Feb20320CE.NFO,07/01/2020,09:41:52,20.7,20.85,3000,21.55,3000,0,399000
SBIN27Feb20320CE.NFO,07/01/2020,09:41:59,20.7,20.85,3000,21.65,3000,0,399000
SBIN27Feb20320CE.NFO,07/01/2020,09:42:07,20.7,20.8,3000,21.55,3000,0,399000
SBIN27Feb20320CE.NFO,07/01/2020,09:42:14,20.7,20.8,3000,21.45,3000,0,399000
SBIN27Feb20320CE.NFO,07/01/2020,09:42:27,20.7,20.8,3000,21.6,3000,0,399000
SBIN27Feb20320CE.NFO,07/01/2020,09:42:33,20.7,20.8,3000,21.45,3000,0,399000
SBIN27Feb20320CE.NFO,07/01/2020,09:42:41,20.7,20.8,3000,21.55,3000,0,399000
SBIN27Feb20320CE.NFO,07/01/2020,09:43:07,20.7,20.75,3000,21.4,3000,0,399000
SBIN27Feb20320CE.NFO,07/01/2020,09:43:11,20.7,20.65,3000,21.4,3000,0,399000
SBIN27Feb20320CE.NFO,07/01/2020,09:43:16,20.7,20.75,3000,21.4,3000,0,399000
SBIN27Feb20320CE.NFO,07/01/2020,09:43:27,20.7,20.8,3000,21.45,3000,0,399000
SBIN27Feb20320CE.NFO,07/01/2020,09:43:37,20.7,20.8,3000,21.5,3000,0,399000
SBIN27Feb20320CE.NFO,07/01/2020,09:43:42,20.7,20.8,3000,21.45,3000,0,399000
SBIN27Feb20320CE.NFO,07/01/2020,09:43:52,20.7,20.8,18000,21.5,3000,0,399000
SBIN27Feb20320CE.NFO,07/01/2020,09:43:58,20.7,20.95,3000,21.55,3000,0,399000
SBIN27Feb20320CE.NFO,07/01/2020,09:44:16,20.7,20.95,3000,21.65,3000,0,399000
SBIN27Feb20320CE.NFO,07/01/2020,09:44:21,20.7,20.95,3000,21.55,3000,0,399000
SBIN27Feb20320CE.NFO,07/01/2020,09:44:27,20.7,21,3000,21.75,3000,0,399000
SBIN27Feb20320CE.NFO,07/01/2020,09:44:32,20.7,20.95,3000,21.75,3000,0,399000
SBIN27Feb20320CE.NFO,07/01/2020,09:44:36,20.7,21,3000,21.75,6000,0,399000
SBIN27Feb20320CE.NFO,07/01/2020,09:44:41,20.7,20.95,3000,21.75,3000,0,399000
SBIN27Feb20320CE.NFO,07/01/2020,09:44:46,20.7,20.95,3000,21.65,3000,0,399000
SBIN27Feb20320CE.NFO,07/01/2020,09:44:51,20.7,21,3000,21.75,3000,0,399000
SBIN27Feb20320CE.NFO,07/01/2020,09:44:56,20.7,21,3000,21.65,3000,0,399000
SBIN27Feb20320CE.NFO,07/01/2020,09:45:01,20.7,20.95,3000,21.75,3000,0,399000
SBIN27Feb20320CE.NFO,07/01/2020,09:45:07,20.7,21.05,3000,21.75,3000,0,399000
SBIN27Feb20320CE.NFO,07/01/2020,09:45:15,20.7,21.05,18000,21.95,3000,0,399000
SBIN27Feb20320CE.NFO,07/01/2020,09:45:22,20.7,21.3,3000,22.05,3000,0,399000
SBIN27Feb20320CE.NFO,07/01/2020,09:45:28,20.7,21.25,3000,21.95,6000,0,399000
SBIN27Feb20320CE.NFO,07/01/2020,09:45:34,20.7,21.3,3000,21.9,3000,0,399000
SBIN27Feb20320CE.NFO,07/01/2020,09:45:39,20.7,21.3,3000,21.95,6000,0,399000
SBIN27Feb20320CE.NFO,07/01/2020,09:45:45,20.7,21.3,3000,22,3000,0,399000
SBIN27Feb20320CE.NFO,07/01/2020,09:45:50,20.7,21.45,3000,22.2,3000,0,399000
SBIN27Feb20320CE.NFO,07/01/2020,09:45:56,20.7,21.45,3000,22.1,3000,0,399000
SBIN27Feb20320CE.NFO,07/01/2020,09:46:01,20.7,21.5,3000,22.15,3000,0,399000
SBIN27Feb20320CE.NFO,07/01/2020,09:46:07,20.7,21.35,3000,22.1,3000,0,399000
SBIN27Feb20320CE.NFO,07/01/2020,09:46:12,20.7,21.5,3000,22.1,3000,0,399000
SBIN27Feb20320CE.NFO,07/01/2020,09:46:17,20.7,21.5,3000,22,3000,0,399000
SBIN27Feb20320CE.NFO,07/01/2020,09:46:22,20.7,21.3,3000,22.1,3000,0,399000
SBIN27Feb20320CE.NFO,07/01/2020,09:46:28,20.7,21.3,18000,22.1,3000,0,399000
SBIN27Feb20320CE.NFO,07/01/2020,09:46:34,20.7,21.3,3000,22,3000,0,399000
SBIN27Feb20320CE.NFO,07/01/2020,09:46:40,20.7,21.3,3000,21.9,3000,0,399000
SBIN27Feb20320CE.NFO,07/01/2020,09:46:45,20.7,21.3,3000,22.05,3000,0,399000
SBIN27Feb20320CE.NFO,07/01/2020,09:46:51,20.7,21.3,3000,21.9,3000,0,399000
SBIN27Feb20320CE.NFO,07/01/2020,09:46:56,20.7,21.3,3000,22,3000,0,399000
SBIN27Feb20320CE.NFO,07/01/2020,09:47:02,20.7,21.3,3000,21.9,3000,0,399000
SBIN27Feb20320CE.NFO,07/01/2020,09:47:06,20.7,21.3,3000,21.85,3000,0,399000
SBIN27Feb20320CE.NFO,07/01/2020,09:47:11,20.7,21.3,3000,22.05,3000,0,399000
SBIN27Feb20320CE.NFO,07/01/2020,09:47:25,20.7,21.3,3000,21.95,3000,0,399000
SBIN27Feb20320CE.NFO,07/01/2020,09:47:30,20.7,21.3,3000,22.05,3000,0,399000
SBIN27Feb20320CE.NFO,07/01/2020,09:47:39,20.7,21.3,3000,21.85,3000,0,399000
SBIN27Feb20320CE.NFO,07/01/2020,09:47:43,20.7,21.3,3000,21.95,6000,0,399000
SBIN27Feb20320CE.NFO,07/01/2020,09:47:48,20.7,21.3,3000,21.9,3000,0,399000
SBIN27Feb20320CE.NFO,07/01/2020,09:47:52,20.7,21.3,3000,21.85,3000,0,399000
SBIN27Feb20320CE.NFO,07/01/2020,09:48:02,20.7,21.3,3000,21.95,3000,0,399000
SBIN27Feb20320CE.NFO,07/01/2020,09:48:07,20.7,21.3,3000,21.85,3000,0,399000
SBIN27Feb20320CE.NFO,07/01/2020,09:48:11,20.7,21.3,3000,21.95,3000,0,399000
SBIN27Feb20320CE.NFO,07/01/2020,09:48:16,20.7,21.25,3000,21.85,6000,0,399000
SBIN27Feb20320CE.NFO,07/01/2020,09:48:21,20.7,21.2,3000,21.75,3000,0,399000
SBIN27Feb20320CE.NFO,07/01/2020,09:48:26,20.7,21.25,3000,21.9,3000,0,399000
SBIN27Feb20320CE.NFO,07/01/2020,09:48:32,20.7,21.2,3000,21.85,3000,0,399000
SBIN27Feb20320CE.NFO,07/01/2020,09:48:38,20.7,21.1,3000,21.85,3000,0,399000
SBIN27Feb20320CE.NFO,07/01/2020,09:48:44,20.7,21.25,3000,21.8,3000,0,399000
SBIN27Feb20320CE.NFO,07/01/2020,09:48:50,20.7,21.2,3000,21.75,3000,0,399000
SBIN27Feb20320CE.NFO,07/01/2020,09:49:03,20.7,21.15,3000,21.7,3000,0,399000
SBIN27Feb20320CE.NFO,07/01/2020,09:49:09,20.7,21.1,3000,21.85,3000,0,399000
SBIN27Feb20320CE.NFO,07/01/2020,09:49:25,20.7,21.05,3000,21.65,3000,0,399000
SBIN27Feb20320CE.NFO,07/01/2020,09:49:32,20.7,21,3000,21.55,3000,0,399000
SBIN27Feb20320CE.NFO,07/01/2020,09:49:37,20.7,21.05,3000,21.55,3000,0,399000
SBIN27Feb20320CE.NFO,07/01/2020,09:49:48,20.7,21.05,3000,21.65,3000,0,399000
SBIN27Feb20320CE.NFO,07/01/2020,09:49:53,20.7,21,3000,21.65,3000,0,399000
SBIN27Feb20320CE.NFO,07/01/2020,09:49:58,20.7,20.95,3000,21.55,3000,0,399000
SBIN27Feb20320CE.NFO,07/01/2020,09:50:02,20.7,21.05,3000,21.5,3000,0,399000
SBIN27Feb20320CE.NFO,07/01/2020,09:50:07,20.7,21,3000,21.75,3000,0,399000
SBIN27Feb20320CE.NFO,07/01/2020,09:50:12,20.7,21,3000,21.55,3000,0,399000
SBIN27Feb20320CE.NFO,07/01/2020,09:50:23,20.7,20.95,3000,21.65,3000,0,399000
SBIN27Feb20320CE.NFO,07/01/2020,09:50:28,20.7,20.95,3000,21.55,3000,0,399000
SBIN27Feb20320CE.NFO,07/01/2020,09:50:36,20.7,20.85,3000,21.5,3000,0,399000
SBIN27Feb20320CE.NFO,07/01/2020,09:50:50,20.7,20.8,3000,21.5,3000,0,399000
SBIN27Feb20320CE.NFO,07/01/2020,09:50:55,20.7,20.8,3000,21.55,3000,0,399000
SBIN27Feb20320CE.NFO,07/01/2020,09:51:05,20.7,20.8,3000,21.45,3000,0,399000
SBIN27Feb20320CE.NFO,07/01/2020,09:51:11,20.7,20.8,3000,21.55,3000,0,399000
SBIN27Feb20320CE.NFO,07/01/2020,09:51:15,20.7,20.8,3000,21.4,3000,0,399000
SBIN27Feb20320CE.NFO,07/01/2020,09:51:19,20.7,20.8,3000,21.35,3000,0,399000
SBIN27Feb20320CE.NFO,07/01/2020,09:51:28,20.7,20.8,3000,21.45,3000,0,399000
SBIN27Feb20320CE.NFO,07/01/2020,09:51:36,20.7,20.8,3000,21.35,3000,0,399000
SBIN27Feb20320CE.NFO,07/01/2020,09:51:41,20.7,20.8,3000,21.45,3000,0,399000
SBIN27Feb20320CE.NFO,07/01/2020,09:51:46,20.7,20.8,3000,21.35,3000,0,399000
SBIN27Feb20320CE.NFO,07/01/2020,09:51:50,20.7,20.8,3000,21.45,3000,0,399000
SBIN27Feb20320CE.NFO,07/01/2020,09:52:00,20.7,20.8,3000,21.35,3000,0,399000
SBIN27Feb20320CE.NFO,07/01/2020,09:52:10,20.7,20.7,3000,21.35,3000,0,399000
SBIN27Feb20320CE.NFO,07/01/2020,09:52:15,20.7,20.8,3000,21.45,3000,0,399000
SBIN27Feb20320CE.NFO,07/01/2020,09:52:20,20.7,20.65,3000,21.25,3000,0,399000
SBIN27Feb20320CE.NFO,07/01/2020,09:52:25,20.7,20.6,3000,21.25,3000,0,399000
SBIN27Feb20320CE.NFO,07/01/2020,09:52:31,20.7,20.55,3000,21.15,3000,0,399000
SBIN27Feb20320CE.NFO,07/01/2020,09:52:36,20.7,20.55,3000,21.25,3000,0,399000
SBIN27Feb20320CE.NFO,07/01/2020,09:52:40,20.7,20.55,3000,21.15,3000,0,399000
SBIN27Feb20320CE.NFO,07/01/2020,09:52:45,20.7,20.55,3000,21.25,3000,0,399000
SBIN27Feb20320CE.NFO,07/01/2020,09:52:54,20.7,20.55,3000,21.3,3000,0,399000
SBIN27Feb20320CE.NFO,07/01/2020,09:52:59,20.7,20.55,3000,21.25,3000,0,399000
SBIN27Feb20320CE.NFO,07/01/2020,09:53:04,20.7,20.5,3000,21.25,3000,0,399000
SBIN27Feb20320CE.NFO,07/01/2020,09:53:11,20.7,20.4,6000,21.15,3000,0,399000
SBIN27Feb20320CE.NFO,07/01/2020,09:53:22,20.7,20.4,6000,20.95,3000,0,399000
SBIN27Feb20320CE.NFO,07/01/2020,09:53:27,20.7,20.4,6000,21.1,3000,0,399000
SBIN27Feb20320CE.NFO,07/01/2020,09:53:47,20.7,20.65,3000,21.25,3000,0,399000
SBIN27Feb20320CE.NFO,07/01/2020,09:53:51,20.7,20.45,3000,21.15,3000,0,399000
SBIN27Feb20320CE.NFO,07/01/2020,09:53:57,20.7,20.35,3000,21.05,3000,0,399000
SBIN27Feb20320CE.NFO,07/01/2020,09:54:02,20.7,20.5,3000,21.05,3000,0,399000
SBIN27Feb20320CE.NFO,07/01/2020,09:54:07,20.7,20.35,6000,21.05,3000,0,399000
SBIN27Feb20320CE.NFO,07/01/2020,09:54:12,20.7,20.45,3000,21.05,3000,0,399000
SBIN27Feb20320CE.NFO,07/01/2020,09:54:18,20.7,20.55,3000,21.25,3000,0,399000
SBIN27Feb20320CE.NFO,07/01/2020,09:54:23,20.7,20.55,3000,21.15,3000,0,399000
SBIN27Feb20320CE.NFO,07/01/2020,09:54:33,20.7,20.55,3000,21.25,3000,0,399000
SBIN27Feb20320CE.NFO,07/01/2020,09:54:43,20.7,20.5,3000,21.15,3000,0,399000
SBIN27Feb20320CE.NFO,07/01/2020,09:54:48,20.7,20.55,3000,21.2,3000,0,399000
SBIN27Feb20320CE.NFO,07/01/2020,09:54:53,20.7,20.55,3000,21.15,3000,0,399000
SBIN27Feb20320CE.NFO,07/01/2020,09:55:15,20.7,20.5,3000,21.15,3000,0,399000
SBIN27Feb20320CE.NFO,07/01/2020,09:55:21,20.7,20.55,6000,21.15,3000,0,399000
SBIN27Feb20320CE.NFO,07/01/2020,09:55:26,20.7,20.45,3000,21,3000,0,399000
SBIN27Feb20320CE.NFO,07/01/2020,09:55:32,20.7,20.45,3000,21.25,3000,0,399000
SBIN27Feb20320CE.NFO,07/01/2020,09:55:37,20.7,20.45,3000,21.15,3000,0,399000
SBIN27Feb20320CE.NFO,07/01/2020,09:55:42,20.7,20.35,3000,21.15,3000,0,399000
SBIN27Feb20320CE.NFO,07/01/2020,09:55:46,20.7,20.55,3000,21.05,3000,0,399000
SBIN27Feb20320CE.NFO,07/01/2020,09:55:50,20.7,20.55,3000,21.15,3000,0,399000
SBIN27Feb20320CE.NFO,07/01/2020,09:55:59,20.7,20.5,3000,20.95,3000,0,399000
SBIN27Feb20320CE.NFO,07/01/2020,09:56:04,20.7,20.3,3000,21.05,3000,0,399000
SBIN27Feb20320CE.NFO,07/01/2020,09:56:09,20.7,20.05,3000,20.75,3000,0,399000
SBIN27Feb20320CE.NFO,07/01/2020,09:56:17,20.7,20.15,6000,20.85,3000,0,399000
SBIN27Feb20320CE.NFO,07/01/2020,09:56:23,20.7,20.1,3000,21,3000,3000,396000
SBIN27Feb20320CE.NFO,07/01/2020,09:56:29,20.7,20.2,3000,20.95,3000,0,396000
SBIN27Feb20320CE.NFO,07/01/2020,09:56:35,20.7,20.25,6000,20.95,3000,0,396000
SBIN27Feb20320CE.NFO,07/01/2020,09:56:41,20.7,20.25,3000,20.95,3000,0,396000
SBIN27Feb20320CE.NFO,07/01/2020,09:56:45,20.7,20.2,3000,20.95,3000,0,396000
SBIN27Feb20320CE.NFO,07/01/2020,09:56:50,20.7,20.25,3000,20.95,3000,0,396000
SBIN27Feb20320CE.NFO,07/01/2020,09:57:02,20.7,20.15,6000,20.95,3000,0,396000
SBIN27Feb20320CE.NFO,07/01/2020,09:57:12,20.7,20.15,6000,20.95,6000,0,396000
SBIN27Feb20320CE.NFO,07/01/2020,09:57:18,20.7,20.15,6000,20.95,3000,0,396000
SBIN27Feb20320CE.NFO,07/01/2020,09:57:23,20.7,20.15,3000,20.95,3000,0,396000
SBIN27Feb20320CE.NFO,07/01/2020,09:57:29,20.7,20.2,3000,20.95,3000,0,396000
SBIN27Feb20320CE.NFO,07/01/2020,09:57:34,20.7,20.25,3000,20.95,3000,0,396000
SBIN27Feb20320CE.NFO,07/01/2020,09:57:39,20.7,20.25,6000,20.95,3000,0,396000
SBIN27Feb20320CE.NFO,07/01/2020,09:57:52,20.7,20.2,3000,20.95,3000,0,396000
SBIN27Feb20320CE.NFO,07/01/2020,09:57:56,20.7,20.15,3000,20.65,3000,0,396000
SBIN27Feb20320CE.NFO,07/01/2020,09:58:01,20.7,20.1,3000,20.5,3000,0,396000
SBIN27Feb20320CE.NFO,07/01/2020,09:58:06,20.7,20.15,6000,20.85,3000,0,396000
SBIN27Feb20320CE.NFO,07/01/2020,09:58:17,20.7,20.2,3000,20.85,3000,0,396000
SBIN27Feb20320CE.NFO,07/01/2020,09:58:22,20.7,20.3,3000,21,3000,0,396000
SBIN27Feb20320CE.NFO,07/01/2020,09:58:27,20.7,20.25,3000,21,3000,0,396000
SBIN27Feb20320CE.NFO,07/01/2020,09:58:31,20.7,20.35,3000,21,3000,0,396000
SBIN27Feb20320CE.NFO,07/01/2020,09:58:36,20.7,20.25,3000,21,3000,0,396000
SBIN27Feb20320CE.NFO,07/01/2020,09:58:40,20.7,20.15,3000,21,3000,0,396000
SBIN27Feb20320CE.NFO,07/01/2020,09:58:45,20.7,20.15,3000,21,6000,0,396000
SBIN27Feb20320CE.NFO,07/01/2020,09:58:50,20.7,20.2,3000,20.9,3000,0,396000
SBIN27Feb20320CE.NFO,07/01/2020,09:58:56,20.7,20.15,3000,20.9,3000,0,396000
SBIN27Feb20320CE.NFO,07/01/2020,09:59:02,20.7,20.15,6000,20.9,3000,0,396000
SBIN27Feb20320CE.NFO,07/01/2020,09:59:14,20.7,20.05,6000,20.9,6000,0,396000
SBIN27Feb20320CE.NFO,07/01/2020,09:59:20,20.7,20.05,6000,20.85,3000,0,396000
SBIN27Feb20320CE.NFO,07/01/2020,09:59:26,20.7,20.15,3000,20.85,3000,0,396000
SBIN27Feb20320CE.NFO,07/01/2020,09:59:31,20.7,20,3000,20.85,3000,0,396000
SBIN27Feb20320CE.NFO,07/01/2020,09:59:36,20.7,20.15,6000,20.85,3000,0,396000
SBIN27Feb20320CE.NFO,07/01/2020,09:59:41,20.7,20.25,3000,20.95,3000,0,396000
SBIN27Feb20320CE.NFO,07/01/2020,09:59:50,20.7,20.25,6000,20.95,3000,0,396000
SBIN27Feb20320CE.NFO,07/01/2020,09:59:54,20.7,20.15,3000,20.95,3000,0,396000
SBIN27Feb20320CE.NFO,07/01/2020,10:00:07,20.7,20.2,3000,20.95,3000,0,396000
SBIN27Feb20320CE.NFO,07/01/2020,10:00:14,20.7,20.15,6000,20.95,6000,0,396000
SBIN27Feb20320CE.NFO,07/01/2020,10:00:23,20.7,20.15,3000,20.8,3000,0,396000
SBIN27Feb20320CE.NFO,07/01/2020,10:00:29,20.7,19.95,6000,20.8,3000,0,396000
SBIN27Feb20320CE.NFO,07/01/2020,10:00:33,20.7,20.05,3000,20.8,3000,0,396000
SBIN27Feb20320CE.NFO,07/01/2020,10:00:38,20.7,20.1,3000,20.8,3000,0,396000
SBIN27Feb20320CE.NFO,07/01/2020,10:00:43,20.7,19.75,6000,20.55,3000,0,396000
SBIN27Feb20320CE.NFO,07/01/2020,10:00:50,20.7,19.75,3000,20.5,3000,0,396000
SBIN27Feb20320CE.NFO,07/01/2020,10:00:57,20.7,19.7,3000,20.4,3000,0,396000
SBIN27Feb20320CE.NFO,07/01/2020,10:01:02,20.7,19.8,3000,20.5,3000,0,396000
SBIN27Feb20320CE.NFO,07/01/2020,10:01:15,20.7,19.8,3000,20.45,3000,0,396000
SBIN27Feb20320CE.NFO,07/01/2020,10:01:45,20.7,19.9,3000,20.45,3000,0,396000
SBIN27Feb20320CE.NFO,07/01/2020,10:01:51,20.7,19.95,3000,20.5,6000,0,396000
SBIN27Feb20320CE.NFO,07/01/2020,10:01:57,20.7,19.85,3000,20.45,3000,0,396000
SBIN27Feb20320CE.NFO,07/01/2020,10:02:03,20.7,19.95,3000,20.5,6000,0,396000
SBIN27Feb20320CE.NFO,07/01/2020,10:02:39,20.7,20.05,3000,20.6,3000,0,396000
SBIN27Feb20320CE.NFO,07/01/2020,10:02:48,20.7,20.05,3000,20.6,6000,0,396000
SBIN27Feb20320CE.NFO,07/01/2020,10:02:53,20.7,20.05,3000,20.6,3000,0,396000
SBIN27Feb20320CE.NFO,07/01/2020,10:03:05,20.7,20.05,3000,20.75,3000,0,396000
SBIN27Feb20320CE.NFO,07/01/2020,10:03:11,20.7,20.2,3000,20.75,3000,0,396000
SBIN27Feb20320CE.NFO,07/01/2020,10:03:43,20.7,20.1,3000,20.7,3000,0,396000
SBIN27Feb20320CE.NFO,07/01/2020,10:03:48,20.7,20,3000,20.55,3000,0,396000
SBIN27Feb20320CE.NFO,07/01/2020,10:04:00,20.7,20.1,3000,20.65,3000,0,396000
SBIN27Feb20320CE.NFO,07/01/2020,10:04:06,20.7,20.1,3000,20.6,3000,0,396000
SBIN27Feb20320CE.NFO,07/01/2020,10:04:16,20.7,20.1,3000,20.65,3000,0,396000
SBIN27Feb20320CE.NFO,07/01/2020,10:04:36,20.7,20.2,3000,20.7,3000,0,396000
SBIN27Feb20320CE.NFO,07/01/2020,10:04:42,20.7,20.1,3000,20.65,3000,0,396000
SBIN27Feb20320CE.NFO,07/01/2020,10:04:47,20.7,20.1,3000,20.75,3000,0,396000
SBIN27Feb20320CE.NFO,07/01/2020,10:04:52,20.7,20.1,3000,20.7,3000,0,396000
SBIN27Feb20320CE.NFO,07/01/2020,10:05:09,20.7,20.1,3000,20.65,3000,0,396000
SBIN27Feb20320CE.NFO,07/01/2020,10:05:14,20.7,20.15,3000,20.75,3000,0,396000
SBIN27Feb20320CE.NFO,07/01/2020,10:05:18,20.7,20.2,3000,20.75,3000,0,396000
SBIN27Feb20320CE.NFO,07/01/2020,10:05:23,20.7,20.1,3000,20.65,3000,0,396000
SBIN27Feb20320CE.NFO,07/01/2020,10:05:33,20.7,20,3000,20.55,3000,0,396000
SBIN27Feb20320CE.NFO,07/01/2020,10:06:03,20.7,20,3000,20.5,3000,0,396000
SBIN27Feb20320CE.NFO,07/01/2020,10:06:10,20.7,20,3000,20.55,3000,0,396000
SBIN27Feb20320CE.NFO,07/01/2020,10:06:16,20.7,20,3000,20.5,3000,0,396000
SBIN27Feb20320CE.NFO,07/01/2020,10:06:33,20.7,20,3000,20.55,3000,0,396000
SBIN27Feb20320CE.NFO,07/01/2020,10:06:38,20.7,20,3000,20.5,3000,0,396000
SBIN27Feb20320CE.NFO,07/01/2020,10:06:43,20.7,20,3000,20.45,3000,0,396000
SBIN27Feb20320CE.NFO,07/01/2020,10:06:48,20.7,19.9,3000,20.45,3000,0,396000
SBIN27Feb20320CE.NFO,07/01/2020,10:06:54,20.7,20,3000,20.45,3000,0,396000
SBIN27Feb20320CE.NFO,07/01/2020,10:06:58,20.7,19.9,3000,20.45,3000,0,396000
SBIN27Feb20320CE.NFO,07/01/2020,10:07:08,20.7,19.9,3000,20.4,3000,0,396000
SBIN27Feb20320CE.NFO,07/01/2020,10:07:14,20.7,19.7,3000,20.25,3000,0,396000
SBIN27Feb20320CE.NFO,07/01/2020,10:07:19,20.7,19.6,3000,20.25,3000,0,396000
SBIN27Feb20320CE.NFO,07/01/2020,10:07:31,20.7,19.6,6000,20.25,3000,0,396000
SBIN27Feb20320CE.NFO,07/01/2020,10:07:38,20.7,19.7,3000,20.25,3000,0,396000
SBIN27Feb20320CE.NFO,07/01/2020,10:07:44,20.7,19.8,3000,20.35,3000,0,396000
SBIN27Feb20320CE.NFO,07/01/2020,10:07:56,20.7,19.8,3000,20.45,3000,0,396000
SBIN27Feb20320CE.NFO,07/01/2020,10:08:06,20.7,19.8,3000,20.35,3000,0,396000
SBIN27Feb20320CE.NFO,07/01/2020,10:08:10,20.7,19.85,3000,20.35,3000,0,396000
SBIN27Feb20320CE.NFO,07/01/2020,10:08:16,20.7,19.9,3000,20.45,3000,0,396000
SBIN27Feb20320CE.NFO,07/01/2020,10:08:21,20.7,19.85,3000,20.45,3000,0,396000
SBIN27Feb20320CE.NFO,07/01/2020,10:08:27,20.7,19.95,3000,20.45,3000,0,396000
SBIN27Feb20320CE.NFO,07/01/2020,10:09:03,20.7,19.95,3000,20.55,3000,0,396000
SBIN27Feb20320CE.NFO,07/01/2020,10:09:25,20.7,20.05,3000,20.55,3000,0,396000
SBIN27Feb20320CE.NFO,07/01/2020,10:09:55,20.7,20.15,3000,20.75,3000,0,396000
SBIN27Feb20320CE.NFO,07/01/2020,10:10:09,20.7,20.15,3000,20.7,6000,0,396000
SBIN27Feb20320CE.NFO,07/01/2020,10:10:15,20.7,20.15,3000,20.65,3000,0,396000
SBIN27Feb20320CE.NFO,07/01/2020,10:10:21,20.7,20.05,3000,20.65,3000,0,396000
SBIN27Feb20320CE.NFO,07/01/2020,10:10:31,20.7,20.1,3000,20.65,3000,0,396000
SBIN27Feb20320CE.NFO,07/01/2020,10:10:35,20.7,20.05,6000,20.65,3000,0,396000
SBIN27Feb20320CE.NFO,07/01/2020,10:10:40,20.7,20.05,3000,20.65,3000,0,396000
SBIN27Feb20320CE.NFO,07/01/2020,10:10:45,20.7,20.15,3000,20.65,3000,0,396000
SBIN27Feb20320CE.NFO,07/01/2020,10:11:14,20.7,20.25,3000,20.75,3000,0,396000
SBIN27Feb20320CE.NFO,07/01/2020,10:11:20,20.7,20.3,3000,20.75,3000,0,396000
SBIN27Feb20320CE.NFO,07/01/2020,10:11:25,20.7,20.3,6000,20.8,3000,0,396000
SBIN27Feb20320CE.NFO,07/01/2020,10:11:30,20.7,20.35,3000,20.85,3000,0,396000
SBIN27Feb20320CE.NFO,07/01/2020,10:11:35,20.7,20.4,3000,20.95,3000,0,396000
SBIN27Feb20320CE.NFO,07/01/2020,10:11:41,20.7,20.4,3000,21,3000,0,396000
SBIN27Feb20320CE.NFO,07/01/2020,10:11:47,20.7,20.45,3000,21.1,3000,0,396000
SBIN27Feb20320CE.NFO,07/01/2020,10:11:53,20.7,20.45,3000,21,6000,0,396000
SBIN27Feb20320CE.NFO,07/01/2020,10:12:00,20.7,20.45,3000,20.9,3000,0,396000
SBIN27Feb20320CE.NFO,07/01/2020,10:12:06,20.7,20.45,3000,20.95,3000,0,396000
SBIN27Feb20320CE.NFO,07/01/2020,10:12:12,20.7,20.55,3000,21,3000,0,396000
SBIN27Feb20320CE.NFO,07/01/2020,10:12:27,20.7,20.55,3000,21.25,3000,0,396000
SBIN27Feb20320CE.NFO,07/01/2020,10:12:32,20.7,20.55,3000,21.05,3000,0,396000
SBIN27Feb20320CE.NFO,07/01/2020,10:12:44,20.7,20.55,3000,21.15,3000,0,396000
SBIN27Feb20320CE.NFO,07/01/2020,10:12:49,20.7,20.55,3000,21.05,3000,0,396000
SBIN27Feb20320CE.NFO,07/01/2020,10:12:54,20.7,20.55,3000,21.1,3000,0,396000
SBIN27Feb20320CE.NFO,07/01/2020,10:13:00,20.7,20.55,3000,20.95,3000,0,396000
SBIN27Feb20320CE.NFO,07/01/2020,10:13:05,20.7,20.55,3000,21.25,3000,0,396000
SBIN27Feb20320CE.NFO,07/01/2020,10:13:11,20.7,20.55,3000,21.15,6000,0,396000
SBIN27Feb20320CE.NFO,07/01/2020,10:13:18,20.7,20.65,3000,21.05,3000,0,396000
SBIN27Feb20320CE.NFO,07/01/2020,10:13:24,20.7,20.65,3000,21.25,3000,0,396000
SBIN27Feb20320CE.NFO,07/01/2020,10:13:31,20.7,20.65,3000,21.1,3000,0,396000
SBIN27Feb20320CE.NFO,07/01/2020,10:13:36,20.7,20.65,3000,20.95,3000,0,396000
SBIN27Feb20320CE.NFO,07/01/2020,10:13:46,20.7,20.65,3000,21.05,3000,0,396000
SBIN27Feb20320CE.NFO,07/01/2020,10:13:53,20.7,20.65,3000,21.3,3000,0,396000
SBIN27Feb20320CE.NFO,07/01/2020,10:13:59,20.7,20.65,3000,21.1,3000,0,396000
SBIN27Feb20320CE.NFO,07/01/2020,10:14:04,20.7,20.65,3000,21,3000,0,396000
SBIN27Feb20320CE.NFO,07/01/2020,10:14:09,20.7,20.65,3000,20.95,3000,0,396000
SBIN27Feb20320CE.NFO,07/01/2020,10:14:15,20.7,20.65,3000,21.2,3000,0,396000
SBIN27Feb20320CE.NFO,07/01/2020,10:14:20,20.7,20.65,3000,21.05,3000,0,396000
SBIN27Feb20320CE.NFO,07/01/2020,10:14:26,20.7,20.65,3000,21.1,3000,0,396000
SBIN27Feb20320CE.NFO,07/01/2020,10:14:32,20.7,20.65,3000,21.1,6000,0,396000
SBIN27Feb20320CE.NFO,07/01/2020,10:14:38,20.7,20.65,3000,21,3000,0,396000
SBIN27Feb20320CE.NFO,07/01/2020,10:14:44,20.7,20.65,3000,20.9,3000,0,396000
SBIN27Feb20320CE.NFO,07/01/2020,10:15:00,20.7,20.55,3000,20.95,6000,0,396000
SBIN27Feb20320CE.NFO,07/01/2020,10:15:07,20.7,20.45,3000,20.85,3000,0,396000
SBIN27Feb20320CE.NFO,07/01/2020,10:15:12,20.7,20.55,3000,20.85,3000,0,396000
SBIN27Feb20320CE.NFO,07/01/2020,10:15:16,20.7,20.55,3000,20.9,3000,0,396000
SBIN27Feb20320CE.NFO,07/01/2020,10:15:18,20.7,20.55,3000,20.95,3000,0,396000
SBIN27Feb20320CE.NFO,07/01/2020,10:15:19,20.7,20.55,3000,20.9,3000,0,396000
SBIN27Feb20320CE.NFO,07/01/2020,10:15:20,20.7,20.55,3000,20.85,3000,0,396000
SBIN27Feb20320CE.NFO,07/01/2020,10:15:21,20.7,20.55,3000,21,3000,0,396000
SBIN27Feb20320CE.NFO,07/01/2020,10:15:22,20.7,20.55,3000,21.05,3000,0,396000
SBIN27Feb20320CE.NFO,07/01/2020,10:15:23,20.7,20.55,3000,21,3000,0,396000
SBIN27Feb20320CE.NFO,07/01/2020,10:15:24,20.7,20.55,3000,20.95,3000,0,396000
SBIN27Feb20320CE.NFO,07/01/2020,10:15:25,20.7,20.55,3000,21,6000,0,396000
SBIN27Feb20320CE.NFO,07/01/2020,10:15:26,20.7,20.55,3000,21.05,6000,0,396000
SBIN27Feb20320CE.NFO,07/01/2020,10:15:27,20.7,20.55,3000,20.9,3000,0,396000
SBIN27Feb20320CE.NFO,07/01/2020,10:15:28,20.7,20.55,3000,21.05,3000,0,396000
SBIN27Feb20320CE.NFO,07/01/2020,10:15:29,20.7,20.55,3000,20.9,3000,0,396000
SBIN27Feb20320CE.NFO,07/01/2020,10:15:30,20.7,20.55,3000,20.85,3000,0,396000
SBIN27Feb20320CE.NFO,07/01/2020,10:15:31,20.7,20.45,3000,20.9,3000,0,396000
SBIN27Feb20320CE.NFO,07/01/2020,10:15:32,20.7,20.45,3000,20.85,3000,0,396000
SBIN27Feb20320CE.NFO,07/01/2020,10:15:34,20.7,20.45,3000,20.8,3000,0,396000
SBIN27Feb20320CE.NFO,07/01/2020,10:15:35,20.7,20.45,3000,20.9,3000,0,396000
SBIN27Feb20320CE.NFO,07/01/2020,10:15:36,20.7,20.5,6000,20.8,3000,0,396000
SBIN27Feb20320CE.NFO,07/01/2020,10:15:37,20.7,20.5,3000,21,3000,0,396000
SBIN27Feb20320CE.NFO,07/01/2020,10:15:38,20.7,20.5,3000,20.85,3000,0,396000
SBIN27Feb20320CE.NFO,07/01/2020,10:15:39,20.7,20.45,3000,20.8,3000,0,396000
SBIN27Feb20320CE.NFO,07/01/2020,10:15:41,20.7,20.45,3000,21,3000,0,396000
SBIN27Feb20320CE.NFO,07/01/2020,10:15:43,20.7,20.45,3000,20.85,6000,0,396000
SBIN27Feb20320CE.NFO,07/01/2020,10:15:44,20.7,20.45,3000,20.8,3000,0,396000
SBIN27Feb20320CE.NFO,07/01/2020,10:15:46,20.7,20.4,3000,20.8,3000,0,396000
SBIN27Feb20320CE.NFO,07/01/2020,10:15:47,20.7,20.45,3000,20.9,3000,0,396000
SBIN27Feb20320CE.NFO,07/01/2020,10:15:48,20.7,20.4,3000,20.8,3000,0,396000
SBIN27Feb20320CE.NFO,07/01/2020,10:15:49,20.7,20.45,3000,20.9,3000,0,396000
SBIN27Feb20320CE.NFO,07/01/2020,10:15:50,20.7,20.4,3000,20.8,3000,0,396000
SBIN27Feb20320CE.NFO,07/01/2020,10:15:51,20.7,20.45,3000,20.8,3000,0,396000
SBIN27Feb20320CE.NFO,07/01/2020,10:15:52,20.7,20.45,3000,20.9,3000,0,396000
SBIN27Feb20320CE.NFO,07/01/2020,10:15:53,20.7,20.45,3000,20.85,3000,0,396000
SBIN27Feb20320CE.NFO,07/01/2020,10:15:54,20.7,20.4,3000,20.8,3000,0,396000
SBIN27Feb20320CE.NFO,07/01/2020,10:15:55,20.7,20.45,3000,20.9,3000,0,396000
SBIN27Feb20320CE.NFO,07/01/2020,10:15:57,20.7,20.4,3000,20.8,3000,0,396000
SBIN27Feb20320CE.NFO,07/01/2020,10:15:58,20.7,20.45,3000,20.8,3000,0,396000
SBIN27Feb20320CE.NFO,07/01/2020,10:15:59,20.7,20.4,3000,20.8,3000,0,396000
SBIN27Feb20320CE.NFO,07/01/2020,10:16:00,20.7,20.45,3000,20.8,3000,0,396000
SBIN27Feb20320CE.NFO,07/01/2020,10:16:01,20.7,20.4,3000,20.75,3000,0,396000
SBIN27Feb20320CE.NFO,07/01/2020,10:16:02,20.7,20.4,3000,20.9,3000,0,396000
SBIN27Feb20320CE.NFO,07/01/2020,10:16:03,20.7,20.45,3000,20.9,3000,0,396000
SBIN27Feb20320CE.NFO,07/01/2020,10:16:04,20.7,20.35,3000,20.9,3000,0,396000
SBIN27Feb20320CE.NFO,07/01/2020,10:16:05,20.7,20.35,3000,20.85,3000,0,396000
SBIN27Feb20320CE.NFO,07/01/2020,10:16:06,20.7,20.35,3000,20.7,3000,0,396000
SBIN27Feb20320CE.NFO,07/01/2020,10:16:09,20.7,20.35,3000,20.85,3000,0,396000
SBIN27Feb20320CE.NFO,07/01/2020,10:16:10,20.7,20.35,3000,20.75,3000,0,396000
SBIN27Feb20320CE.NFO,07/01/2020,10:16:11,20.7,20.35,3000,20.65,3000,0,396000
SBIN27Feb20320CE.NFO,07/01/2020,10:16:12,20.7,20.35,3000,20.8,3000,0,396000
SBIN27Feb20320CE.NFO,07/01/2020,10:16:13,20.7,20.35,3000,20.85,3000,0,396000
SBIN27Feb20320CE.NFO,07/01/2020,10:16:14,20.7,20.35,3000,20.7,3000,0,396000
SBIN27Feb20320CE.NFO,07/01/2020,10:16:15,20.7,20.35,3000,20.8,6000,0,396000
SBIN27Feb20320CE.NFO,07/01/2020,10:16:16,20.7,20.35,3000,20.7,3000,0,396000
SBIN27Feb20320CE.NFO,07/01/2020,10:16:17,20.7,20.35,3000,20.85,3000,0,396000
SBIN27Feb20320CE.NFO,07/01/2020,10:16:18,20.7,20.35,3000,20.75,3000,0,396000
SBIN27Feb20320CE.NFO,07/01/2020,10:16:20,20.7,20.35,3000,20.8,3000,0,396000
SBIN27Feb20320CE.NFO,07/01/2020,10:16:21,20.7,20.35,3000,20.65,3000,0,396000
SBIN27Feb20320CE.NFO,07/01/2020,10:16:22,20.7,20.35,3000,20.7,3000,0,396000
SBIN27Feb20320CE.NFO,07/01/2020,10:16:23,20.7,20.35,3000,20.75,3000,0,396000
SBIN27Feb20320CE.NFO,07/01/2020,10:16:24,20.7,20.35,3000,20.6,3000,0,396000
SBIN27Feb20320CE.NFO,07/01/2020,10:16:25,20.7,20.35,3000,20.8,3000,0,396000
SBIN27Feb20320CE.NFO,07/01/2020,10:16:27,20.7,20.35,3000,20.7,3000,0,396000
SBIN27Feb20320CE.NFO,07/01/2020,10:16:29,20.7,20.35,3000,20.65,3000,0,396000
SBIN27Feb20320CE.NFO,07/01/2020,10:16:31,20.7,20.35,3000,20.7,3000,0,396000
SBIN27Feb20320CE.NFO,07/01/2020,10:16:32,20.7,20.35,3000,20.65,3000,0,396000
SBIN27Feb20320CE.NFO,07/01/2020,10:16:33,20.7,20.35,3000,20.8,3000,0,396000
SBIN27Feb20320CE.NFO,07/01/2020,10:16:34,20.7,20.35,3000,20.65,3000,0,396000
SBIN27Feb20320CE.NFO,07/01/2020,10:16:35,20.7,20.35,3000,20.6,3000,0,396000
SBIN27Feb20320CE.NFO,07/01/2020,10:16:36,20.7,20.3,6000,20.8,3000,0,396000
SBIN27Feb20320CE.NFO,07/01/2020,10:16:37,20.7,20.3,3000,20.75,3000,0,396000
SBIN27Feb20320CE.NFO,07/01/2020,10:16:38,20.7,20.3,6000,20.75,3000,0,396000
SBIN27Feb20320CE.NFO,07/01/2020,10:16:39,20.7,20.3,6000,20.6,3000,0,396000
SBIN27Feb20320CE.NFO,07/01/2020,10:16:40,20.7,20.3,6000,20.7,3000,0,396000
SBIN27Feb20320CE.NFO,07/01/2020,10:16:41,20.7,20.3,6000,20.6,3000,0,396000
SBIN27Feb20320CE.NFO,07/01/2020,10:16:42,20.7,20.3,6000,20.7,3000,0,396000
SBIN27Feb20320CE.NFO,07/01/2020,10:16:43,20.7,20.3,6000,20.6,3000,0,396000
SBIN27Feb20320CE.NFO,07/01/2020,10:16:44,20.7,20.3,6000,20.7,3000,0,396000
SBIN27Feb20320CE.NFO,07/01/2020,10:16:45,20.7,20.35,3000,20.6,3000,0,396000
SBIN27Feb20320CE.NFO,07/01/2020,10:16:46,20.7,20.35,3000,20.65,3000,0,396000
SBIN27Feb20320CE.NFO,07/01/2020,10:16:47,20.7,20.35,3000,20.75,3000,0,396000
SBIN27Feb20320CE.NFO,07/01/2020,10:16:48,20.7,20.35,3000,20.8,3000,0,396000
SBIN27Feb20320CE.NFO,07/01/2020,10:16:49,20.7,20.35,3000,20.7,6000,0,396000
SBIN27Feb20320CE.NFO,07/01/2020,10:16:50,20.7,20.35,3000,20.9,3000,0,396000
SBIN27Feb20320CE.NFO,07/01/2020,10:16:51,20.7,20.35,3000,20.75,3000,0,396000
SBIN27Feb20320CE.NFO,07/01/2020,10:16:52,20.7,20.35,3000,20.75,6000,0,396000
SBIN27Feb20320CE.NFO,07/01/2020,10:16:53,20.7,20.35,3000,20.75,3000,0,396000
SBIN27Feb20320CE.NFO,07/01/2020,10:16:56,20.7,20.35,3000,20.8,3000,0,396000
SBIN27Feb20320CE.NFO,07/01/2020,10:16:58,20.7,20.35,3000,20.8,6000,0,396000
SBIN27Feb20320CE.NFO,07/01/2020,10:16:59,20.7,20.35,3000,20.7,3000,0,396000
SBIN27Feb20320CE.NFO,07/01/2020,10:17:00,20.7,20.35,3000,20.75,3000,0,396000
SBIN27Feb20320CE.NFO,07/01/2020,10:17:01,20.7,20.35,3000,20.8,3000,0,396000
SBIN27Feb20320CE.NFO,07/01/2020,10:17:02,20.7,20.45,3000,20.8,3000,0,396000
SBIN27Feb20320CE.NFO,07/01/2020,10:17:05,20.7,20.45,3000,20.85,3000,0,396000
SBIN27Feb20320CE.NFO,07/01/2020,10:17:06,20.7,20.45,3000,20.8,3000,0,396000
SBIN27Feb20320CE.NFO,07/01/2020,10:17:09,20.7,20.4,6000,20.8,3000,0,396000
SBIN27Feb20320CE.NFO,07/01/2020,10:17:11,20.7,20.35,3000,20.8,3000,0,396000
SBIN27Feb20320CE.NFO,07/01/2020,10:17:12,20.7,20.35,3000,20.7,3000,0,396000
SBIN27Feb20320CE.NFO,07/01/2020,10:17:14,20.7,20.35,3000,20.75,3000,0,396000
SBIN27Feb20320CE.NFO,07/01/2020,10:17:15,20.7,20.35,3000,20.8,3000,0,396000
SBIN27Feb20320CE.NFO,07/01/2020,10:17:16,20.7,20.35,3000,20.7,3000,0,396000
SBIN27Feb20320CE.NFO,07/01/2020,10:17:17,20.7,20.35,3000,20.8,3000,0,396000
SBIN27Feb20320CE.NFO,07/01/2020,10:17:18,20.7,20.25,3000,20.7,3000,0,396000
SBIN27Feb20320CE.NFO,07/01/2020,10:17:24,20.7,20.3,3000,20.7,3000,0,396000
SBIN27Feb20320CE.NFO,07/01/2020,10:17:25,20.7,20.3,6000,20.7,3000,0,396000
SBIN27Feb20320CE.NFO,07/01/2020,10:17:26,20.7,20.35,3000,20.7,3000,0,396000
SBIN27Feb20320CE.NFO,07/01/2020,10:17:33,20.7,20.3,6000,20.7,3000,0,396000
SBIN27Feb20320CE.NFO,07/01/2020,10:17:34,20.7,20.3,6000,20.6,3000,0,396000
SBIN27Feb20320CE.NFO,07/01/2020,10:17:35,20.7,20.25,3000,20.65,3000,0,396000
SBIN27Feb20320CE.NFO,07/01/2020,10:17:36,20.7,20.25,3000,20.6,3000,0,396000
SBIN27Feb20320CE.NFO,07/01/2020,10:17:38,20.7,20.25,3000,20.55,3000,0,396000
SBIN27Feb20320CE.NFO,07/01/2020,10:17:40,20.7,20.25,3000,20.5,6000,0,396000
SBIN27Feb20320CE.NFO,07/01/2020,10:17:41,20.7,20.25,3000,20.65,3000,0,396000
SBIN27Feb20320CE.NFO,07/01/2020,10:17:42,20.7,20.25,3000,20.55,3000,0,396000
SBIN27Feb20320CE.NFO,07/01/2020,10:17:43,20.7,20.25,3000,20.6,3000,0,396000
SBIN27Feb20320CE.NFO,07/01/2020,10:17:44,20.7,20.25,3000,20.5,3000,0,396000
SBIN27Feb20320CE.NFO,07/01/2020,10:17:45,20.7,20.25,3000,20.65,3000,0,396000
SBIN27Feb20320CE.NFO,07/01/2020,10:17:46,20.7,20.25,3000,20.55,3000,0,396000
SBIN27Feb20320CE.NFO,07/01/2020,10:17:47,20.7,20.25,3000,20.5,3000,0,396000
SBIN27Feb20320CE.NFO,07/01/2020,10:17:49,20.7,20.25,3000,20.55,3000,0,396000
SBIN27Feb20320CE.NFO,07/01/2020,10:17:50,20.7,20.15,3000,20.55,3000,0,396000
SBIN27Feb20320CE.NFO,07/01/2020,10:17:51,20.7,20.15,3000,20.45,3000,0,396000
SBIN27Feb20320CE.NFO,07/01/2020,10:17:52,20.7,20.15,3000,20.6,3000,0,396000
SBIN27Feb20320CE.NFO,07/01/2020,10:17:53,20.7,20.15,3000,20.55,3000,0,396000
SBIN27Feb20320CE.NFO,07/01/2020,10:17:54,20.7,20.15,3000,20.6,3000,0,396000
SBIN27Feb20320CE.NFO,07/01/2020,10:17:55,20.7,20.15,3000,20.45,3000,0,396000
SBIN27Feb20320CE.NFO,07/01/2020,10:17:56,20.7,20.15,3000,20.5,3000,0,396000
SBIN27Feb20320CE.NFO,07/01/2020,10:17:58,20.7,20.15,3000,20.55,3000,0,396000
SBIN27Feb20320CE.NFO,07/01/2020,10:17:59,20.7,20.15,3000,20.45,3000,0,396000
SBIN27Feb20320CE.NFO,07/01/2020,10:18:00,20.7,20.15,3000,20.5,3000,0,396000
SBIN27Feb20320CE.NFO,07/01/2020,10:18:01,20.7,20.15,3000,20.5,6000,0,396000
SBIN27Feb20320CE.NFO,07/01/2020,10:18:02,20.7,20.15,3000,20.5,3000,0,396000
SBIN27Feb20320CE.NFO,07/01/2020,10:18:06,20.7,20.15,3000,20.55,3000,0,396000
SBIN27Feb20320CE.NFO,07/01/2020,10:18:23,20.7,20.15,3000,20.5,3000,0,396000
SBIN27Feb20320CE.NFO,07/01/2020,10:18:26,20.7,20.15,3000,20.55,3000,0,396000
SBIN27Feb20320CE.NFO,07/01/2020,10:18:30,20.7,20.25,3000,20.6,3000,0,396000
SBIN27Feb20320CE.NFO,07/01/2020,10:18:36,20.7,20.2,6000,20.6,3000,0,396000
SBIN27Feb20320CE.NFO,07/01/2020,10:18:46,20.7,20.25,3000,20.6,3000,0,396000
SBIN27Feb20320CE.NFO,07/01/2020,10:18:51,20.7,20.15,3000,20.65,3000,0,396000
SBIN27Feb20320CE.NFO,07/01/2020,10:18:56,20.7,20.15,3000,20.55,3000,0,396000
SBIN27Feb20320CE.NFO,07/01/2020,10:19:17,20.7,20.1,6000,20.5,3000,0,396000
SBIN27Feb20320CE.NFO,07/01/2020,10:19:35,20.7,20.15,3000,20.55,3000,0,396000
SBIN27Feb20320CE.NFO,07/01/2020,10:19:39,20.7,20.15,3000,20.5,3000,0,396000
SBIN27Feb20320CE.NFO,07/01/2020,10:19:44,20.7,20.15,3000,20.6,3000,0,396000
SBIN27Feb20320CE.NFO,07/01/2020,10:19:55,20.7,20.25,3000,20.6,3000,0,396000
SBIN27Feb20320CE.NFO,07/01/2020,10:20:01,20.7,20.25,3000,20.65,3000,0,396000
SBIN27Feb20320CE.NFO,07/01/2020,10:20:10,20.7,20.25,3000,20.6,3000,0,396000
SBIN27Feb20320CE.NFO,07/01/2020,10:20:15,20.7,20.25,3000,20.55,3000,0,396000
SBIN27Feb20320CE.NFO,07/01/2020,10:20:20,20.7,20.25,3000,20.75,3000,0,396000
SBIN27Feb20320CE.NFO,07/01/2020,10:20:24,20.7,20.25,3000,20.6,3000,0,396000
SBIN27Feb20320CE.NFO,07/01/2020,10:20:29,20.7,20.25,3000,20.65,3000,0,396000
SBIN27Feb20320CE.NFO,07/01/2020,10:20:34,20.7,20.25,3000,20.7,3000,0,396000
SBIN27Feb20320CE.NFO,07/01/2020,10:20:38,20.7,20.25,3000,20.6,3000,0,396000
SBIN27Feb20320CE.NFO,07/01/2020,10:20:41,20.7,20.25,3000,20.65,3000,0,396000
SBIN27Feb20320CE.NFO,07/01/2020,10:20:46,20.7,20.2,6000,20.65,3000,0,396000
SBIN27Feb20320CE.NFO,07/01/2020,10:20:50,20.7,20.25,3000,20.7,3000,0,396000
SBIN27Feb20320CE.NFO,07/01/2020,10:21:08,20.7,20.25,6000,20.7,3000,0,396000
SBIN27Feb20320CE.NFO,07/01/2020,10:21:13,20.7,20.3,6000,20.7,3000,0,396000
SBIN27Feb20320CE.NFO,07/01/2020,10:21:17,20.7,20.25,3000,20.75,3000,0,396000
SBIN27Feb20320CE.NFO,07/01/2020,10:21:28,20.7,20.35,3000,20.75,3000,0,396000
SBIN27Feb20320CE.NFO,07/01/2020,10:21:33,20.7,20.3,6000,20.75,3000,0,396000
SBIN27Feb20320CE.NFO,07/01/2020,10:21:56,20.7,20.35,3000,20.75,3000,0,396000
SBIN27Feb20320CE.NFO,07/01/2020,10:22:00,20.7,20.35,3000,20.8,3000,0,396000
SBIN27Feb20320CE.NFO,07/01/2020,10:22:04,20.7,20.35,3000,20.7,3000,0,396000
SBIN27Feb20320CE.NFO,07/01/2020,10:22:09,20.7,20.3,6000,20.7,3000,0,396000
SBIN27Feb20320CE.NFO,07/01/2020,10:22:14,20.7,20.3,3000,20.75,3000,0,396000
SBIN27Feb20320CE.NFO,07/01/2020,10:22:19,20.7,20.3,6000,20.7,3000,0,396000
SBIN27Feb20320CE.NFO,07/01/2020,10:22:23,20.7,20.3,6000,20.65,3000,0,396000
SBIN27Feb20320CE.NFO,07/01/2020,10:22:31,20.7,20.3,6000,20.7,3000,0,396000
SBIN27Feb20320CE.NFO,07/01/2020,10:22:47,20.7,20.15,3000,20.55,3000,0,396000
SBIN27Feb20320CE.NFO,07/01/2020,10:22:53,20.7,20.15,3000,20.6,3000,0,396000
SBIN27Feb20320CE.NFO,07/01/2020,10:22:58,20.7,20.15,3000,20.55,3000,0,396000
SBIN27Feb20320CE.NFO,07/01/2020,10:23:04,20.7,20.2,3000,20.6,3000,0,396000
SBIN27Feb20320CE.NFO,07/01/2020,10:23:09,20.7,20.25,3000,20.7,3000,0,396000
SBIN27Feb20320CE.NFO,07/01/2020,10:23:14,20.7,20.3,6000,20.75,3000,0,396000
SBIN27Feb20320CE.NFO,07/01/2020,10:23:19,20.7,20.25,3000,20.75,3000,0,396000
SBIN27Feb20320CE.NFO,07/01/2020,10:23:33,20.7,20.25,3000,20.65,3000,0,396000
SBIN27Feb20320CE.NFO,07/01/2020,10:23:53,20.7,20.15,3000,20.65,3000,0,396000
SBIN27Feb20320CE.NFO,07/01/2020,10:23:57,20.7,20.2,3000,20.65,3000,0,396000
SBIN27Feb20320CE.NFO,07/01/2020,10:24:04,20.7,20.15,3000,20.65,3000,0,396000
SBIN27Feb20320CE.NFO,07/01/2020,10:24:08,20.7,20.1,3000,20.6,3000,0,396000
SBIN27Feb20320CE.NFO,07/01/2020,10:24:13,20.7,20.1,3000,20.55,3000,0,396000
SBIN27Feb20320CE.NFO,07/01/2020,10:24:22,20.7,20.1,3000,20.6,3000,0,396000
SBIN27Feb20320CE.NFO,07/01/2020,10:24:30,20.7,20.15,3000,20.6,3000,0,396000
SBIN27Feb20320CE.NFO,07/01/2020,10:24:37,20.7,19.95,3000,20.55,3000,0,396000
SBIN27Feb20320CE.NFO,07/01/2020,10:24:41,20.7,20.1,3000,20.55,3000,0,396000
SBIN27Feb20320CE.NFO,07/01/2020,10:24:45,20.7,20,3000,20.6,3000,0,396000
SBIN27Feb20320CE.NFO,07/01/2020,10:24:49,20.7,20.05,3000,20.6,3000,0,396000
SBIN27Feb20320CE.NFO,07/01/2020,10:24:53,20.7,20,3000,20.55,3000,0,396000
SBIN27Feb20320CE.NFO,07/01/2020,10:24:57,20.7,20.05,3000,20.55,3000,0,396000
SBIN27Feb20320CE.NFO,07/01/2020,10:25:02,20.7,19.95,3000,20.55,3000,0,396000
SBIN27Feb20320CE.NFO,07/01/2020,10:25:10,20.7,20.05,3000,20.5,3000,0,396000
SBIN27Feb20320CE.NFO,07/01/2020,10:25:14,20.7,19.95,3000,20.55,3000,0,396000
SBIN27Feb20320CE.NFO,07/01/2020,10:25:18,20.7,20.05,3000,20.55,3000,0,396000
SBIN27Feb20320CE.NFO,07/01/2020,10:25:22,20.7,20.05,3000,20.5,3000,0,396000
SBIN27Feb20320CE.NFO,07/01/2020,10:25:30,20.7,20,3000,20.5,3000,0,396000
SBIN27Feb20320CE.NFO,07/01/2020,10:25:34,20.7,19.95,3000,20.5,3000,0,396000
SBIN27Feb20320CE.NFO,07/01/2020,10:25:43,20.7,19.9,3000,20.5,3000,0,396000
SBIN27Feb20320CE.NFO,07/01/2020,10:25:47,20.7,20,3000,20.5,3000,0,396000
SBIN27Feb20320CE.NFO,07/01/2020,10:26:03,20.7,19.85,3000,20.5,3000,0,396000
SBIN27Feb20320CE.NFO,07/01/2020,10:26:07,20.7,19.95,3000,20.5,3000,0,396000
SBIN27Feb20320CE.NFO,07/01/2020,10:26:21,20.7,20.05,3000,20.55,3000,0,396000
SBIN27Feb20320CE.NFO,07/01/2020,10:26:32,20.7,19.95,3000,20.5,3000,0,396000
SBIN27Feb20320CE.NFO,07/01/2020,10:26:35,20.7,20.1,3000,20.55,3000,0,396000
SBIN27Feb20320CE.NFO,07/01/2020,10:26:48,20.7,20,3000,20.6,3000,0,396000
SBIN27Feb20320CE.NFO,07/01/2020,10:26:52,20.7,19.95,3000,20.6,3000,0,396000
SBIN27Feb20320CE.NFO,07/01/2020,10:26:57,20.7,20.05,3000,20.6,3000,0,396000
SBIN27Feb20320CE.NFO,07/01/2020,10:27:06,20.7,20.1,3000,20.6,3000,0,396000
SBIN27Feb20320CE.NFO,07/01/2020,10:27:10,20.7,20.05,3000,20.6,3000,0,396000
SBIN27Feb20320CE.NFO,07/01/2020,10:27:14,20.7,20.15,3000,20.6,3000,0,396000
SBIN27Feb20320CE.NFO,07/01/2020,10:27:22,20.7,20.05,3000,20.6,3000,0,396000
SBIN27Feb20320CE.NFO,07/01/2020,10:27:26,20.7,20.15,3000,20.65,3000,0,396000
SBIN27Feb20320CE.NFO,07/01/2020,10:27:30,20.7,20.1,3000,20.6,3000,0,396000
SBIN27Feb20320CE.NFO,07/01/2020,10:27:34,20.7,20.1,3000,20.65,3000,0,396000
SBIN27Feb20320CE.NFO,07/01/2020,10:27:47,20.7,20,3000,20.6,3000,0,396000
SBIN27Feb20320CE.NFO,07/01/2020,10:27:55,20.7,20.1,3000,20.6,3000,0,396000
SBIN27Feb20320CE.NFO,07/01/2020,10:28:00,20.7,20.05,3000,20.6,3000,0,396000
SBIN27Feb20320CE.NFO,07/01/2020,10:28:08,20.7,20.1,3000,20.6,3000,0,396000
SBIN27Feb20320CE.NFO,07/01/2020,10:28:13,20.7,20.05,3000,20.6,3000,0,396000
SBIN27Feb20320CE.NFO,07/01/2020,10:28:17,20.7,20.1,3000,20.6,3000,0,396000
SBIN27Feb20320CE.NFO,07/01/2020,10:28:22,20.7,20,3000,20.6,3000,0,396000
SBIN27Feb20320CE.NFO,07/01/2020,10:28:27,20.7,20.1,3000,20.6,3000,0,396000
SBIN27Feb20320CE.NFO,07/01/2020,10:28:36,20.7,20,3000,20.6,3000,0,396000
SBIN27Feb20320CE.NFO,07/01/2020,10:28:40,20.7,19.95,3000,20.6,3000,0,396000
SBIN27Feb20320CE.NFO,07/01/2020,10:28:46,20.7,20.1,3000,20.6,3000,0,396000
SBIN27Feb20320CE.NFO,07/01/2020,10:28:49,20.7,19.95,3000,20.6,3000,0,396000
SBIN27Feb20320CE.NFO,07/01/2020,10:28:52,20.7,20.05,3000,20.6,3000,0,396000
SBIN27Feb20320CE.NFO,07/01/2020,10:28:56,20.7,20.1,3000,20.65,3000,0,396000
SBIN27Feb20320CE.NFO,07/01/2020,10:29:03,20.7,20.05,3000,20.65,3000,0,396000
SBIN27Feb20320CE.NFO,07/01/2020,10:29:10,20.7,20.05,3000,20.6,3000,0,396000
SBIN27Feb20320CE.NFO,07/01/2020,10:29:29,20.7,20.1,3000,20.6,3000,0,396000
SBIN27Feb20320CE.NFO,07/01/2020,10:29:32,20.7,20.05,3000,20.6,3000,0,396000
SBIN27Feb20320CE.NFO,07/01/2020,10:29:36,20.7,20.1,3000,20.6,3000,0,396000
SBIN27Feb20320CE.NFO,07/01/2020,10:29:39,20.7,20.05,3000,20.6,3000,0,396000
SBIN27Feb20320CE.NFO,07/01/2020,10:29:43,20.7,20.1,3000,20.6,3000,0,396000
SBIN27Feb20320CE.NFO,07/01/2020,10:29:46,20.7,20.05,3000,20.6,3000,0,396000
SBIN27Feb20320CE.NFO,07/01/2020,10:29:49,20.7,20.1,3000,20.6,3000,0,396000
SBIN27Feb20320CE.NFO,07/01/2020,10:30:01,20.7,20.1,3000,20.65,3000,0,396000
SBIN27Feb20320CE.NFO,07/01/2020,10:30:05,20.7,20.15,3000,20.65,3000,0,396000
SBIN27Feb20320CE.NFO,07/01/2020,10:30:11,20.7,20.15,3000,20.7,3000,0,396000
SBIN27Feb20320CE.NFO,07/01/2020,10:30:54,20.7,20.2,3000,20.7,3000,0,396000
SBIN27Feb20320CE.NFO,07/01/2020,10:30:59,20.7,20.15,3000,20.7,3000,0,396000
SBIN27Feb20320CE.NFO,07/01/2020,10:31:07,20.7,20.15,3000,20.75,3000,0,396000
SBIN27Feb20320CE.NFO,07/01/2020,10:31:24,20.7,20.1,3000,20.75,3000,0,396000
SBIN27Feb20320CE.NFO,07/01/2020,10:31:28,20.7,20.2,3000,20.7,3000,0,396000
SBIN27Feb20320CE.NFO,07/01/2020,10:31:32,20.7,20.25,3000,20.7,3000,0,396000
SBIN27Feb20320CE.NFO,07/01/2020,10:31:36,20.7,20.2,3000,20.7,3000,0,396000
SBIN27Feb20320CE.NFO,07/01/2020,10:31:39,20.7,20.1,3000,20.7,3000,0,396000
SBIN27Feb20320CE.NFO,07/01/2020,10:31:48,20.7,20.1,3000,20.6,3000,0,396000
SBIN27Feb20320CE.NFO,07/01/2020,10:31:55,20.7,20.2,3000,20.6,3000,0,396000
SBIN27Feb20320CE.NFO,07/01/2020,10:32:14,20.7,20.1,3000,20.6,3000,0,396000
SBIN27Feb20320CE.NFO,07/01/2020,10:32:19,20.7,20,3000,20.5,3000,0,396000
SBIN27Feb20320CE.NFO,07/01/2020,10:32:28,20.7,19.9,3000,20.45,3000,0,396000
SBIN27Feb20320CE.NFO,07/01/2020,10:32:37,20.7,19.95,3000,20.5,3000,0,396000
SBIN27Feb20320CE.NFO,07/01/2020,10:32:56,20.7,20,3000,20.5,3000,0,396000
SBIN27Feb20320CE.NFO,07/01/2020,10:33:12,20.7,19.9,3000,20.5,3000,0,396000
SBIN27Feb20320CE.NFO,07/01/2020,10:33:18,20.7,19.95,3000,20.5,3000,0,396000
SBIN27Feb20320CE.NFO,07/01/2020,10:33:25,20.7,19.9,3000,20.5,3000,0,396000
SBIN27Feb20320CE.NFO,07/01/2020,10:33:33,20.7,19.95,3000,20.5,3000,0,396000
SBIN27Feb20320CE.NFO,07/01/2020,10:33:36,20.7,19.9,3000,20.5,3000,0,396000
SBIN27Feb20320CE.NFO,07/01/2020,10:33:40,20.7,19.95,3000,20.5,3000,0,396000
SBIN27Feb20320CE.NFO,07/01/2020,10:33:52,20.7,20,3000,20.5,3000,0,396000
SBIN27Feb20320CE.NFO,07/01/2020,10:33:55,20.7,19.95,3000,20.5,3000,0,396000
SBIN27Feb20320CE.NFO,07/01/2020,10:33:57,20.7,19.9,3000,20.5,3000,0,396000
SBIN27Feb20320CE.NFO,07/01/2020,10:34:00,20.7,19.95,3000,20.5,3000,0,396000
SBIN27Feb20320CE.NFO,07/01/2020,10:34:06,20.7,19.9,3000,20.5,3000,0,396000
SBIN27Feb20320CE.NFO,07/01/2020,10:34:09,20.7,19.95,3000,20.5,3000,0,396000
SBIN27Feb20320CE.NFO,07/01/2020,10:34:13,20.7,19.9,3000,20.5,3000,0,396000
SBIN27Feb20320CE.NFO,07/01/2020,10:34:20,20.7,20,3000,20.5,3000,0,396000
SBIN27Feb20320CE.NFO,07/01/2020,10:34:33,20.7,20.05,3000,20.55,3000,0,396000
SBIN27Feb20320CE.NFO,07/01/2020,10:34:37,20.7,20.05,3000,20.6,3000,0,396000
SBIN27Feb20320CE.NFO,07/01/2020,10:34:41,20.7,20.1,3000,20.6,3000,0,396000
SBIN27Feb20320CE.NFO,07/01/2020,10:34:46,20.7,20.05,3000,20.6,3000,0,396000
SBIN27Feb20320CE.NFO,07/01/2020,10:34:51,20.7,20.1,3000,20.6,3000,0,396000
SBIN27Feb20320CE.NFO,07/01/2020,10:35:03,20.7,20.05,3000,20.6,3000,0,396000
SBIN27Feb20320CE.NFO,07/01/2020,10:35:10,20.7,20.1,3000,20.6,3000,0,396000
SBIN27Feb20320CE.NFO,07/01/2020,10:35:20,20.7,20.1,3000,20.65,3000,0,396000
SBIN27Feb20320CE.NFO,07/01/2020,10:35:23,20.7,20.1,3000,20.6,3000,0,396000
SBIN27Feb20320CE.NFO,07/01/2020,10:35:30,20.7,20.15,3000,20.65,3000,0,396000
SBIN27Feb20320CE.NFO,07/01/2020,10:35:34,20.7,20.05,3000,20.6,3000,0,396000
SBIN27Feb20320CE.NFO,07/01/2020,10:35:45,20.7,20.1,3000,20.6,3000,0,396000
SBIN27Feb20320CE.NFO,07/01/2020,10:35:58,20.7,20.05,3000,20.6,3000,0,396000
SBIN27Feb20320CE.NFO,07/01/2020,10:36:01,20.7,20.15,3000,20.7,3000,0,396000
SBIN27Feb20320CE.NFO,07/01/2020,10:36:19,20.7,20.2,3000,20.7,3000,0,396000
SBIN27Feb20320CE.NFO,07/01/2020,10:36:28,20.7,20.15,3000,20.7,3000,0,396000
SBIN27Feb20320CE.NFO,07/01/2020,10:36:32,20.7,20.2,3000,20.7,3000,0,396000
SBIN27Feb20320CE.NFO,07/01/2020,10:36:34,20.7,20.15,3000,20.7,3000,0,396000
SBIN27Feb20320CE.NFO,07/01/2020,10:36:37,20.7,20.2,3000,20.7,3000,0,396000
SBIN27Feb20320CE.NFO,07/01/2020,10:36:40,20.7,20.15,3000,20.7,3000,0,396000
SBIN27Feb20320CE.NFO,07/01/2020,10:36:43,20.7,20.25,3000,20.7,3000,0,396000
SBIN27Feb20320CE.NFO,07/01/2020,10:36:46,20.7,20.2,3000,20.7,3000,0,396000
SBIN27Feb20320CE.NFO,07/01/2020,10:36:50,20.7,20.25,3000,20.75,3000,0,396000
SBIN27Feb20320CE.NFO,07/01/2020,10:36:56,20.7,20.25,3000,20.8,3000,0,396000
SBIN27Feb20320CE.NFO,07/01/2020,10:37:04,20.7,20.2,3000,20.8,3000,0,396000
SBIN27Feb20320CE.NFO,07/01/2020,10:37:12,20.7,20.2,3000,20.75,3000,0,396000
SBIN27Feb20320CE.NFO,07/01/2020,10:37:15,20.7,20.2,3000,20.8,3000,0,396000
SBIN27Feb20320CE.NFO,07/01/2020,10:37:19,20.7,20.2,3000,20.7,3000,0,396000
SBIN27Feb20320CE.NFO,07/01/2020,10:37:30,20.7,20.1,3000,20.7,3000,0,396000
SBIN27Feb20320CE.NFO,07/01/2020,10:37:36,20.7,20.15,3000,20.7,3000,0,396000
SBIN27Feb20320CE.NFO,07/01/2020,10:37:41,20.7,20.1,3000,20.7,3000,0,396000
SBIN27Feb20320CE.NFO,07/01/2020,10:37:45,20.7,20.2,3000,20.7,3000,0,396000
SBIN27Feb20320CE.NFO,07/01/2020,10:37:48,20.7,20.15,3000,20.7,3000,0,396000
SBIN27Feb20320CE.NFO,07/01/2020,10:37:52,20.7,20.1,3000,20.7,3000,0,396000
SBIN27Feb20320CE.NFO,07/01/2020,10:37:55,20.7,20.15,3000,20.7,3000,0,396000
SBIN27Feb20320CE.NFO,07/01/2020,10:38:02,20.7,20.15,3000,20.6,3000,0,396000
SBIN27Feb20320CE.NFO,07/01/2020,10:38:06,20.7,20.05,3000,20.6,3000,0,396000
SBIN27Feb20320CE.NFO,07/01/2020,10:38:08,20.7,20.1,3000,20.6,3000,0,396000
SBIN27Feb20320CE.NFO,07/01/2020,10:38:25,20.7,20,3000,20.6,3000,0,396000
SBIN27Feb20320CE.NFO,07/01/2020,10:38:28,20.7,20.1,3000,20.6,3000,0,396000
SBIN27Feb20320CE.NFO,07/01/2020,10:38:32,20.7,20,3000,20.6,3000,0,396000
SBIN27Feb20320CE.NFO,07/01/2020,10:38:40,20.7,20.05,3000,20.6,3000,0,396000
SBIN27Feb20320CE.NFO,07/01/2020,10:38:42,20.7,19.95,3000,20.6,3000,0,396000
SBIN27Feb20320CE.NFO,07/01/2020,10:38:48,20.7,20,3000,20.6,3000,0,396000
SBIN27Feb20320CE.NFO,07/01/2020,10:39:02,20.7,19.95,3000,20.5,3000,0,396000
SBIN27Feb20320CE.NFO,07/01/2020,10:39:12,20.7,20,3000,20.5,3000,0,396000
SBIN27Feb20320CE.NFO,07/01/2020,10:39:20,20.7,19.95,3000,20.5,3000,0,396000
SBIN27Feb20320CE.NFO,07/01/2020,10:39:24,20.7,20,3000,20.5,3000,0,396000
SBIN27Feb20320CE.NFO,07/01/2020,10:39:32,20.7,19.95,3000,20.5,3000,0,396000
SBIN27Feb20320CE.NFO,07/01/2020,10:39:35,20.7,20,3000,20.5,3000,0,396000
SBIN27Feb20320CE.NFO,07/01/2020,10:39:38,20.7,19.95,3000,20.5,3000,0,396000
SBIN27Feb20320CE.NFO,07/01/2020,10:39:41,20.7,20,3000,20.5,3000,0,396000
SBIN27Feb20320CE.NFO,07/01/2020,10:39:45,20.7,19.95,3000,20.5,3000,0,396000
SBIN27Feb20320CE.NFO,07/01/2020,10:40:12,20.7,20,3000,20.5,3000,0,396000
SBIN27Feb20320CE.NFO,07/01/2020,10:40:17,20.7,19.95,3000,20.5,3000,0,396000
SBIN27Feb20320CE.NFO,07/01/2020,10:40:21,20.7,20,3000,20.5,3000,0,396000
SBIN27Feb20320CE.NFO,07/01/2020,10:40:40,20.7,20,3000,20.55,3000,0,396000
SBIN27Feb20320CE.NFO,07/01/2020,10:40:44,20.7,20.05,3000,20.55,3000,0,396000
SBIN27Feb20320CE.NFO,07/01/2020,10:40:48,20.7,20.1,3000,20.55,3000,0,396000
SBIN27Feb20320CE.NFO,07/01/2020,10:40:53,20.7,20.1,3000,20.6,3000,0,396000
SBIN27Feb20320CE.NFO,07/01/2020,10:40:57,20.7,20.05,3000,20.6,3000,0,396000
SBIN27Feb20320CE.NFO,07/01/2020,10:41:00,20.7,20.1,3000,20.6,3000,0,396000
SBIN27Feb20320CE.NFO,07/01/2020,10:41:13,20.7,20.15,3000,20.6,3000,0,396000
SBIN27Feb20320CE.NFO,07/01/2020,10:41:22,20.7,20.1,3000,20.6,3000,0,396000
SBIN27Feb20320CE.NFO,07/01/2020,10:41:29,20.7,20.15,3000,20.7,3000,0,396000
SBIN27Feb20320CE.NFO,07/01/2020,10:41:42,20.7,20.15,3000,20.75,3000,0,396000
SBIN27Feb20320CE.NFO,07/01/2020,10:41:53,20.7,20.3,3000,20.8,3000,0,396000
SBIN27Feb20320CE.NFO,07/01/2020,10:41:57,20.7,20.25,3000,20.8,3000,0,396000
SBIN27Feb20320CE.NFO,07/01/2020,10:42:06,20.7,20.3,3000,20.8,3000,0,396000
SBIN27Feb20320CE.NFO,07/01/2020,10:42:11,20.7,20.2,3000,20.7,3000,0,396000
SBIN27Feb20320CE.NFO,07/01/2020,10:42:48,20.7,20.15,3000,20.65,3000,0,396000
SBIN27Feb20320CE.NFO,07/01/2020,10:42:52,20.7,20.15,3000,20.6,3000,0,396000
SBIN27Feb20320CE.NFO,07/01/2020,10:42:53,20.7,20.1,6000,20.6,3000,0,396000
SBIN27Feb20320CE.NFO,07/01/2020,10:42:56,20.7,20.15,3000,20.65,3000,0,396000
SBIN27Feb20320CE.NFO,07/01/2020,10:43:10,20.7,20.15,3000,20.6,3000,0,396000
SBIN27Feb20320CE.NFO,07/01/2020,10:43:11,20.7,20.15,3000,20.65,3000,0,396000
SBIN27Feb20320CE.NFO,07/01/2020,10:43:12,20.7,20.15,3000,20.6,3000,0,396000
SBIN27Feb20320CE.NFO,07/01/2020,10:43:13,20.7,20.15,3000,20.65,3000,0,396000
SBIN27Feb20320CE.NFO,07/01/2020,10:43:14,20.7,20.1,6000,20.6,3000,0,396000
SBIN27Feb20320CE.NFO,07/01/2020,10:43:17,20.7,20.15,3000,20.6,3000,0,396000
SBIN27Feb20320CE.NFO,07/01/2020,10:43:18,20.7,20.15,3000,20.65,3000,0,396000
SBIN27Feb20320CE.NFO,07/01/2020,10:43:20,20.7,20.1,3000,20.6,3000,0,396000
SBIN27Feb20320CE.NFO,07/01/2020,10:43:22,20.7,20.1,6000,20.6,3000,0,396000
SBIN27Feb20320CE.NFO,07/01/2020,10:43:22,20.7,20.15,3000,20.65,3000,0,396000
SBIN27Feb20320CE.NFO,07/01/2020,10:43:23,20.7,20.1,6000,20.6,3000,0,396000
SBIN27Feb20320CE.NFO,07/01/2020,10:43:24,20.7,20.15,3000,20.65,3000,0,396000
SBIN27Feb20320CE.NFO,07/01/2020,10:43:25,20.7,20.2,3000,20.65,3000,0,396000
SBIN27Feb20320CE.NFO,07/01/2020,10:43:29,20.7,20.2,3000,20.6,3000,0,396000
SBIN27Feb20320CE.NFO,07/01/2020,10:43:30,20.7,20.2,3000,20.65,3000,0,396000
SBIN27Feb20320CE.NFO,07/01/2020,10:43:31,20.7,20.2,3000,20.6,3000,0,396000
SBIN27Feb20320CE.NFO,07/01/2020,10:43:37,20.7,20.1,6000,20.6,3000,0,396000
SBIN27Feb20320CE.NFO,07/01/2020,10:43:38,20.7,20.15,3000,20.65,3000,0,396000
SBIN27Feb20320CE.NFO,07/01/2020,10:43:40,20.7,20.15,3000,20.6,3000,0,396000
SBIN27Feb20320CE.NFO,07/01/2020,10:43:41,20.7,20.15,3000,20.65,3000,0,396000
SBIN27Feb20320CE.NFO,07/01/2020,10:43:42,20.7,20.1,6000,20.6,3000,0,396000
SBIN27Feb20320CE.NFO,07/01/2020,10:43:44,20.7,20.15,3000,20.6,3000,0,396000
SBIN27Feb20320CE.NFO,07/01/2020,10:43:45,20.7,20.1,6000,20.6,3000,0,396000
SBIN27Feb20320CE.NFO,07/01/2020,10:43:47,20.7,20.15,3000,20.6,3000,0,396000
SBIN27Feb20320CE.NFO,07/01/2020,10:43:48,20.7,20.1,6000,20.6,3000,0,396000
SBIN27Feb20320CE.NFO,07/01/2020,10:43:49,20.7,20.15,3000,20.6,3000,0,396000
SBIN27Feb20320CE.NFO,07/01/2020,10:43:51,20.7,20.1,6000,20.6,3000,0,396000
SBIN27Feb20320CE.NFO,07/01/2020,10:43:52,20.7,20.15,3000,20.6,3000,0,396000
SBIN27Feb20320CE.NFO,07/01/2020,10:43:53,20.7,20.1,6000,20.6,3000,0,396000
SBIN27Feb20320CE.NFO,07/01/2020,10:43:54,20.7,20.1,3000,20.6,3000,0,396000
SBIN27Feb20320CE.NFO,07/01/2020,10:43:55,20.7,20.15,3000,20.6,3000,0,396000
SBIN27Feb20320CE.NFO,07/01/2020,10:43:57,20.7,20.1,3000,20.6,3000,0,396000
SBIN27Feb20320CE.NFO,07/01/2020,10:44:05,20.7,20.1,3000,20.55,3000,0,396000
SBIN27Feb20320CE.NFO,07/01/2020,10:44:06,20.7,20.1,3000,20.5,3000,0,396000
SBIN27Feb20320CE.NFO,07/01/2020,10:44:10,20.7,20.1,3000,20.55,3000,0,396000
SBIN27Feb20320CE.NFO,07/01/2020,10:44:11,20.7,20.1,3000,20.5,3000,0,396000
SBIN27Feb20320CE.NFO,07/01/2020,10:44:30,20.7,20.05,3000,20.5,3000,0,396000
SBIN27Feb20320CE.NFO,07/01/2020,10:44:30,20.7,20.05,3000,20.55,3000,0,396000
SBIN27Feb20320CE.NFO,07/01/2020,10:44:31,20.7,20.05,6000,20.55,3000,0,396000
SBIN27Feb20320CE.NFO,07/01/2020,10:44:32,20.7,20.1,3000,20.55,3000,0,396000
SBIN27Feb20320CE.NFO,07/01/2020,10:44:38,20.7,20.1,3000,20.5,3000,0,396000
SBIN27Feb20320CE.NFO,07/01/2020,10:44:42,20.7,20.1,3000,20.55,3000,0,396000
SBIN27Feb20320CE.NFO,07/01/2020,10:44:43,20.7,20.1,3000,20.5,3000,0,396000
SBIN27Feb20320CE.NFO,07/01/2020,10:44:52,20.7,20.05,3000,20.5,3000,0,396000
SBIN27Feb20320CE.NFO,07/01/2020,10:44:55,20.7,20,6000,20.5,3000,0,396000
SBIN27Feb20320CE.NFO,07/01/2020,10:44:58,20.7,20,3000,20.5,3000,0,396000
SBIN27Feb20320CE.NFO,07/01/2020,10:45:00,20.7,20,3000,20.4,3000,0,396000
SBIN27Feb20320CE.NFO,07/01/2020,10:45:09,20.7,20,3000,20.45,3000,0,396000
SBIN27Feb20320CE.NFO,07/01/2020,10:45:10,20.7,20,3000,20.4,3000,0,396000
SBIN27Feb20320CE.NFO,07/01/2020,10:45:13,20.7,20,3000,20.5,3000,0,396000
SBIN27Feb20320CE.NFO,07/01/2020,10:45:18,20.7,20,6000,20.5,3000,0,396000
SBIN27Feb20320CE.NFO,07/01/2020,10:45:22,20.7,20,3000,20.5,3000,0,396000
SBIN27Feb20320CE.NFO,07/01/2020,10:45:26,20.7,20,6000,20.5,3000,0,396000
SBIN27Feb20320CE.NFO,07/01/2020,10:45:30,20.7,20,3000,20.5,3000,0,396000
SBIN27Feb20320CE.NFO,07/01/2020,10:45:39,20.7,20.05,3000,20.5,3000,0,396000
SBIN27Feb20320CE.NFO,07/01/2020,10:45:42,20.7,20,3000,20.5,3000,0,396000
SBIN27Feb20320CE.NFO,07/01/2020,10:46:13,20.7,20.05,3000,20.55,3000,0,396000
SBIN27Feb20320CE.NFO,07/01/2020,10:46:23,20.7,20,3000,20.5,3000,0,396000
SBIN27Feb20320CE.NFO,07/01/2020,10:46:27,20.7,20,6000,20.55,3000,0,396000
SBIN27Feb20320CE.NFO,07/01/2020,10:46:31,20.7,20,6000,20.5,3000,0,396000
SBIN27Feb20320CE.NFO,07/01/2020,10:46:41,20.7,20.05,3000,20.5,3000,0,396000
SBIN27Feb20320CE.NFO,07/01/2020,10:46:44,20.7,20,6000,20.55,3000,0,396000
SBIN27Feb20320CE.NFO,07/01/2020,10:46:46,20.7,20,3000,20.5,3000,0,396000
SBIN27Feb20320CE.NFO,07/01/2020,10:46:49,20.7,20.05,3000,20.55,3000,0,396000
SBIN27Feb20320CE.NFO,07/01/2020,10:47:14,20.7,20.1,3000,20.6,3000,0,396000
SBIN27Feb20320CE.NFO,07/01/2020,10:47:15,20.7,20.1,3000,20.65,3000,0,396000
SBIN27Feb20320CE.NFO,07/01/2020,10:47:16,20.7,20.1,3000,20.6,3000,0,396000
SBIN27Feb20320CE.NFO,07/01/2020,10:47:18,20.7,20.15,3000,20.65,3000,0,396000
SBIN27Feb20320CE.NFO,07/01/2020,10:47:20,20.7,20.15,3000,20.6,3000,0,396000
SBIN27Feb20320CE.NFO,07/01/2020,10:47:21,20.7,20.1,3000,20.6,3000,0,396000
SBIN27Feb20320CE.NFO,07/01/2020,10:47:22,20.7,20.15,3000,20.65,3000,0,396000
SBIN27Feb20320CE.NFO,07/01/2020,10:47:28,20.7,20.15,3000,20.6,3000,0,396000
SBIN27Feb20320CE.NFO,07/01/2020,10:47:29,20.7,20.15,3000,20.65,3000,0,396000
SBIN27Feb20320CE.NFO,07/01/2020,10:47:32,20.7,20.1,6000,20.6,3000,0,396000
SBIN27Feb20320CE.NFO,07/01/2020,10:47:32,20.7,20.15,3000,20.65,3000,0,396000
SBIN27Feb20320CE.NFO,07/01/2020,10:47:34,20.7,20.1,6000,20.6,3000,0,396000
SBIN27Feb20320CE.NFO,07/01/2020,10:47:35,20.7,20.1,3000,20.6,3000,0,396000
SBIN27Feb20320CE.NFO,07/01/2020,10:47:36,20.7,20.15,3000,20.6,3000,0,396000
SBIN27Feb20320CE.NFO,07/01/2020,10:47:38,20.7,20.15,3000,20.65,3000,0,396000
SBIN27Feb20320CE.NFO,07/01/2020,10:47:41,20.7,20.1,6000,20.6,3000,0,396000
SBIN27Feb20320CE.NFO,07/01/2020,10:47:42,20.7,20.15,3000,20.65,3000,0,396000
SBIN27Feb20320CE.NFO,07/01/2020,10:47:46,20.7,20.1,6000,20.6,3000,0,396000
SBIN27Feb20320CE.NFO,07/01/2020,10:47:47,20.7,20.15,3000,20.65,3000,0,396000
SBIN27Feb20320CE.NFO,07/01/2020,10:47:50,20.7,20.1,6000,20.6,3000,0,396000
SBIN27Feb20320CE.NFO,07/01/2020,10:47:51,20.7,20.15,3000,20.65,3000,0,396000
SBIN27Feb20320CE.NFO,07/01/2020,10:47:52,20.7,20.15,3000,20.6,3000,0,396000
SBIN27Feb20320CE.NFO,07/01/2020,10:47:53,20.7,20.1,3000,20.6,3000,0,396000
SBIN27Feb20320CE.NFO,07/01/2020,10:48:12,20.7,20.1,3000,20.55,3000,0,396000
SBIN27Feb20320CE.NFO,07/01/2020,10:48:31,20.7,20,6000,20.5,3000,0,396000
SBIN27Feb20320CE.NFO,07/01/2020,10:48:32,20.7,20.05,3000,20.55,3000,0,396000
SBIN27Feb20320CE.NFO,07/01/2020,10:48:33,20.7,20,3000,20.5,3000,0,396000
SBIN27Feb20320CE.NFO,07/01/2020,10:48:37,20.7,19.95,3000,20.5,3000,0,396000
SBIN27Feb20320CE.NFO,07/01/2020,10:48:45,20.7,19.95,3000,20.45,3000,0,396000
SBIN27Feb20320CE.NFO,07/01/2020,10:49:06,20.7,20,3000,20.45,3000,0,396000
SBIN27Feb20320CE.NFO,07/01/2020,10:49:07,20.7,19.95,3000,20.45,3000,0,396000
SBIN27Feb20320CE.NFO,07/01/2020,10:49:07,20.7,20,3000,20.45,3000,0,396000
SBIN27Feb20320CE.NFO,07/01/2020,10:49:08,20.7,19.95,3000,20.45,3000,0,396000
SBIN27Feb20320CE.NFO,07/01/2020,10:49:10,20.7,19.9,3000,20.4,3000,0,396000
SBIN27Feb20320CE.NFO,07/01/2020,10:49:11,20.7,20,3000,20.5,3000,0,396000
SBIN27Feb20320CE.NFO,07/01/2020,10:49:14,20.7,19.95,3000,20.5,3000,0,396000
SBIN27Feb20320CE.NFO,07/01/2020,10:49:20,20.7,19.95,3000,20.4,3000,0,396000
SBIN27Feb20320CE.NFO,07/01/2020,10:49:23,20.7,19.95,3000,20.45,3000,0,396000
SBIN27Feb20320CE.NFO,07/01/2020,10:49:33,20.7,19.95,6000,20.45,3000,0,396000
SBIN27Feb20320CE.NFO,07/01/2020,10:49:36,20.7,19.95,3000,20.45,3000,0,396000
SBIN27Feb20320CE.NFO,07/01/2020,10:49:49,20.7,19.95,3000,20.4,3000,0,396000
SBIN27Feb20320CE.NFO,07/01/2020,10:49:53,20.7,19.85,3000,20.35,3000,0,396000
SBIN27Feb20320CE.NFO,07/01/2020,10:49:56,20.7,19.8,3000,20.25,3000,0,396000
SBIN27Feb20320CE.NFO,07/01/2020,10:50:02,20.7,19.4,3000,19.85,3000,0,396000
SBIN27Feb20320CE.NFO,07/01/2020,10:50:08,20.7,19.5,3000,20,3000,0,396000
SBIN27Feb20320CE.NFO,07/01/2020,10:50:13,20.7,19.55,3000,20,3000,0,396000
SBIN27Feb20320CE.NFO,07/01/2020,10:50:19,20.7,19.5,3000,20,3000,0,396000
SBIN27Feb20320CE.NFO,07/01/2020,10:50:29,20.7,19.5,6000,20,3000,0,396000
SBIN27Feb20320CE.NFO,07/01/2020,10:50:35,20.7,19.4,3000,20,3000,0,396000
SBIN27Feb20320CE.NFO,07/01/2020,10:50:40,20.7,19.5,3000,20,3000,0,396000
SBIN27Feb20320CE.NFO,07/01/2020,10:50:45,20.7,19.45,6000,19.95,3000,0,396000
SBIN27Feb20320CE.NFO,07/01/2020,10:50:50,20.7,19.45,3000,19.9,3000,0,396000
SBIN27Feb20320CE.NFO,07/01/2020,10:50:54,20.7,19.35,3000,19.9,3000,0,396000
SBIN27Feb20320CE.NFO,07/01/2020,10:50:58,20.7,19.3,3000,19.85,3000,0,396000
SBIN27Feb20320CE.NFO,07/01/2020,10:51:02,20.7,19.4,6000,19.9,3000,0,396000
SBIN27Feb20320CE.NFO,07/01/2020,10:51:06,20.7,19.35,6000,19.8,3000,0,396000
SBIN27Feb20320CE.NFO,07/01/2020,10:51:12,20.7,19.4,3000,19.8,3000,0,396000
SBIN27Feb20320CE.NFO,07/01/2020,10:51:13,20.7,19.35,3000,19.8,3000,0,396000
SBIN27Feb20320CE.NFO,07/01/2020,10:51:14,20.7,19.35,6000,19.8,3000,0,396000
SBIN27Feb20320CE.NFO,07/01/2020,10:51:19,20.7,19.4,3000,19.8,3000,0,396000
SBIN27Feb20320CE.NFO,07/01/2020,10:51:22,20.7,19.35,3000,19.8,3000,0,396000
SBIN27Feb20320CE.NFO,07/01/2020,10:51:23,20.7,19.2,3000,19.8,3000,0,396000
SBIN27Feb20320CE.NFO,07/01/2020,10:51:24,20.7,19.35,3000,19.8,3000,0,396000
SBIN27Feb20320CE.NFO,07/01/2020,10:51:27,20.7,19.25,3000,19.8,3000,0,396000
SBIN27Feb20320CE.NFO,07/01/2020,10:51:29,20.7,19.35,3000,19.8,3000,0,396000
SBIN27Feb20320CE.NFO,07/01/2020,10:51:31,20.7,19.3,3000,19.8,3000,0,396000
SBIN27Feb20320CE.NFO,07/01/2020,10:51:32,20.7,19.3,3000,19.75,3000,0,396000
SBIN27Feb20320CE.NFO,07/01/2020,10:51:34,20.7,19.3,6000,19.75,3000,0,396000
SBIN27Feb20320CE.NFO,07/01/2020,10:51:36,20.7,19.3,3000,19.75,3000,0,396000
SBIN27Feb20320CE.NFO,07/01/2020,10:51:37,20.7,19.4,3000,19.75,3000,0,396000
SBIN27Feb20320CE.NFO,07/01/2020,10:51:38,20.7,19.35,3000,19.75,3000,0,396000
SBIN27Feb20320CE.NFO,07/01/2020,10:51:39,20.7,19.3,3000,19.75,3000,0,396000
SBIN27Feb20320CE.NFO,07/01/2020,10:51:41,20.7,19.3,3000,19.8,3000,0,396000
SBIN27Feb20320CE.NFO,07/01/2020,10:51:46,20.7,19.3,3000,19.75,3000,0,396000
SBIN27Feb20320CE.NFO,07/01/2020,10:51:52,20.7,19.3,3000,19.8,3000,0,396000
SBIN27Feb20320CE.NFO,07/01/2020,10:51:53,20.7,19.3,3000,19.75,3000,0,396000
SBIN27Feb20320CE.NFO,07/01/2020,10:51:56,20.7,19.15,3000,19.75,3000,0,396000
SBIN27Feb20320CE.NFO,07/01/2020,10:51:57,20.7,19.25,3000,19.75,3000,0,396000
SBIN27Feb20320CE.NFO,07/01/2020,10:51:57,20.7,19.25,6000,19.75,3000,0,396000
SBIN27Feb20320CE.NFO,07/01/2020,10:51:59,20.7,19.25,3000,19.65,3000,0,396000
SBIN27Feb20320CE.NFO,07/01/2020,10:52:00,20.7,19.3,3000,19.7,3000,0,396000
SBIN27Feb20320CE.NFO,07/01/2020,10:52:00,20.7,19.3,3000,19.65,3000,0,396000
SBIN27Feb20320CE.NFO,07/01/2020,10:52:01,20.7,19.3,3000,19.7,3000,0,396000
SBIN27Feb20320CE.NFO,07/01/2020,10:52:02,20.7,19.3,3000,19.75,3000,0,396000
SBIN27Feb20320CE.NFO,07/01/2020,10:52:03,20.7,19.25,3000,19.75,3000,0,396000
SBIN27Feb20320CE.NFO,07/01/2020,10:52:10,20.7,19.3,3000,19.75,3000,0,396000
SBIN27Feb20320CE.NFO,07/01/2020,10:52:13,20.7,19.3,3000,19.7,3000,0,396000
SBIN27Feb20320CE.NFO,07/01/2020,10:52:16,20.7,19.3,3000,19.65,3000,0,396000
SBIN27Feb20320CE.NFO,07/01/2020,10:52:27,20.7,19.2,3000,19.65,3000,0,396000
SBIN27Feb20320CE.NFO,07/01/2020,10:52:30,20.7,19.2,6000,19.65,3000,0,396000
SBIN27Feb20320CE.NFO,07/01/2020,10:52:31,20.7,19.15,3000,19.65,3000,0,396000
SBIN27Feb20320CE.NFO,07/01/2020,10:52:32,20.7,19.2,6000,19.65,3000,0,396000
SBIN27Feb20320CE.NFO,07/01/2020,10:52:34,20.7,19.2,3000,19.65,3000,0,396000
SBIN27Feb20320CE.NFO,07/01/2020,10:52:37,20.7,19.25,3000,19.65,3000,0,396000
SBIN27Feb20320CE.NFO,07/01/2020,10:52:38,20.7,19.2,3000,19.65,3000,0,396000
SBIN27Feb20320CE.NFO,07/01/2020,10:52:42,20.7,19.15,3000,19.65,3000,0,396000
SBIN27Feb20320CE.NFO,07/01/2020,10:52:43,20.7,19.2,3000,19.65,3000,0,396000
SBIN27Feb20320CE.NFO,07/01/2020,10:52:46,20.7,19.15,3000,19.65,3000,0,396000
SBIN27Feb20320CE.NFO,07/01/2020,10:52:47,20.7,19.2,3000,19.65,3000,0,396000
SBIN27Feb20320CE.NFO,07/01/2020,10:52:48,20.7,19.1,3000,19.65,3000,0,396000
SBIN27Feb20320CE.NFO,07/01/2020,10:52:49,20.7,19.15,3000,19.65,3000,0,396000
SBIN27Feb20320CE.NFO,07/01/2020,10:52:51,20.7,19.2,3000,19.55,3000,0,396000
SBIN27Feb20320CE.NFO,07/01/2020,10:52:52,20.7,19.05,3000,19.6,3000,0,396000
SBIN27Feb20320CE.NFO,07/01/2020,10:52:53,20.7,19.2,3000,19.55,3000,0,396000
SBIN27Feb20320CE.NFO,07/01/2020,10:52:54,20.7,19.1,3000,19.55,3000,0,396000
SBIN27Feb20320CE.NFO,07/01/2020,10:52:56,20.7,19.15,3000,19.6,3000,0,396000
SBIN27Feb20320CE.NFO,07/01/2020,10:52:57,20.7,19.1,3000,19.6,3000,0,396000
SBIN27Feb20320CE.NFO,07/01/2020,10:52:58,20.7,19.1,3000,19.55,3000,0,396000
SBIN27Feb20320CE.NFO,07/01/2020,10:52:59,20.7,19.05,3000,19.5,3000,0,396000
SBIN27Feb20320CE.NFO,07/01/2020,10:53:00,20.7,18.95,3000,19.55,3000,0,396000
SBIN27Feb20320CE.NFO,07/01/2020,10:53:01,20.7,18.95,3000,19.6,3000,0,396000
SBIN27Feb20320CE.NFO,07/01/2020,10:53:02,20.7,19.05,3000,19.55,3000,0,396000
SBIN27Feb20320CE.NFO,07/01/2020,10:53:03,20.7,19.1,3000,19.55,3000,0,396000
SBIN27Feb20320CE.NFO,07/01/2020,10:53:03,20.7,19.05,3000,19.55,3000,0,396000
SBIN27Feb20320CE.NFO,07/01/2020,10:53:04,20.7,19.05,6000,19.55,3000,0,396000
SBIN27Feb20320CE.NFO,07/01/2020,10:53:06,20.7,19.05,3000,19.55,3000,0,396000
SBIN27Feb20320CE.NFO,07/01/2020,10:53:07,20.7,19.1,3000,19.55,3000,0,396000
SBIN27Feb20320CE.NFO,07/01/2020,10:53:08,20.7,18.95,3000,19.55,3000,0,396000
SBIN27Feb20320CE.NFO,07/01/2020,10:53:08,20.7,19,6000,19.55,3000,0,396000
SBIN27Feb20320CE.NFO,07/01/2020,10:53:09,20.7,19.05,3000,19.7,3000,0,396000
SBIN27Feb20320CE.NFO,07/01/2020,10:53:11,20.7,19.1,3000,19.7,3000,0,396000
SBIN27Feb20320CE.NFO,07/01/2020,10:53:13,20.7,19,3000,19.7,3000,0,396000
SBIN27Feb20320CE.NFO,07/01/2020,10:53:20,20.7,19.05,6000,19.7,3000,0,396000
SBIN27Feb20320CE.NFO,07/01/2020,10:53:26,20.7,19.05,3000,19.7,3000,0,396000
SBIN27Feb20320CE.NFO,07/01/2020,10:53:54,20.7,19,3000,19.5,3000,0,396000
SBIN27Feb20320CE.NFO,07/01/2020,10:54:07,20.7,19.05,3000,19.5,3000,0,396000
SBIN27Feb20320CE.NFO,07/01/2020,10:54:19,20.7,19.05,3000,19.6,3000,0,396000
SBIN27Feb20320CE.NFO,07/01/2020,10:54:29,20.7,19.05,3000,19.5,3000,0,396000
SBIN27Feb20320CE.NFO,07/01/2020,10:54:48,20.7,19.05,3000,19.5,6000,0,396000
SBIN27Feb20320CE.NFO,07/01/2020,10:54:53,20.7,19.05,3000,19.5,3000,0,396000
SBIN27Feb20320CE.NFO,07/01/2020,10:56:08,20.7,19.1,3000,19.75,3000,0,396000
SBIN27Feb20320CE.NFO,07/01/2020,10:56:14,20.7,19.15,3000,19.95,6000,0,396000
SBIN27Feb20320CE.NFO,07/01/2020,10:56:19,20.7,19.1,3000,19.75,6000,0,396000
SBIN27Feb20320CE.NFO,07/01/2020,10:56:23,20.7,19.15,3000,19.7,3000,0,396000
SBIN27Feb20320CE.NFO,07/01/2020,10:56:28,20.7,19.1,3000,19.7,3000,0,396000
SBIN27Feb20320CE.NFO,07/01/2020,10:56:37,20.7,19.1,3000,20.25,9000,0,396000
SBIN27Feb20320CE.NFO,07/01/2020,10:56:42,20.7,19.1,3000,19.7,3000,0,396000
SBIN27Feb20320CE.NFO,07/01/2020,10:56:47,20.7,19.15,3000,19.7,3000,0,396000
SBIN27Feb20320CE.NFO,07/01/2020,10:56:51,20.7,19.05,3000,19.7,3000,0,396000
SBIN27Feb20320CE.NFO,07/01/2020,10:56:56,20.7,19.05,3000,19.7,6000,0,396000
SBIN27Feb20320CE.NFO,07/01/2020,10:57:00,20.7,19.05,3000,19.65,3000,0,396000
SBIN27Feb20320CE.NFO,07/01/2020,10:57:15,20.7,19.05,3000,19.8,6000,0,396000
SBIN27Feb20320CE.NFO,07/01/2020,10:57:22,20.7,19.05,3000,19.9,3000,0,396000
SBIN27Feb20320CE.NFO,07/01/2020,10:57:29,20.7,19.05,3000,19.55,3000,0,396000
SBIN27Feb20320CE.NFO,07/01/2020,10:57:35,20.7,19.05,3000,19.65,6000,0,396000
SBIN27Feb20320CE.NFO,07/01/2020,10:57:41,20.7,19.05,3000,19.5,3000,0,396000
SBIN27Feb20320CE.NFO,07/01/2020,10:57:47,20.7,19.05,3000,19.7,6000,0,396000
SBIN27Feb20320CE.NFO,07/01/2020,10:57:53,20.7,19.05,3000,19.55,3000,0,396000
SBIN27Feb20320CE.NFO,07/01/2020,10:57:57,20.7,19.05,3000,19.6,6000,0,396000
SBIN27Feb20320CE.NFO,07/01/2020,10:58:01,20.7,19.05,3000,19.6,3000,0,396000
SBIN27Feb20320CE.NFO,07/01/2020,10:58:12,20.7,19.05,3000,19.5,3000,0,396000
SBIN27Feb20320CE.NFO,07/01/2020,10:58:16,20.7,19.05,3000,19.8,12000,0,396000
SBIN27Feb20320CE.NFO,07/01/2020,10:58:17,20.7,19.05,3000,19.55,6000,0,396000
SBIN27Feb20320CE.NFO,07/01/2020,10:58:18,20.7,19.05,3000,19.6,3000,0,396000
SBIN27Feb20320CE.NFO,07/01/2020,10:58:20,20.7,19.05,3000,19.5,3000,0,396000
SBIN27Feb20320CE.NFO,07/01/2020,10:58:28,20.7,19.05,3000,19.45,3000,0,396000
SBIN27Feb20320CE.NFO,07/01/2020,10:58:40,20.7,19.05,3000,19.65,3000,0,396000
SBIN27Feb20320CE.NFO,07/01/2020,10:58:41,20.7,19.05,3000,19.5,3000,0,396000
SBIN27Feb20320CE.NFO,07/01/2020,10:58:42,20.7,19.05,3000,19.35,3000,0,396000
SBIN27Feb20320CE.NFO,07/01/2020,10:58:44,20.7,19.05,3000,19.8,9000,0,396000
SBIN27Feb20320CE.NFO,07/01/2020,10:58:44,20.7,19,3000,19.4,3000,0,396000
SBIN27Feb20320CE.NFO,07/01/2020,10:58:45,20.7,19,3000,19.65,6000,0,396000
SBIN27Feb20320CE.NFO,07/01/2020,10:58:47,20.7,19,3000,19.25,3000,0,396000
SBIN27Feb20320CE.NFO,07/01/2020,10:58:48,20.7,19,3000,19.3,3000,0,396000
SBIN27Feb20320CE.NFO,07/01/2020,10:58:48,20.7,19,6000,19.95,21000,0,396000
SBIN27Feb20320CE.NFO,07/01/2020,10:58:49,20.7,19,6000,19.35,3000,0,396000
SBIN27Feb20320CE.NFO,07/01/2020,10:58:50,20.7,19,6000,19.3,3000,0,396000
SBIN27Feb20320CE.NFO,07/01/2020,10:58:51,20.7,19,6000,19.3,6000,0,396000
SBIN27Feb20320CE.NFO,07/01/2020,10:58:53,20.7,19,6000,19.35,6000,0,396000
SBIN27Feb20320CE.NFO,07/01/2020,10:58:54,20.7,19,6000,19.75,15000,0,396000
SBIN27Feb20320CE.NFO,07/01/2020,10:58:55,20.7,19,6000,19.25,3000,0,396000
SBIN27Feb20320CE.NFO,07/01/2020,10:58:57,20.7,19,3000,19.75,3000,0,396000
SBIN27Feb20320CE.NFO,07/01/2020,10:58:57,20.7,19,3000,19.25,3000,0,396000
SBIN27Feb20320CE.NFO,07/01/2020,10:58:58,20.7,19,3000,19.35,3000,0,396000
SBIN27Feb20320CE.NFO,07/01/2020,10:58:59,20.7,19,3000,19.6,12000,0,396000
SBIN27Feb20320CE.NFO,07/01/2020,10:59:01,20.7,19,6000,19.45,3000,0,396000
SBIN27Feb20320CE.NFO,07/01/2020,10:59:02,20.7,19,6000,19.7,9000,0,396000
SBIN27Feb20320CE.NFO,07/01/2020,10:59:03,20.7,19,6000,19.5,3000,0,396000
SBIN27Feb20320CE.NFO,07/01/2020,10:59:04,20.7,19,6000,19.4,3000,0,396000
SBIN27Feb20320CE.NFO,07/01/2020,10:59:05,20.7,19,6000,19.3,3000,0,396000
SBIN27Feb20320CE.NFO,07/01/2020,10:59:06,20.7,19,6000,19.6,9000,0,396000
SBIN27Feb20320CE.NFO,07/01/2020,10:59:07,20.7,19,6000,19.35,3000,0,396000
