Ticker,Date,Time,LTP,BuyPrice,BuyQty,SellPrice,SellQty,LTQ,OpenInterest
SIEMENS30Jan201460PE.NFO,07/01/2020,09:20:07,23.8,23.8,550,28.75,3300,550,19250
SIEMENS30Jan201460PE.NFO,07/01/2020,09:20:07,23.8,23.8,550,28.75,3300,0,19250
SIEMENS30Jan201460PE.NFO,07/01/2020,09:20:07,23.8,23.8,550,28.75,3300,0,19250
SIEMENS30Jan201460PE.NFO,07/01/2020,09:20:07,23.8,23.8,550,28.75,3300,0,19250
SIEMENS30Jan201460PE.NFO,07/01/2020,09:20:15,23.8,23.8,550,28.75,1100,0,19250
SIEMENS30Jan201460PE.NFO,07/01/2020,09:20:23,23.8,23.8,550,26.95,550,0,19250
SIEMENS30Jan201460PE.NFO,07/01/2020,09:20:30,23.8,22.3,1650,26.95,550,0,19250
SIEMENS30Jan201460PE.NFO,07/01/2020,09:20:38,23.8,22.3,1650,26,1100,0,19250
SIEMENS30Jan201460PE.NFO,07/01/2020,09:20:46,23.8,22.3,1650,27.15,550,0,19250
SIEMENS30Jan201460PE.NFO,07/01/2020,09:20:53,23.8,22.3,1650,28.15,1650,0,19250
SIEMENS30Jan201460PE.NFO,07/01/2020,09:21:01,23.8,22.5,550,28.1,1650,0,19250
SIEMENS30Jan201460PE.NFO,07/01/2020,09:21:09,23.8,22.5,2750,28.7,1650,0,19250
SIEMENS30Jan201460PE.NFO,07/01/2020,09:21:17,23.8,22.5,1650,28.7,1100,0,19250
SIEMENS30Jan201460PE.NFO,07/01/2020,09:21:25,23.8,22.6,550,28.65,1650,0,19250
SIEMENS30Jan201460PE.NFO,07/01/2020,09:21:40,23.8,22.6,550,29.4,3850,0,19250
SIEMENS30Jan201460PE.NFO,07/01/2020,09:21:48,23.8,22.7,550,29.25,3850,0,19250
SIEMENS30Jan201460PE.NFO,07/01/2020,09:21:56,23.8,23,550,29.25,4950,0,19250
SIEMENS30Jan201460PE.NFO,07/01/2020,09:22:04,23.8,23,550,29.25,1650,0,19250
SIEMENS30Jan201460PE.NFO,07/01/2020,09:22:12,23.8,23.1,550,29.25,1650,0,19250
SIEMENS30Jan201460PE.NFO,07/01/2020,09:22:21,23.8,23.3,550,29.25,1650,0,19250
SIEMENS30Jan201460PE.NFO,07/01/2020,09:22:28,23.8,23.4,1650,29.85,4950,0,19250
SIEMENS30Jan201460PE.NFO,07/01/2020,09:22:35,23.8,23.5,550,29.85,4950,0,19250
SIEMENS30Jan201460PE.NFO,07/01/2020,09:22:42,23.8,23.45,550,29.85,1650,0,19250
SIEMENS30Jan201460PE.NFO,07/01/2020,09:22:49,23.8,23.5,550,29.85,2750,0,19250
SIEMENS30Jan201460PE.NFO,07/01/2020,09:22:56,23.8,23.45,550,29,1100,0,19250
SIEMENS30Jan201460PE.NFO,07/01/2020,09:23:04,23.8,23.25,1100,29,1100,0,19250
SIEMENS30Jan201460PE.NFO,07/01/2020,09:23:12,23.8,23.55,1100,29,1100,0,19250
SIEMENS30Jan201460PE.NFO,07/01/2020,09:23:19,23.8,23.7,1100,29,1100,0,19250
SIEMENS30Jan201460PE.NFO,07/01/2020,09:23:25,23.8,23.75,1100,29,1100,0,19250
SIEMENS30Jan201460PE.NFO,07/01/2020,09:23:31,23.8,23.25,550,29,1100,0,19250
SIEMENS30Jan201460PE.NFO,07/01/2020,09:23:38,23.8,23.15,1650,29,1100,0,19250
SIEMENS30Jan201460PE.NFO,07/01/2020,09:23:44,23.8,23.45,550,29,1100,0,19250
SIEMENS30Jan201460PE.NFO,07/01/2020,09:23:50,23.8,22.75,2750,29,1100,0,19250
SIEMENS30Jan201460PE.NFO,07/01/2020,09:23:57,23.8,23.25,550,29,2200,0,19250
SIEMENS30Jan201460PE.NFO,07/01/2020,09:24:04,23.8,23.25,550,29,1100,0,19250
SIEMENS30Jan201460PE.NFO,07/01/2020,09:24:11,23.8,23.45,550,29,1100,0,19250
SIEMENS30Jan201460PE.NFO,07/01/2020,09:24:32,23.8,23.45,1100,29,1100,0,19250
SIEMENS30Jan201460PE.NFO,07/01/2020,09:24:38,23.8,23.55,1100,29,1100,0,19250
SIEMENS30Jan201460PE.NFO,07/01/2020,09:24:45,23.8,23.45,550,29,1100,0,19250
SIEMENS30Jan201460PE.NFO,07/01/2020,09:24:50,23.8,23.25,2750,29,1100,0,19250
SIEMENS30Jan201460PE.NFO,07/01/2020,09:24:57,23.8,23.4,550,29,2200,0,19250
SIEMENS30Jan201460PE.NFO,07/01/2020,09:25:04,23.8,23.2,550,29,1100,0,19250
SIEMENS30Jan201460PE.NFO,07/01/2020,09:25:11,23.8,23.2,550,29,3300,0,19250
SIEMENS30Jan201460PE.NFO,07/01/2020,09:25:19,23.8,23.2,550,29,2200,0,19250
SIEMENS30Jan201460PE.NFO,07/01/2020,09:25:40,23.8,23.25,550,29,1100,0,19250
SIEMENS30Jan201460PE.NFO,07/01/2020,09:26:03,23.8,23.35,550,29,1100,0,19250
SIEMENS30Jan201460PE.NFO,07/01/2020,09:26:11,23.8,23.15,550,29,1100,0,19250
SIEMENS30Jan201460PE.NFO,07/01/2020,09:26:19,23.8,23.45,550,29,1100,0,19250
SIEMENS30Jan201460PE.NFO,07/01/2020,09:26:44,23.8,23.55,550,29,1100,0,19250
SIEMENS30Jan201460PE.NFO,07/01/2020,09:27:18,23.8,23.75,550,29,1100,0,19250
SIEMENS30Jan201460PE.NFO,07/01/2020,09:27:25,23.8,23.55,1100,29,2200,0,19250
SIEMENS30Jan201460PE.NFO,07/01/2020,09:27:31,23.8,23.65,1100,28,1650,0,19250
SIEMENS30Jan201460PE.NFO,07/01/2020,09:27:37,23.8,24.1,550,28,1650,0,19250
SIEMENS30Jan201460PE.NFO,07/01/2020,09:27:49,23.8,24,550,28,1650,0,19250
SIEMENS30Jan201460PE.NFO,07/01/2020,09:27:59,23.8,24.15,550,28,1650,0,19250
SIEMENS30Jan201460PE.NFO,07/01/2020,09:28:13,23.8,24.5,550,28,1650,0,19250
SIEMENS30Jan201460PE.NFO,07/01/2020,09:28:19,23.8,24.2,550,28,1650,0,19250
SIEMENS30Jan201460PE.NFO,07/01/2020,09:28:26,23.8,24.45,1650,28,1650,0,19250
SIEMENS30Jan201460PE.NFO,07/01/2020,09:28:32,23.8,24.3,1100,28,1650,0,19250
SIEMENS30Jan201460PE.NFO,07/01/2020,09:28:38,23.8,24.5,550,28,1650,0,19250
SIEMENS30Jan201460PE.NFO,07/01/2020,09:28:43,23.8,24.4,550,28,1650,0,19250
SIEMENS30Jan201460PE.NFO,07/01/2020,09:28:49,23.8,24.35,1650,28,1650,0,19250
SIEMENS30Jan201460PE.NFO,07/01/2020,09:28:55,23.8,24.45,550,28.8,550,0,19250
SIEMENS30Jan201460PE.NFO,07/01/2020,09:29:00,23.8,24.65,1650,28.8,550,0,19250
SIEMENS30Jan201460PE.NFO,07/01/2020,09:29:07,23.8,24.65,550,28.8,550,0,19250
SIEMENS30Jan201460PE.NFO,07/01/2020,09:29:31,23.8,24.75,550,28.8,550,0,19250
SIEMENS30Jan201460PE.NFO,07/01/2020,09:29:38,23.8,24.7,1650,28.8,550,0,19250
SIEMENS30Jan201460PE.NFO,07/01/2020,09:29:50,23.8,24.85,550,29.1,550,0,19250
SIEMENS30Jan201460PE.NFO,07/01/2020,09:30:00,23.8,24.9,550,29.1,550,0,19250
SIEMENS30Jan201460PE.NFO,07/01/2020,09:30:12,23.8,24.55,1100,29.1,550,0,19250
SIEMENS30Jan201460PE.NFO,07/01/2020,09:30:17,23.8,24.6,550,30.05,1650,0,19250
SIEMENS30Jan201460PE.NFO,07/01/2020,09:30:23,23.8,24.6,550,29.75,550,0,19250
SIEMENS30Jan201460PE.NFO,07/01/2020,09:30:34,23.8,24.6,550,29.75,1650,0,19250
SIEMENS30Jan201460PE.NFO,07/01/2020,09:30:55,23.8,24.6,550,29.75,550,0,19250
SIEMENS30Jan201460PE.NFO,07/01/2020,09:31:00,23.8,24.6,550,29.55,550,0,19250
SIEMENS30Jan201460PE.NFO,07/01/2020,09:31:05,23.8,24.6,550,29.15,550,0,19250
SIEMENS30Jan201460PE.NFO,07/01/2020,09:31:11,23.8,24.6,550,28.6,550,0,19250
SIEMENS30Jan201460PE.NFO,07/01/2020,09:31:18,23.8,24.7,550,28.35,550,0,19250
SIEMENS30Jan201460PE.NFO,07/01/2020,09:31:23,23.8,23.55,1650,28.25,550,0,19250
SIEMENS30Jan201460PE.NFO,07/01/2020,09:31:29,23.8,23.65,550,28.2,550,0,19250
SIEMENS30Jan201460PE.NFO,07/01/2020,09:32:10,23.8,23.65,550,27.6,550,0,19250
SIEMENS30Jan201460PE.NFO,07/01/2020,09:32:17,23.8,23.65,550,27.3,550,0,19250
SIEMENS30Jan201460PE.NFO,07/01/2020,09:32:24,23.8,23.65,550,27.1,550,0,19250
SIEMENS30Jan201460PE.NFO,07/01/2020,09:32:37,23.8,23.65,550,27,550,0,19250
SIEMENS30Jan201460PE.NFO,07/01/2020,09:34:04,23.8,23.65,550,26.95,1100,0,19250
SIEMENS30Jan201460PE.NFO,07/01/2020,09:34:10,23.8,23.65,550,27.35,550,0,19250
SIEMENS30Jan201460PE.NFO,07/01/2020,09:34:57,23.8,23.75,550,27.6,550,0,19250
SIEMENS30Jan201460PE.NFO,07/01/2020,09:35:30,23.8,24.15,550,28.15,550,0,19250
SIEMENS30Jan201460PE.NFO,07/01/2020,09:35:36,23.8,24.25,550,28.25,550,0,19250
SIEMENS30Jan201460PE.NFO,07/01/2020,09:35:43,23.8,24.45,550,28.25,550,0,19250
SIEMENS30Jan201460PE.NFO,07/01/2020,09:35:51,23.8,24.45,550,28.5,550,0,19250
SIEMENS30Jan201460PE.NFO,07/01/2020,09:36:12,23.8,24.45,550,28.1,550,0,19250
SIEMENS30Jan201460PE.NFO,07/01/2020,09:36:57,23.8,23.6,550,27.9,550,0,19250
SIEMENS30Jan201460PE.NFO,07/01/2020,09:37:34,23.8,23.6,550,27.85,550,0,19250
SIEMENS30Jan201460PE.NFO,07/01/2020,09:37:44,23.8,23.6,550,27.75,550,0,19250
SIEMENS30Jan201460PE.NFO,07/01/2020,09:38:53,23.8,23.6,550,27.3,550,0,19250
SIEMENS30Jan201460PE.NFO,07/01/2020,09:39:44,23.8,23.6,550,27.35,550,0,19250
SIEMENS30Jan201460PE.NFO,07/01/2020,09:39:50,23.8,23.6,550,26.75,550,0,19250
SIEMENS30Jan201460PE.NFO,07/01/2020,09:39:55,23.8,23.6,550,26.35,550,0,19250
SIEMENS30Jan201460PE.NFO,07/01/2020,09:40:00,23.8,23.6,550,26.15,550,0,19250
SIEMENS30Jan201460PE.NFO,07/01/2020,09:40:18,23.8,23.6,550,26.15,1100,0,19250
SIEMENS30Jan201460PE.NFO,07/01/2020,09:40:29,23.8,23.6,550,26.05,550,0,19250
SIEMENS30Jan201460PE.NFO,07/01/2020,09:40:35,23.8,23.6,550,25.95,550,0,19250
SIEMENS30Jan201460PE.NFO,07/01/2020,09:42:24,23.8,23.1,550,25.95,550,0,19250
SIEMENS30Jan201460PE.NFO,07/01/2020,09:42:38,23.8,23.05,550,25.95,550,0,19250
SIEMENS30Jan201460PE.NFO,07/01/2020,09:42:58,23.8,23.1,550,25.95,550,0,19250
SIEMENS30Jan201460PE.NFO,07/01/2020,09:46:26,23.8,23.2,550,26,550,0,19250
SIEMENS30Jan201460PE.NFO,07/01/2020,09:46:31,23.8,23.2,550,25.95,550,0,19250
SIEMENS30Jan201460PE.NFO,07/01/2020,09:48:54,23.8,23.2,550,25.35,550,0,19250
SIEMENS30Jan201460PE.NFO,07/01/2020,09:49:00,23.8,23.2,550,25.15,550,0,19250
SIEMENS30Jan201460PE.NFO,07/01/2020,09:52:08,23.8,23.2,550,25.15,1100,0,19250
SIEMENS30Jan201460PE.NFO,07/01/2020,09:55:52,23.8,23.2,550,25.15,550,0,19250
SIEMENS30Jan201460PE.NFO,07/01/2020,09:55:57,23.8,23.2,550,25.15,1100,0,19250
SIEMENS30Jan201460PE.NFO,07/01/2020,09:56:07,23.8,23.2,550,24.95,550,0,19250
SIEMENS30Jan201460PE.NFO,07/01/2020,09:57:50,23.8,23.2,550,24.85,1100,0,19250
SIEMENS30Jan201460PE.NFO,07/01/2020,09:58:04,23.8,22.6,550,24.85,550,0,19250
SIEMENS30Jan201460PE.NFO,07/01/2020,09:58:25,23.8,22.6,1100,24.85,550,0,19250
SIEMENS30Jan201460PE.NFO,07/01/2020,09:58:48,23.8,22.8,1100,24.85,550,0,19250
SIEMENS30Jan201460PE.NFO,07/01/2020,10:00:16,23.8,22.8,550,24.75,550,0,19250
SIEMENS30Jan201460PE.NFO,07/01/2020,10:03:02,23.8,22.65,550,24.75,550,0,19250
SIEMENS30Jan201460PE.NFO,07/01/2020,10:05:56,23.8,22.85,550,24.75,550,0,19250
SIEMENS30Jan201460PE.NFO,07/01/2020,10:07:11,23.8,23.05,550,24.75,550,0,19250
SIEMENS30Jan201460PE.NFO,07/01/2020,10:07:17,23.8,23.25,550,24.8,550,0,19250
SIEMENS30Jan201460PE.NFO,07/01/2020,10:07:23,23.25,23.1,550,24.85,550,550,18700
SIEMENS30Jan201460PE.NFO,07/01/2020,10:07:23,23.25,23.1,550,24.85,550,0,18700
SIEMENS30Jan201460PE.NFO,07/01/2020,10:07:29,23.25,23.15,1100,24.85,550,0,18700
SIEMENS30Jan201460PE.NFO,07/01/2020,10:07:35,23.25,23.25,550,24.95,550,0,18700
SIEMENS30Jan201460PE.NFO,07/01/2020,10:07:41,23.25,23.2,550,24.95,550,0,18700
SIEMENS30Jan201460PE.NFO,07/01/2020,10:07:53,23.25,23.25,550,24.95,550,0,18700
SIEMENS30Jan201460PE.NFO,07/01/2020,10:08:19,23.25,23.35,550,25,550,0,18700
SIEMENS30Jan201460PE.NFO,07/01/2020,10:08:31,23.25,23.2,550,25.1,550,0,18700
SIEMENS30Jan201460PE.NFO,07/01/2020,10:08:38,23.25,23.2,1100,25.1,550,0,18700
SIEMENS30Jan201460PE.NFO,07/01/2020,10:08:44,23.25,23.2,550,25.1,550,0,18700
SIEMENS30Jan201460PE.NFO,07/01/2020,10:08:50,23.25,23.2,550,24.9,550,0,18700
SIEMENS30Jan201460PE.NFO,07/01/2020,10:08:56,23.25,23.15,550,24.9,550,0,18700
SIEMENS30Jan201460PE.NFO,07/01/2020,10:09:28,23.25,23.2,550,24.9,550,0,18700
SIEMENS30Jan201460PE.NFO,07/01/2020,10:09:43,23.25,23.35,550,24.9,550,0,18700
SIEMENS30Jan201460PE.NFO,07/01/2020,10:09:53,23.25,23.3,550,24.9,550,0,18700
SIEMENS30Jan201460PE.NFO,07/01/2020,10:09:59,23.25,22.95,550,24.65,550,0,18700
SIEMENS30Jan201460PE.NFO,07/01/2020,10:10:06,24.7,22.95,550,25,550,550,18700
SIEMENS30Jan201460PE.NFO,07/01/2020,10:10:06,24.7,22.95,550,25,550,0,18700
SIEMENS30Jan201460PE.NFO,07/01/2020,10:10:13,24.7,22.95,550,25,550,0,18700
SIEMENS30Jan201460PE.NFO,07/01/2020,10:10:19,24.7,22.95,1100,25,550,0,18700
SIEMENS30Jan201460PE.NFO,07/01/2020,10:11:23,24.7,23,550,25,550,0,18700
SIEMENS30Jan201460PE.NFO,07/01/2020,10:11:28,24.7,22.95,1100,25,550,0,18700
SIEMENS30Jan201460PE.NFO,07/01/2020,10:11:39,24.7,22.95,550,25,550,0,18700
SIEMENS30Jan201460PE.NFO,07/01/2020,10:12:03,24.7,22.95,550,24.8,1100,0,18700
SIEMENS30Jan201460PE.NFO,07/01/2020,10:12:09,24.7,22.85,550,24.8,1100,0,18700
SIEMENS30Jan201460PE.NFO,07/01/2020,10:12:30,24.7,22.85,550,24.8,550,0,18700
SIEMENS30Jan201460PE.NFO,07/01/2020,10:13:39,24.7,22.85,1100,24.8,550,0,18700
SIEMENS30Jan201460PE.NFO,07/01/2020,10:15:20,24.7,23.1,550,24.8,550,0,18700
SIEMENS30Jan201460PE.NFO,07/01/2020,10:15:25,24.7,23,550,24.8,550,0,18700
SIEMENS30Jan201460PE.NFO,07/01/2020,10:15:46,24.7,23.2,550,24.85,550,0,18700
SIEMENS30Jan201460PE.NFO,07/01/2020,10:15:58,24.7,23.1,550,24.85,550,0,18700
SIEMENS30Jan201460PE.NFO,07/01/2020,10:16:03,24.7,23.05,550,24.85,550,0,18700
SIEMENS30Jan201460PE.NFO,07/01/2020,10:16:30,24.7,23,550,24.85,550,0,18700
SIEMENS30Jan201460PE.NFO,07/01/2020,10:16:35,24.7,23,1100,24.85,550,0,18700
SIEMENS30Jan201460PE.NFO,07/01/2020,10:16:40,24.7,23.1,1100,24.85,550,0,18700
SIEMENS30Jan201460PE.NFO,07/01/2020,10:16:46,24.7,23.05,550,24.85,550,0,18700
SIEMENS30Jan201460PE.NFO,07/01/2020,10:16:55,24.7,23.05,1100,24.85,550,0,18700
SIEMENS30Jan201460PE.NFO,07/01/2020,10:17:32,24.7,23.1,1100,24.85,550,0,18700
SIEMENS30Jan201460PE.NFO,07/01/2020,10:17:46,24.7,23.1,550,24.85,550,0,18700
SIEMENS30Jan201460PE.NFO,07/01/2020,10:19:03,24.7,23.2,550,24.85,550,0,18700
SIEMENS30Jan201460PE.NFO,07/01/2020,10:19:53,24.7,23.2,550,24.75,550,0,18700
SIEMENS30Jan201460PE.NFO,07/01/2020,10:21:01,24.7,23.2,550,24.3,550,0,18700
SIEMENS30Jan201460PE.NFO,07/01/2020,10:21:06,23.2,22,550,23.7,550,550,18150
SIEMENS30Jan201460PE.NFO,07/01/2020,10:21:06,23.2,22,550,23.7,550,0,18150
SIEMENS30Jan201460PE.NFO,07/01/2020,10:21:11,23.2,21.9,550,23.4,550,0,18150
SIEMENS30Jan201460PE.NFO,07/01/2020,10:21:15,23.2,21.9,550,23.2,550,0,18150
SIEMENS30Jan201460PE.NFO,07/01/2020,10:21:26,23.2,22.2,550,23.35,550,0,18150
SIEMENS30Jan201460PE.NFO,07/01/2020,10:21:35,23.2,22.15,550,23.35,550,0,18150
SIEMENS30Jan201460PE.NFO,07/01/2020,10:22:03,23.2,22.35,550,24.1,550,0,18150
SIEMENS30Jan201460PE.NFO,07/01/2020,10:22:21,23.2,22.3,1100,24.1,550,0,18150
SIEMENS30Jan201460PE.NFO,07/01/2020,10:22:30,23.2,22.35,550,24.1,550,0,18150
SIEMENS30Jan201460PE.NFO,07/01/2020,10:22:38,23.2,22.3,550,24.1,550,0,18150
SIEMENS30Jan201460PE.NFO,07/01/2020,10:22:44,23.2,22.35,550,24.1,550,0,18150
SIEMENS30Jan201460PE.NFO,07/01/2020,10:22:51,23.2,22.55,550,24.1,550,0,18150
SIEMENS30Jan201460PE.NFO,07/01/2020,10:23:02,23.2,22.4,550,23.9,550,0,18150
SIEMENS30Jan201460PE.NFO,07/01/2020,10:23:07,23.2,22.3,1100,23.9,550,0,18150
SIEMENS30Jan201460PE.NFO,07/01/2020,10:23:12,23.2,22.25,1100,23.9,550,0,18150
SIEMENS30Jan201460PE.NFO,07/01/2020,10:23:17,23.2,22.25,550,23.9,550,0,18150
SIEMENS30Jan201460PE.NFO,07/01/2020,10:23:41,23.2,22.3,550,23.9,550,0,18150
SIEMENS30Jan201460PE.NFO,07/01/2020,10:23:46,23.2,22.45,550,23.9,550,0,18150
SIEMENS30Jan201460PE.NFO,07/01/2020,10:24:06,23.2,22.4,550,23.9,550,0,18150
SIEMENS30Jan201460PE.NFO,07/01/2020,10:24:24,23.2,22.4,550,23.8,550,0,18150
SIEMENS30Jan201460PE.NFO,07/01/2020,10:25:16,23.2,22.4,550,23.7,550,0,18150
SIEMENS30Jan201460PE.NFO,07/01/2020,10:25:24,23.2,22.4,550,23.65,550,0,18150
SIEMENS30Jan201460PE.NFO,07/01/2020,10:25:28,23.2,22.4,1100,23.75,1100,0,18150
SIEMENS30Jan201460PE.NFO,07/01/2020,10:25:32,23.2,22.6,550,24.15,550,0,18150
SIEMENS30Jan201460PE.NFO,07/01/2020,10:25:37,23.2,22.65,550,24.2,550,0,18150
SIEMENS30Jan201460PE.NFO,07/01/2020,10:25:51,23.2,22.85,550,24.05,550,0,18150
SIEMENS30Jan201460PE.NFO,07/01/2020,10:25:56,23.2,22.85,550,24.1,550,0,18150
SIEMENS30Jan201460PE.NFO,07/01/2020,10:26:05,23.2,22.85,550,24.2,550,0,18150
SIEMENS30Jan201460PE.NFO,07/01/2020,10:26:10,23.2,22.85,550,24.2,1100,0,18150
SIEMENS30Jan201460PE.NFO,07/01/2020,10:26:24,23.2,22.9,550,24.55,1100,0,18150
SIEMENS30Jan201460PE.NFO,07/01/2020,10:26:27,23.2,23,550,24.55,1100,0,18150
SIEMENS30Jan201460PE.NFO,07/01/2020,10:26:34,23.2,23.1,550,24.65,550,0,18150
SIEMENS30Jan201460PE.NFO,07/01/2020,10:27:16,23.2,23.2,550,25.15,550,0,18150
SIEMENS30Jan201460PE.NFO,07/01/2020,10:29:01,23.2,23.55,550,25.05,550,0,18150
SIEMENS30Jan201460PE.NFO,07/01/2020,10:29:05,23.2,23.55,550,25.1,550,0,18150
SIEMENS30Jan201460PE.NFO,07/01/2020,10:29:08,23.2,23.55,550,25.4,1650,0,18150
SIEMENS30Jan201460PE.NFO,07/01/2020,10:29:15,23.2,23.55,550,25.4,550,0,18150
SIEMENS30Jan201460PE.NFO,07/01/2020,10:29:54,23.2,23.55,550,25.3,550,0,18150
SIEMENS30Jan201460PE.NFO,07/01/2020,10:30:23,23.2,23.55,550,25.25,550,0,18150
SIEMENS30Jan201460PE.NFO,07/01/2020,10:30:31,23.2,23.55,550,25.45,550,0,18150
SIEMENS30Jan201460PE.NFO,07/01/2020,10:30:37,23.2,23.55,550,25.6,1100,0,18150
SIEMENS30Jan201460PE.NFO,07/01/2020,10:30:46,23.2,23.65,550,25.65,550,0,18150
SIEMENS30Jan201460PE.NFO,07/01/2020,10:30:49,23.2,23.65,1100,25.45,550,0,18150
SIEMENS30Jan201460PE.NFO,07/01/2020,10:31:03,23.2,23.65,550,25.85,550,0,18150
SIEMENS30Jan201460PE.NFO,07/01/2020,10:31:06,23.2,24,550,26.95,1100,0,18150
SIEMENS30Jan201460PE.NFO,07/01/2020,10:31:09,23.2,24.55,550,26.55,550,0,18150
SIEMENS30Jan201460PE.NFO,07/01/2020,10:31:11,23.2,24.55,550,26.35,550,0,18150
SIEMENS30Jan201460PE.NFO,07/01/2020,10:31:18,23.2,24.55,1100,26.35,550,0,18150
SIEMENS30Jan201460PE.NFO,07/01/2020,10:31:20,23.2,24.55,1100,26.25,550,0,18150
SIEMENS30Jan201460PE.NFO,07/01/2020,10:31:22,23.2,24.55,550,26.25,550,0,18150
SIEMENS30Jan201460PE.NFO,07/01/2020,10:31:30,23.2,24.55,550,26.5,550,0,18150
SIEMENS30Jan201460PE.NFO,07/01/2020,10:31:36,23.2,24.65,550,26.45,550,0,18150
SIEMENS30Jan201460PE.NFO,07/01/2020,10:31:37,23.2,24.65,550,26.4,550,0,18150
SIEMENS30Jan201460PE.NFO,07/01/2020,10:31:42,23.2,24.7,550,26.4,550,0,18150
SIEMENS30Jan201460PE.NFO,07/01/2020,10:31:43,23.2,24.75,550,26.4,550,0,18150
SIEMENS30Jan201460PE.NFO,07/01/2020,10:32:22,23.2,24.65,550,26.3,550,0,18150
SIEMENS30Jan201460PE.NFO,07/01/2020,10:32:26,23.2,24.55,1100,26.2,550,0,18150
SIEMENS30Jan201460PE.NFO,07/01/2020,10:32:31,23.2,24.55,1100,26.15,550,0,18150
SIEMENS30Jan201460PE.NFO,07/01/2020,10:32:35,23.2,24.55,550,26.25,550,0,18150
SIEMENS30Jan201460PE.NFO,07/01/2020,10:32:58,23.2,24.55,550,26.2,550,0,18150
SIEMENS30Jan201460PE.NFO,07/01/2020,10:33:21,23.2,24.55,550,26.35,550,0,18150
SIEMENS30Jan201460PE.NFO,07/01/2020,10:33:24,23.2,24.55,550,26.3,550,0,18150
SIEMENS30Jan201460PE.NFO,07/01/2020,10:34:28,23.2,24.55,550,26.1,550,0,18150
SIEMENS30Jan201460PE.NFO,07/01/2020,10:34:49,23.2,24.65,550,26.5,550,0,18150
SIEMENS30Jan201460PE.NFO,07/01/2020,10:34:53,23.2,24.65,550,26.45,550,0,18150
SIEMENS30Jan201460PE.NFO,07/01/2020,10:35:25,23.2,24.75,1100,26.45,550,0,18150
SIEMENS30Jan201460PE.NFO,07/01/2020,10:35:28,23.2,24.95,550,26.95,550,0,18150
SIEMENS30Jan201460PE.NFO,07/01/2020,10:37:10,23.2,25.45,1100,28.15,1100,0,18150
SIEMENS30Jan201460PE.NFO,07/01/2020,10:37:14,23.2,25.45,550,27.4,550,0,18150
SIEMENS30Jan201460PE.NFO,07/01/2020,10:37:17,23.2,25.55,550,27.4,550,0,18150
SIEMENS30Jan201460PE.NFO,07/01/2020,10:39:10,23.2,25.7,550,27.4,550,0,18150
SIEMENS30Jan201460PE.NFO,07/01/2020,10:39:33,23.2,25.6,550,27.3,550,0,18150
SIEMENS30Jan201460PE.NFO,07/01/2020,10:39:40,23.2,25.55,550,27.15,1100,0,18150
SIEMENS30Jan201460PE.NFO,07/01/2020,10:39:43,23.2,25.55,550,26.9,550,0,18150
SIEMENS30Jan201460PE.NFO,07/01/2020,10:39:56,23.2,25.5,550,26.9,550,0,18150
SIEMENS30Jan201460PE.NFO,07/01/2020,10:40:10,23.2,25.15,550,26.45,550,0,18150
SIEMENS30Jan201460PE.NFO,07/01/2020,10:40:15,23.2,25.05,550,26.45,550,0,18150
SIEMENS30Jan201460PE.NFO,07/01/2020,10:40:27,23.2,25,1100,26.45,550,0,18150
SIEMENS30Jan201460PE.NFO,07/01/2020,10:40:47,23.2,25,550,26.45,550,0,18150
SIEMENS30Jan201460PE.NFO,07/01/2020,10:40:59,23.2,24.95,550,26.4,550,0,18150
SIEMENS30Jan201460PE.NFO,07/01/2020,10:41:02,23.2,24.95,550,26.45,1100,0,18150
SIEMENS30Jan201460PE.NFO,07/01/2020,10:41:08,23.2,24.9,550,26.4,550,0,18150
SIEMENS30Jan201460PE.NFO,07/01/2020,10:41:12,23.2,24.9,550,26.45,550,0,18150
SIEMENS30Jan201460PE.NFO,07/01/2020,10:41:26,23.2,24.5,550,26.1,550,0,18150
SIEMENS30Jan201460PE.NFO,07/01/2020,10:41:33,23.2,24.65,550,26.7,550,0,18150
SIEMENS30Jan201460PE.NFO,07/01/2020,10:41:37,23.2,24.65,550,26.6,550,0,18150
SIEMENS30Jan201460PE.NFO,07/01/2020,10:41:41,23.2,24.65,550,26.5,550,0,18150
SIEMENS30Jan201460PE.NFO,07/01/2020,10:42:14,23.2,24.65,550,26.65,550,0,18150
SIEMENS30Jan201460PE.NFO,07/01/2020,10:42:18,23.2,24.75,550,26.65,550,0,18150
SIEMENS30Jan201460PE.NFO,07/01/2020,10:42:31,23.2,24.85,550,26.85,550,0,18150
SIEMENS30Jan201460PE.NFO,07/01/2020,10:43:43,23.2,25.05,550,26.95,550,0,18150
SIEMENS30Jan201460PE.NFO,07/01/2020,10:43:47,23.2,25.15,550,26.95,550,0,18150
SIEMENS30Jan201460PE.NFO,07/01/2020,10:43:54,23.2,25.15,550,26.85,550,0,18150
SIEMENS30Jan201460PE.NFO,07/01/2020,10:45:21,23.2,25.15,550,26.75,550,0,18150
SIEMENS30Jan201460PE.NFO,07/01/2020,10:45:25,23.2,25.15,1100,26.95,550,0,18150
SIEMENS30Jan201460PE.NFO,07/01/2020,10:45:29,23.2,25.15,1100,26.85,550,0,18150
SIEMENS30Jan201460PE.NFO,07/01/2020,10:45:32,23.2,25.15,550,26.85,550,0,18150
SIEMENS30Jan201460PE.NFO,07/01/2020,10:48:07,23.2,25.15,550,26.95,550,0,18150
SIEMENS30Jan201460PE.NFO,07/01/2020,10:48:58,23.2,25.25,550,27.35,550,0,18150
SIEMENS30Jan201460PE.NFO,07/01/2020,10:49:40,23.2,25.35,550,27.35,550,0,18150
SIEMENS30Jan201460PE.NFO,07/01/2020,10:49:43,23.2,25.45,550,27.35,550,0,18150
SIEMENS30Jan201460PE.NFO,07/01/2020,10:49:51,23.2,25.55,550,27.75,550,0,18150
SIEMENS30Jan201460PE.NFO,07/01/2020,10:50:00,23.2,25.75,550,27.75,550,0,18150
SIEMENS30Jan201460PE.NFO,07/01/2020,10:50:06,23.2,25.75,550,27.75,1100,0,18150
SIEMENS30Jan201460PE.NFO,07/01/2020,10:50:22,23.2,25.85,1100,27.75,1100,0,18150
SIEMENS30Jan201460PE.NFO,07/01/2020,10:51:16,23.2,25.85,1100,27.95,550,0,18150
SIEMENS30Jan201460PE.NFO,07/01/2020,10:51:20,23.2,26.25,550,28.2,550,0,18150
SIEMENS30Jan201460PE.NFO,07/01/2020,10:51:24,23.2,26.35,550,28.2,550,0,18150
SIEMENS30Jan201460PE.NFO,07/01/2020,10:51:44,23.2,26.55,550,28.75,1650,0,18150
SIEMENS30Jan201460PE.NFO,07/01/2020,10:51:57,23.2,26.55,550,28.75,550,0,18150
SIEMENS30Jan201460PE.NFO,07/01/2020,10:52:05,23.2,26.65,550,28.75,550,0,18150
SIEMENS30Jan201460PE.NFO,07/01/2020,10:52:09,23.2,26.75,550,28.75,550,0,18150
SIEMENS30Jan201460PE.NFO,07/01/2020,10:52:32,23.2,26.75,550,28.8,550,0,18150
SIEMENS30Jan201460PE.NFO,07/01/2020,10:52:36,23.2,26.75,550,28.7,550,0,18150
SIEMENS30Jan201460PE.NFO,07/01/2020,10:53:59,23.2,26.75,550,29,550,0,18150
SIEMENS30Jan201460PE.NFO,07/01/2020,10:54:16,23.2,26.75,550,28.85,550,0,18150
SIEMENS30Jan201460PE.NFO,07/01/2020,10:54:27,23.2,26.75,550,28.7,550,0,18150
SIEMENS30Jan201460PE.NFO,07/01/2020,10:54:32,23.2,26.75,550,29.05,550,0,18150
SIEMENS30Jan201460PE.NFO,07/01/2020,10:55:22,23.2,26.75,550,28.75,1650,0,18150
SIEMENS30Jan201460PE.NFO,07/01/2020,10:55:26,23.2,26.75,550,28.7,550,0,18150
SIEMENS30Jan201460PE.NFO,07/01/2020,10:55:32,23.2,26.75,550,28.65,550,0,18150
SIEMENS30Jan201460PE.NFO,07/01/2020,10:55:37,23.2,26.75,550,28.75,550,0,18150
SIEMENS30Jan201460PE.NFO,07/01/2020,10:56:05,23.2,26.75,550,28.55,1650,0,18150
SIEMENS30Jan201460PE.NFO,07/01/2020,10:56:11,23.2,26.7,550,28.45,550,0,18150
SIEMENS30Jan201460PE.NFO,07/01/2020,10:56:17,23.2,26.7,550,28.4,550,0,18150
SIEMENS30Jan201460PE.NFO,07/01/2020,10:57:26,23.2,26.7,550,28.9,550,0,18150
SIEMENS30Jan201460PE.NFO,07/01/2020,10:57:33,23.2,26.7,550,28.8,550,0,18150
SIEMENS30Jan201460PE.NFO,07/01/2020,10:57:39,23.2,26.7,550,28.25,550,0,18150
SIEMENS30Jan201460PE.NFO,07/01/2020,10:57:50,23.2,26.7,550,28.15,550,0,18150
SIEMENS30Jan201460PE.NFO,07/01/2020,10:58:41,23.2,26.65,550,28.25,550,0,18150
SIEMENS30Jan201460PE.NFO,07/01/2020,10:58:47,23.2,26.65,550,28.2,550,0,18150
SIEMENS30Jan201460PE.NFO,07/01/2020,11:00:23,23.2,26.65,550,28.65,1650,0,18150
SIEMENS30Jan201460PE.NFO,07/01/2020,11:00:29,23.2,26.65,550,28.55,1650,0,18150
SIEMENS30Jan201460PE.NFO,07/01/2020,11:00:57,23.2,26.65,550,29.2,550,0,18150
SIEMENS30Jan201460PE.NFO,07/01/2020,11:01:05,23.2,26.95,550,29.3,550,0,18150
SIEMENS30Jan201460PE.NFO,07/01/2020,11:01:13,23.2,26.95,550,29.15,550,0,18150
SIEMENS30Jan201460PE.NFO,07/01/2020,11:01:50,23.2,26.95,550,29,550,0,18150
SIEMENS30Jan201460PE.NFO,07/01/2020,11:01:58,23.2,27.1,550,28.95,550,0,18150
SIEMENS30Jan201460PE.NFO,07/01/2020,11:02:05,23.2,27.1,550,28.9,550,0,18150
SIEMENS30Jan201460PE.NFO,07/01/2020,11:02:12,23.2,27.1,550,28.95,550,0,18150
SIEMENS30Jan201460PE.NFO,07/01/2020,11:02:19,23.2,27.1,550,29,1650,0,18150
SIEMENS30Jan201460PE.NFO,07/01/2020,11:02:25,23.2,27.1,550,29.05,550,0,18150
SIEMENS30Jan201460PE.NFO,07/01/2020,11:02:32,23.2,27.1,550,29.2,550,0,18150
SIEMENS30Jan201460PE.NFO,07/01/2020,11:02:45,23.2,27.1,550,29.1,550,0,18150
SIEMENS30Jan201460PE.NFO,07/01/2020,11:02:58,23.2,27.1,550,29,550,0,18150
SIEMENS30Jan201460PE.NFO,07/01/2020,11:03:05,23.2,27.1,550,28.95,550,0,18150
SIEMENS30Jan201460PE.NFO,07/01/2020,11:03:11,23.2,27.1,550,29,550,0,18150
SIEMENS30Jan201460PE.NFO,07/01/2020,11:03:24,23.2,27.1,550,28.85,1650,0,18150
SIEMENS30Jan201460PE.NFO,07/01/2020,11:03:30,23.2,27.1,550,29,550,0,18150
SIEMENS30Jan201460PE.NFO,07/01/2020,11:03:36,23.2,27.1,550,28.95,550,0,18150
SIEMENS30Jan201460PE.NFO,07/01/2020,11:03:43,23.2,27.1,550,29,550,0,18150
SIEMENS30Jan201460PE.NFO,07/01/2020,11:03:50,23.2,27.1,550,28.95,550,0,18150
SIEMENS30Jan201460PE.NFO,07/01/2020,11:04:57,23.2,27.1,550,28.9,550,0,18150
SIEMENS30Jan201460PE.NFO,07/01/2020,11:05:18,23.2,27.1,550,28.7,550,0,18150
SIEMENS30Jan201460PE.NFO,07/01/2020,11:05:24,23.2,27.1,550,28.9,550,0,18150
SIEMENS30Jan201460PE.NFO,07/01/2020,11:05:57,23.2,27.1,550,28.6,550,0,18150
SIEMENS30Jan201460PE.NFO,07/01/2020,11:06:04,23.2,27.05,550,28.5,550,0,18150
SIEMENS30Jan201460PE.NFO,07/01/2020,11:06:11,23.2,27,550,28.5,550,0,18150
SIEMENS30Jan201460PE.NFO,07/01/2020,11:06:51,23.2,27,550,28.6,550,0,18150
SIEMENS30Jan201460PE.NFO,07/01/2020,11:06:56,23.2,26.6,550,28.4,550,0,18150
SIEMENS30Jan201460PE.NFO,07/01/2020,11:07:02,23.2,26.6,550,28.4,1100,0,18150
SIEMENS30Jan201460PE.NFO,07/01/2020,11:07:08,23.2,26.55,1650,28.4,1100,0,18150
SIEMENS30Jan201460PE.NFO,07/01/2020,11:07:13,23.2,26.55,1100,28.4,1100,0,18150
SIEMENS30Jan201460PE.NFO,07/01/2020,11:07:24,23.2,26.55,550,28.25,550,0,18150
SIEMENS30Jan201460PE.NFO,07/01/2020,11:07:34,23.2,26.55,1100,28.25,550,0,18150
SIEMENS30Jan201460PE.NFO,07/01/2020,11:07:39,23.2,26.55,1650,28.35,550,0,18150
SIEMENS30Jan201460PE.NFO,07/01/2020,11:08:44,23.2,26.55,1650,28.7,550,0,18150
SIEMENS30Jan201460PE.NFO,07/01/2020,11:09:37,23.2,26.55,1650,28.7,1100,0,18150
SIEMENS30Jan201460PE.NFO,07/01/2020,11:09:43,23.2,26.55,1650,28.7,550,0,18150
SIEMENS30Jan201460PE.NFO,07/01/2020,11:09:47,23.2,26.55,1650,28.9,550,0,18150
SIEMENS30Jan201460PE.NFO,07/01/2020,11:10:18,23.2,26.65,550,28.9,1100,0,18150
SIEMENS30Jan201460PE.NFO,07/01/2020,11:10:23,23.2,26.75,550,28.85,550,0,18150
SIEMENS30Jan201460PE.NFO,07/01/2020,11:10:56,23.2,26.75,550,28.55,550,0,18150
SIEMENS30Jan201460PE.NFO,07/01/2020,11:10:59,23.2,26.75,550,28.65,550,0,18150
SIEMENS30Jan201460PE.NFO,07/01/2020,11:11:03,23.2,26.75,550,28.7,550,0,18150
SIEMENS30Jan201460PE.NFO,07/01/2020,11:11:08,23.2,27.05,1100,28.85,550,0,18150
SIEMENS30Jan201460PE.NFO,07/01/2020,11:11:20,23.2,27.05,1100,29.1,550,0,18150
SIEMENS30Jan201460PE.NFO,07/01/2020,11:11:27,23.2,27.35,550,29.65,550,0,18150
SIEMENS30Jan201460PE.NFO,07/01/2020,11:11:35,23.2,27.7,550,29.65,550,0,18150
SIEMENS30Jan201460PE.NFO,07/01/2020,11:11:43,23.2,27.7,1100,29.65,550,0,18150
SIEMENS30Jan201460PE.NFO,07/01/2020,11:11:50,23.2,27.7,550,29.65,550,0,18150
SIEMENS30Jan201460PE.NFO,07/01/2020,11:12:04,23.2,27.8,550,29.65,550,0,18150
SIEMENS30Jan201460PE.NFO,07/01/2020,11:12:19,23.2,27.8,550,29.7,1100,0,18150
SIEMENS30Jan201460PE.NFO,07/01/2020,11:12:30,23.2,27.8,550,29.6,1100,0,18150
SIEMENS30Jan201460PE.NFO,07/01/2020,11:12:36,23.2,27.8,550,29.6,550,0,18150
SIEMENS30Jan201460PE.NFO,07/01/2020,11:12:53,23.2,27.8,550,29.7,550,0,18150
SIEMENS30Jan201460PE.NFO,07/01/2020,11:13:30,23.2,27.7,550,29.65,550,0,18150
SIEMENS30Jan201460PE.NFO,07/01/2020,11:13:36,23.2,27.75,550,29.4,550,0,18150
SIEMENS30Jan201460PE.NFO,07/01/2020,11:13:59,23.2,27.75,550,29.45,550,0,18150
SIEMENS30Jan201460PE.NFO,07/01/2020,11:14:04,23.2,27.75,550,29.55,550,0,18150
SIEMENS30Jan201460PE.NFO,07/01/2020,11:14:13,23.2,27.75,550,29.4,550,0,18150
SIEMENS30Jan201460PE.NFO,07/01/2020,11:14:19,23.2,27.75,550,29.3,550,0,18150
SIEMENS30Jan201460PE.NFO,07/01/2020,11:14:34,23.2,27.75,550,29.4,550,0,18150
SIEMENS30Jan201460PE.NFO,07/01/2020,11:14:52,23.2,27.75,1100,29.8,1650,0,18150
SIEMENS30Jan201460PE.NFO,07/01/2020,11:14:57,23.2,27.75,550,29.8,1650,0,18150
SIEMENS30Jan201460PE.NFO,07/01/2020,11:15:04,23.2,27.75,550,29.7,1650,0,18150
SIEMENS30Jan201460PE.NFO,07/01/2020,11:15:10,23.2,27.75,550,29.7,1100,0,18150
SIEMENS30Jan201460PE.NFO,07/01/2020,11:15:16,23.2,27.75,550,29.7,550,0,18150
SIEMENS30Jan201460PE.NFO,07/01/2020,11:15:33,23.2,27.75,1100,29.7,550,0,18150
SIEMENS30Jan201460PE.NFO,07/01/2020,11:15:38,23.2,27.8,550,29.7,550,0,18150
SIEMENS30Jan201460PE.NFO,07/01/2020,11:15:42,23.2,27.75,550,29.7,550,0,18150
SIEMENS30Jan201460PE.NFO,07/01/2020,11:16:17,23.2,27.8,550,29.7,550,0,18150
SIEMENS30Jan201460PE.NFO,07/01/2020,11:16:24,23.2,28.05,550,30.05,550,0,18150
SIEMENS30Jan201460PE.NFO,07/01/2020,11:16:30,23.2,28.05,1100,30.05,550,0,18150
SIEMENS30Jan201460PE.NFO,07/01/2020,11:16:44,23.2,28.25,550,30.05,550,0,18150
SIEMENS30Jan201460PE.NFO,07/01/2020,11:16:50,23.2,28.25,550,30.2,550,0,18150
SIEMENS30Jan201460PE.NFO,07/01/2020,11:17:01,23.2,28.55,550,30.2,550,0,18150
SIEMENS30Jan201460PE.NFO,07/01/2020,11:17:32,23.2,28.55,550,29.95,550,0,18150
SIEMENS30Jan201460PE.NFO,07/01/2020,11:18:09,28.55,28.55,550,30.15,550,550,18150
SIEMENS30Jan201460PE.NFO,07/01/2020,11:18:09,28.55,28.55,550,30.15,550,0,18150
SIEMENS30Jan201460PE.NFO,07/01/2020,11:18:14,28.55,28.55,550,30.15,550,0,18150
SIEMENS30Jan201460PE.NFO,07/01/2020,11:18:23,28.55,28.55,1100,30.15,550,0,18150
SIEMENS30Jan201460PE.NFO,07/01/2020,11:18:28,28.55,28.2,550,30.15,550,0,18150
SIEMENS30Jan201460PE.NFO,07/01/2020,11:18:39,28.55,28.2,550,29.95,550,0,18150
SIEMENS30Jan201460PE.NFO,07/01/2020,11:18:47,28.55,28.2,550,29.75,550,0,18150
SIEMENS30Jan201460PE.NFO,07/01/2020,11:18:59,28.55,28.25,550,29.75,550,0,18150
SIEMENS30Jan201460PE.NFO,07/01/2020,11:19:05,28.55,28.25,550,29.65,550,0,18150
SIEMENS30Jan201460PE.NFO,07/01/2020,11:19:17,28.55,27.5,1100,29.65,550,0,18150
SIEMENS30Jan201460PE.NFO,07/01/2020,11:19:25,28.55,28.15,550,30.15,550,0,18150
SIEMENS30Jan201460PE.NFO,07/01/2020,11:19:33,28.55,28.35,550,30.15,550,0,18150
SIEMENS30Jan201460PE.NFO,07/01/2020,11:19:44,28.55,28.05,550,29.65,550,0,18150
SIEMENS30Jan201460PE.NFO,07/01/2020,11:19:58,28.55,28.05,550,29.55,550,0,18150
SIEMENS30Jan201460PE.NFO,07/01/2020,11:20:14,28.55,28.1,550,29.25,1100,0,18150
SIEMENS30Jan201460PE.NFO,07/01/2020,11:20:20,28.55,28.1,550,29.25,550,0,18150
SIEMENS30Jan201460PE.NFO,07/01/2020,11:20:24,28.55,28,550,29.05,550,0,18150
SIEMENS30Jan201460PE.NFO,07/01/2020,11:20:30,28.55,27.95,1100,29.25,550,0,18150
SIEMENS30Jan201460PE.NFO,07/01/2020,11:20:36,28.55,27.95,1100,29.5,550,0,18150
SIEMENS30Jan201460PE.NFO,07/01/2020,11:20:41,28.55,27.95,1100,29.25,550,0,18150
SIEMENS30Jan201460PE.NFO,07/01/2020,11:20:47,28.55,27.75,550,28.9,550,0,18150
SIEMENS30Jan201460PE.NFO,07/01/2020,11:20:58,28.55,27.75,550,29.15,550,0,18150
SIEMENS30Jan201460PE.NFO,07/01/2020,11:21:09,28.55,27.75,550,29.1,550,0,18150
SIEMENS30Jan201460PE.NFO,07/01/2020,11:21:18,28.55,27.75,550,29.05,550,0,18150
SIEMENS30Jan201460PE.NFO,07/01/2020,11:21:32,28.55,27.75,550,29.25,550,0,18150
SIEMENS30Jan201460PE.NFO,07/01/2020,11:21:38,28.55,27.95,550,29.25,550,0,18150
SIEMENS30Jan201460PE.NFO,07/01/2020,11:22:17,28.55,28.05,550,29.75,550,0,18150
SIEMENS30Jan201460PE.NFO,07/01/2020,11:22:21,28.55,28.05,550,29.65,550,0,18150
SIEMENS30Jan201460PE.NFO,07/01/2020,11:22:26,28.55,28.05,550,29.7,550,0,18150
SIEMENS30Jan201460PE.NFO,07/01/2020,11:22:30,28.55,28.05,550,29.6,550,0,18150
SIEMENS30Jan201460PE.NFO,07/01/2020,11:22:34,28.55,28.05,550,29.85,550,0,18150
SIEMENS30Jan201460PE.NFO,07/01/2020,11:22:39,28.55,28.05,550,29.65,550,0,18150
SIEMENS30Jan201460PE.NFO,07/01/2020,11:22:42,28.55,28.05,550,30,550,0,18150
SIEMENS30Jan201460PE.NFO,07/01/2020,11:22:48,28.55,28.05,550,29.7,550,0,18150
SIEMENS30Jan201460PE.NFO,07/01/2020,11:22:51,28.55,28,550,29.35,550,0,18150
SIEMENS30Jan201460PE.NFO,07/01/2020,11:23:00,28.55,28,550,29.2,550,0,18150
SIEMENS30Jan201460PE.NFO,07/01/2020,11:23:10,28.55,28.05,550,29.35,550,0,18150
SIEMENS30Jan201460PE.NFO,07/01/2020,11:23:15,28.55,28.05,550,29.7,550,0,18150
SIEMENS30Jan201460PE.NFO,07/01/2020,11:23:25,28.55,28.05,550,29.75,550,0,18150
SIEMENS30Jan201460PE.NFO,07/01/2020,11:23:33,28.55,28.05,550,29.55,550,0,18150
SIEMENS30Jan201460PE.NFO,07/01/2020,11:23:51,28.55,28,550,29.45,550,0,18150
SIEMENS30Jan201460PE.NFO,07/01/2020,11:24:33,28.55,28,550,29.25,550,0,18150
SIEMENS30Jan201460PE.NFO,07/01/2020,11:24:38,28.55,27.9,550,29.3,550,0,18150
SIEMENS30Jan201460PE.NFO,07/01/2020,11:24:43,28.55,27.9,550,29.35,550,0,18150
SIEMENS30Jan201460PE.NFO,07/01/2020,11:25:48,28.55,27.9,550,29.25,550,0,18150
SIEMENS30Jan201460PE.NFO,07/01/2020,11:25:56,28.55,27.9,550,29.35,550,0,18150
SIEMENS30Jan201460PE.NFO,07/01/2020,11:26:15,28.55,27.9,550,29.15,550,0,18150
SIEMENS30Jan201460PE.NFO,07/01/2020,11:26:18,28.55,27.85,550,29.15,550,0,18150
SIEMENS30Jan201460PE.NFO,07/01/2020,11:26:32,28.55,27.85,550,29.4,550,0,18150
SIEMENS30Jan201460PE.NFO,07/01/2020,11:27:54,28.55,27.8,550,29.2,550,0,18150
SIEMENS30Jan201460PE.NFO,07/01/2020,11:28:08,28.55,27.8,1100,29.35,550,0,18150
SIEMENS30Jan201460PE.NFO,07/01/2020,11:28:15,28.55,27.8,550,29.35,550,0,18150
SIEMENS30Jan201460PE.NFO,07/01/2020,11:28:54,28.55,27.35,1100,29.75,550,0,18150
SIEMENS30Jan201460PE.NFO,07/01/2020,11:29:02,28.55,27.4,550,29.75,550,0,18150
SIEMENS30Jan201460PE.NFO,07/01/2020,11:29:10,28.55,27.35,1100,29.75,550,0,18150
SIEMENS30Jan201460PE.NFO,07/01/2020,11:29:14,28.55,27.4,550,29.75,550,0,18150
SIEMENS30Jan201460PE.NFO,07/01/2020,11:29:46,28.55,27.45,1650,29.65,550,0,18150
SIEMENS30Jan201460PE.NFO,07/01/2020,11:29:49,28.55,27.65,550,29.65,550,0,18150
SIEMENS30Jan201460PE.NFO,07/01/2020,11:31:04,28.55,27.7,550,29.35,550,0,18150
SIEMENS30Jan201460PE.NFO,07/01/2020,11:31:21,28.55,27.65,1100,29.35,550,0,18150
SIEMENS30Jan201460PE.NFO,07/01/2020,11:31:53,28.55,27.5,1100,29.25,550,0,18150
SIEMENS30Jan201460PE.NFO,07/01/2020,11:31:59,28.55,27.5,1650,29.25,550,0,18150
SIEMENS30Jan201460PE.NFO,07/01/2020,11:32:05,28.55,27.5,1100,29.25,550,0,18150
SIEMENS30Jan201460PE.NFO,07/01/2020,11:32:36,28.55,27.9,550,29.25,550,0,18150
SIEMENS30Jan201460PE.NFO,07/01/2020,11:32:41,28.55,27.6,550,29.25,550,0,18150
SIEMENS30Jan201460PE.NFO,07/01/2020,11:32:49,28.55,27.55,550,29.25,550,0,18150
SIEMENS30Jan201460PE.NFO,07/01/2020,11:32:52,28.55,27.25,550,29.15,550,0,18150
SIEMENS30Jan201460PE.NFO,07/01/2020,11:33:00,28.55,27.4,550,29.05,550,0,18150
SIEMENS30Jan201460PE.NFO,07/01/2020,11:33:04,28.55,27.35,550,29.05,550,0,18150
SIEMENS30Jan201460PE.NFO,07/01/2020,11:33:07,28.55,27.35,1100,29.05,550,0,18150
SIEMENS30Jan201460PE.NFO,07/01/2020,11:33:28,28.55,27.35,550,29.05,550,0,18150
SIEMENS30Jan201460PE.NFO,07/01/2020,11:33:31,28.55,27.35,550,29.05,1100,0,18150
SIEMENS30Jan201460PE.NFO,07/01/2020,11:33:44,28.55,27.35,550,28.85,1100,0,18150
SIEMENS30Jan201460PE.NFO,07/01/2020,11:33:56,28.55,26.3,1100,28.4,550,0,18150
SIEMENS30Jan201460PE.NFO,07/01/2020,11:34:03,28.55,26.75,550,28.4,550,0,18150
SIEMENS30Jan201460PE.NFO,07/01/2020,11:34:09,28.55,26.7,1100,28.4,550,0,18150
SIEMENS30Jan201460PE.NFO,07/01/2020,11:34:17,28.55,26.7,1650,28.4,550,0,18150
SIEMENS30Jan201460PE.NFO,07/01/2020,11:34:36,28.55,26.9,550,28.4,550,0,18150
SIEMENS30Jan201460PE.NFO,07/01/2020,11:34:49,28.55,27.1,1100,28.75,550,0,18150
SIEMENS30Jan201460PE.NFO,07/01/2020,11:34:55,28.55,27.3,550,28.75,550,0,18150
SIEMENS30Jan201460PE.NFO,07/01/2020,11:35:00,28.55,27.3,550,28.95,550,0,18150
SIEMENS30Jan201460PE.NFO,07/01/2020,11:35:06,28.55,27.25,550,28.8,550,0,18150
SIEMENS30Jan201460PE.NFO,07/01/2020,11:35:13,28.55,27.45,550,29.05,1100,0,18150
SIEMENS30Jan201460PE.NFO,07/01/2020,11:35:19,28.55,27.25,550,28.7,550,0,18150
SIEMENS30Jan201460PE.NFO,07/01/2020,11:35:26,28.55,27.25,550,28.6,550,0,18150
SIEMENS30Jan201460PE.NFO,07/01/2020,11:35:31,28.55,27.1,550,28.6,550,0,18150
SIEMENS30Jan201460PE.NFO,07/01/2020,11:35:37,28.55,27.15,550,28.65,550,0,18150
SIEMENS30Jan201460PE.NFO,07/01/2020,11:35:43,28.55,27,550,28.65,550,0,18150
SIEMENS30Jan201460PE.NFO,07/01/2020,11:35:49,28.55,26.85,550,28.85,1100,0,18150
SIEMENS30Jan201460PE.NFO,07/01/2020,11:35:55,28.55,26.95,550,28.85,1100,0,18150
SIEMENS30Jan201460PE.NFO,07/01/2020,11:36:00,28.55,26.9,550,28.85,1100,0,18150
SIEMENS30Jan201460PE.NFO,07/01/2020,11:36:14,28.55,27.1,550,28.8,550,0,18150
SIEMENS30Jan201460PE.NFO,07/01/2020,11:36:19,28.55,27.1,550,28.65,550,0,18150
SIEMENS30Jan201460PE.NFO,07/01/2020,11:36:24,28.55,27.3,550,28.65,550,0,18150
SIEMENS30Jan201460PE.NFO,07/01/2020,11:36:40,28.55,27.3,550,29,1100,0,18150
SIEMENS30Jan201460PE.NFO,07/01/2020,11:36:45,28.55,27.5,550,29,550,0,18150
SIEMENS30Jan201460PE.NFO,07/01/2020,11:36:51,28.55,27.75,550,29.25,550,0,18150
SIEMENS30Jan201460PE.NFO,07/01/2020,11:36:58,28.55,27.6,1100,29.25,550,0,18150
SIEMENS30Jan201460PE.NFO,07/01/2020,11:37:05,28.55,27.55,550,29.25,550,0,18150
SIEMENS30Jan201460PE.NFO,07/01/2020,11:37:10,28.55,27.45,1100,29.15,550,0,18150
SIEMENS30Jan201460PE.NFO,07/01/2020,11:37:15,28.55,27.6,550,29.15,550,0,18150
SIEMENS30Jan201460PE.NFO,07/01/2020,11:37:20,28.55,27.8,550,29.15,550,0,18150
SIEMENS30Jan201460PE.NFO,07/01/2020,11:37:24,28.55,27.75,550,29.15,550,0,18150
SIEMENS30Jan201460PE.NFO,07/01/2020,11:37:33,28.55,27.7,550,29.15,550,0,18150
SIEMENS30Jan201460PE.NFO,07/01/2020,11:37:37,28.55,27.7,550,29.05,550,0,18150
SIEMENS30Jan201460PE.NFO,07/01/2020,11:37:43,28.55,27.5,550,29.05,550,0,18150
SIEMENS30Jan201460PE.NFO,07/01/2020,11:37:48,28.55,27.4,550,29.05,550,0,18150
SIEMENS30Jan201460PE.NFO,07/01/2020,11:37:53,28.55,27.3,550,29.05,1100,0,18150
SIEMENS30Jan201460PE.NFO,07/01/2020,11:38:07,28.55,27.3,550,28.95,1100,0,18150
SIEMENS30Jan201460PE.NFO,07/01/2020,11:39:01,28.55,27.25,550,28.95,1100,0,18150
SIEMENS30Jan201460PE.NFO,07/01/2020,11:39:15,28.55,27.3,550,28.95,1100,0,18150
SIEMENS30Jan201460PE.NFO,07/01/2020,11:39:18,28.55,27.25,550,28.95,1100,0,18150
SIEMENS30Jan201460PE.NFO,07/01/2020,11:39:29,28.55,27.3,550,28.95,1100,0,18150
SIEMENS30Jan201460PE.NFO,07/01/2020,11:39:39,28.55,27.55,1100,28.95,550,0,18150
SIEMENS30Jan201460PE.NFO,07/01/2020,11:39:49,28.55,27.3,550,29.05,1100,0,18150
SIEMENS30Jan201460PE.NFO,07/01/2020,11:41:00,28.55,27.3,550,29.05,1650,0,18150
SIEMENS30Jan201460PE.NFO,07/01/2020,11:41:03,28.55,27.3,550,28.75,550,0,18150
SIEMENS30Jan201460PE.NFO,07/01/2020,11:41:17,28.55,27.3,550,28.75,1100,0,18150
SIEMENS30Jan201460PE.NFO,07/01/2020,11:41:59,28.55,27.4,1100,28.95,550,0,18150
SIEMENS30Jan201460PE.NFO,07/01/2020,11:42:04,28.55,27.45,550,28.95,550,0,18150
SIEMENS30Jan201460PE.NFO,07/01/2020,11:42:08,28.55,27.5,550,28.95,550,0,18150
SIEMENS30Jan201460PE.NFO,07/01/2020,11:42:12,28.55,27.55,550,28.95,550,0,18150
SIEMENS30Jan201460PE.NFO,07/01/2020,11:42:16,28.55,27.6,550,28.95,550,0,18150
SIEMENS30Jan201460PE.NFO,07/01/2020,11:42:44,28.55,27.3,1100,28.85,550,0,18150
SIEMENS30Jan201460PE.NFO,07/01/2020,11:42:48,28.55,27.3,550,28.85,550,0,18150
SIEMENS30Jan201460PE.NFO,07/01/2020,11:43:03,28.55,27.3,550,28.85,1100,0,18150
SIEMENS30Jan201460PE.NFO,07/01/2020,11:43:32,28.55,26.95,1100,28.55,550,0,18150
SIEMENS30Jan201460PE.NFO,07/01/2020,11:43:37,28.55,26.95,550,28.55,550,0,18150
SIEMENS30Jan201460PE.NFO,07/01/2020,11:43:40,28.55,26.95,550,28.5,550,0,18150
SIEMENS30Jan201460PE.NFO,07/01/2020,11:43:44,28.55,27.05,550,28.65,550,0,18150
SIEMENS30Jan201460PE.NFO,07/01/2020,11:43:48,28.55,27,550,28.65,550,0,18150
SIEMENS30Jan201460PE.NFO,07/01/2020,11:43:51,28.55,26.95,550,28.65,550,0,18150
SIEMENS30Jan201460PE.NFO,07/01/2020,11:43:55,28.55,26.95,550,28.65,1100,0,18150
SIEMENS30Jan201460PE.NFO,07/01/2020,11:44:02,28.55,26.9,550,28.65,1100,0,18150
SIEMENS30Jan201460PE.NFO,07/01/2020,11:44:28,28.55,27.35,550,28.95,550,0,18150
SIEMENS30Jan201460PE.NFO,07/01/2020,11:44:31,28.55,27.25,550,28.65,1100,0,18150
SIEMENS30Jan201460PE.NFO,07/01/2020,11:44:39,28.55,27.3,550,28.65,550,0,18150
SIEMENS30Jan201460PE.NFO,07/01/2020,11:44:49,28.55,26.8,550,28.55,1100,0,18150
SIEMENS30Jan201460PE.NFO,07/01/2020,11:44:53,28.55,27.05,550,28.55,1100,0,18150
SIEMENS30Jan201460PE.NFO,07/01/2020,11:44:57,28.55,26.95,550,28.55,1100,0,18150
SIEMENS30Jan201460PE.NFO,07/01/2020,11:45:00,28.55,26.8,550,28.55,1100,0,18150
SIEMENS30Jan201460PE.NFO,07/01/2020,11:45:25,28.55,26.85,550,28.55,1100,0,18150
SIEMENS30Jan201460PE.NFO,07/01/2020,11:45:29,28.55,26.8,550,28.55,1100,0,18150
SIEMENS30Jan201460PE.NFO,07/01/2020,11:45:51,28.55,26.75,550,28.45,1100,0,18150
SIEMENS30Jan201460PE.NFO,07/01/2020,11:46:09,28.55,26.85,1100,28.45,550,0,18150
SIEMENS30Jan201460PE.NFO,07/01/2020,11:46:12,28.55,27.25,550,28.45,550,0,18150
SIEMENS30Jan201460PE.NFO,07/01/2020,11:46:27,28.55,27.2,550,28.45,550,0,18150
SIEMENS30Jan201460PE.NFO,07/01/2020,11:46:30,28.55,27.25,550,28.45,550,0,18150
SIEMENS30Jan201460PE.NFO,07/01/2020,11:46:33,28.55,27.2,550,28.45,550,0,18150
SIEMENS30Jan201460PE.NFO,07/01/2020,11:46:36,28.55,27.2,550,28.45,1100,0,18150
SIEMENS30Jan201460PE.NFO,07/01/2020,11:46:40,28.55,27.25,550,28.45,550,0,18150
SIEMENS30Jan201460PE.NFO,07/01/2020,11:46:43,28.55,27.2,550,28.45,550,0,18150
SIEMENS30Jan201460PE.NFO,07/01/2020,11:46:52,28.55,27.25,550,28.45,550,0,18150
SIEMENS30Jan201460PE.NFO,07/01/2020,11:47:02,28.55,27.2,550,28.45,550,0,18150
SIEMENS30Jan201460PE.NFO,07/01/2020,11:47:05,28.55,27.25,550,28.45,550,0,18150
SIEMENS30Jan201460PE.NFO,07/01/2020,11:47:12,28.55,27.2,550,28.45,1100,0,18150
SIEMENS30Jan201460PE.NFO,07/01/2020,11:47:20,28.55,27.25,550,28.45,1100,0,18150
SIEMENS30Jan201460PE.NFO,07/01/2020,11:47:24,28.55,27.2,550,28.45,550,0,18150
SIEMENS30Jan201460PE.NFO,07/01/2020,11:47:33,28.55,27.2,550,28.45,1100,0,18150
SIEMENS30Jan201460PE.NFO,07/01/2020,11:47:46,28.55,27.25,550,28.45,1100,0,18150
SIEMENS30Jan201460PE.NFO,07/01/2020,11:47:50,28.55,27.2,550,28.45,1100,0,18150
SIEMENS30Jan201460PE.NFO,07/01/2020,11:47:52,28.55,27.25,550,28.45,1100,0,18150
SIEMENS30Jan201460PE.NFO,07/01/2020,11:48:04,28.55,27.3,550,28.75,550,0,18150
SIEMENS30Jan201460PE.NFO,07/01/2020,11:48:12,28.55,27.55,550,29.15,550,0,18150
SIEMENS30Jan201460PE.NFO,07/01/2020,11:48:17,28.55,27.4,550,29.05,550,0,18150
SIEMENS30Jan201460PE.NFO,07/01/2020,11:48:23,28.55,27.35,550,29.05,550,0,18150
SIEMENS30Jan201460PE.NFO,07/01/2020,11:48:27,28.55,27.55,550,29.05,550,0,18150
SIEMENS30Jan201460PE.NFO,07/01/2020,11:48:31,28.55,27.45,550,29.05,550,0,18150
SIEMENS30Jan201460PE.NFO,07/01/2020,11:48:39,28.55,27.5,550,29.05,550,0,18150
SIEMENS30Jan201460PE.NFO,07/01/2020,11:48:43,28.55,27.4,550,29.05,550,0,18150
SIEMENS30Jan201460PE.NFO,07/01/2020,11:48:47,28.55,27.45,550,29.05,550,0,18150
SIEMENS30Jan201460PE.NFO,07/01/2020,11:48:53,28.55,27.5,550,29.05,550,0,18150
SIEMENS30Jan201460PE.NFO,07/01/2020,11:48:55,28.55,27.45,550,29.05,550,0,18150
SIEMENS30Jan201460PE.NFO,07/01/2020,11:48:58,28.55,27.5,550,29.05,550,0,18150
SIEMENS30Jan201460PE.NFO,07/01/2020,11:49:02,28.55,27.45,550,29.05,550,0,18150
SIEMENS30Jan201460PE.NFO,07/01/2020,11:49:05,28.55,27.5,550,29.05,550,0,18150
SIEMENS30Jan201460PE.NFO,07/01/2020,11:49:10,28.55,27.55,550,29.05,550,0,18150
SIEMENS30Jan201460PE.NFO,07/01/2020,11:49:13,28.55,27.45,550,28.95,550,0,18150
SIEMENS30Jan201460PE.NFO,07/01/2020,11:49:17,28.55,27.3,550,28.95,550,0,18150
SIEMENS30Jan201460PE.NFO,07/01/2020,11:49:21,28.55,27.6,550,29.05,550,0,18150
SIEMENS30Jan201460PE.NFO,07/01/2020,11:49:26,28.55,27.75,550,29.25,550,0,18150
SIEMENS30Jan201460PE.NFO,07/01/2020,11:49:30,28.55,27.75,550,29.4,550,0,18150
SIEMENS30Jan201460PE.NFO,07/01/2020,11:49:34,28.55,27.8,550,29.3,550,0,18150
SIEMENS30Jan201460PE.NFO,07/01/2020,11:51:10,28.55,27.8,550,29.1,550,0,18150
SIEMENS30Jan201460PE.NFO,07/01/2020,11:51:20,28.55,27.8,550,29.15,1100,0,18150
SIEMENS30Jan201460PE.NFO,07/01/2020,11:51:40,28.55,27.75,550,29.15,1100,0,18150
SIEMENS30Jan201460PE.NFO,07/01/2020,11:52:06,28.55,27.25,550,29.15,1100,0,18150
SIEMENS30Jan201460PE.NFO,07/01/2020,11:55:00,28.55,27.3,1100,29.15,1100,0,18150
SIEMENS30Jan201460PE.NFO,07/01/2020,11:55:03,28.55,27.25,550,29.15,1100,0,18150
SIEMENS30Jan201460PE.NFO,07/01/2020,11:55:14,28.55,27.75,550,29.05,550,0,18150
SIEMENS30Jan201460PE.NFO,07/01/2020,11:55:34,28.55,27.75,550,29.05,1100,0,18150
SIEMENS30Jan201460PE.NFO,07/01/2020,11:55:36,28.55,27.8,550,29.05,550,0,18150
SIEMENS30Jan201460PE.NFO,07/01/2020,11:55:40,28.55,27.75,550,28.95,550,0,18150
SIEMENS30Jan201460PE.NFO,07/01/2020,11:55:49,28.55,27.8,550,28.95,550,0,18150
SIEMENS30Jan201460PE.NFO,07/01/2020,11:55:53,28.55,27.75,550,28.95,550,0,18150
SIEMENS30Jan201460PE.NFO,07/01/2020,11:56:04,28.55,27.75,550,28.95,1100,0,18150
SIEMENS30Jan201460PE.NFO,07/01/2020,11:56:08,28.55,27.8,550,28.95,550,0,18150
SIEMENS30Jan201460PE.NFO,07/01/2020,11:56:29,28.55,27.4,550,28.95,1100,0,18150
SIEMENS30Jan201460PE.NFO,07/01/2020,11:56:30,28.55,27.35,550,28.95,550,0,18150
SIEMENS30Jan201460PE.NFO,07/01/2020,11:56:31,28.55,27.4,550,28.95,550,0,18150
SIEMENS30Jan201460PE.NFO,07/01/2020,11:56:32,28.55,27.5,550,28.95,550,0,18150
SIEMENS30Jan201460PE.NFO,07/01/2020,11:56:33,28.55,27.55,550,28.95,550,0,18150
SIEMENS30Jan201460PE.NFO,07/01/2020,11:56:34,28.55,27.3,550,28.95,550,0,18150
SIEMENS30Jan201460PE.NFO,07/01/2020,11:56:36,28.55,27.35,550,28.95,550,0,18150
SIEMENS30Jan201460PE.NFO,07/01/2020,11:56:37,28.55,27.4,550,28.95,550,0,18150
SIEMENS30Jan201460PE.NFO,07/01/2020,11:56:38,28.55,27.45,550,28.95,550,0,18150
SIEMENS30Jan201460PE.NFO,07/01/2020,11:56:40,28.55,27.55,550,28.95,550,0,18150
SIEMENS30Jan201460PE.NFO,07/01/2020,11:56:41,28.55,27.35,550,28.95,550,0,18150
SIEMENS30Jan201460PE.NFO,07/01/2020,11:56:44,28.55,27.4,550,28.95,550,0,18150
SIEMENS30Jan201460PE.NFO,07/01/2020,11:56:45,28.55,27.45,550,28.95,550,0,18150
SIEMENS30Jan201460PE.NFO,07/01/2020,11:56:46,28.55,27.35,550,28.95,550,0,18150
SIEMENS30Jan201460PE.NFO,07/01/2020,11:56:58,28.55,27.4,550,28.95,550,0,18150
SIEMENS30Jan201460PE.NFO,07/01/2020,11:56:58,28.55,27.35,550,28.95,550,0,18150
SIEMENS30Jan201460PE.NFO,07/01/2020,11:57:08,28.55,27.4,550,28.95,550,0,18150
SIEMENS30Jan201460PE.NFO,07/01/2020,11:57:11,28.55,27.45,550,28.95,550,0,18150
SIEMENS30Jan201460PE.NFO,07/01/2020,11:57:15,28.55,27.35,550,28.95,550,0,18150
SIEMENS30Jan201460PE.NFO,07/01/2020,11:57:26,28.55,27.4,550,28.95,550,0,18150
SIEMENS30Jan201460PE.NFO,07/01/2020,11:57:30,28.55,27.4,1650,28.95,550,0,18150
SIEMENS30Jan201460PE.NFO,07/01/2020,11:57:35,28.55,27.55,550,28.95,550,0,18150
SIEMENS30Jan201460PE.NFO,07/01/2020,11:57:40,28.55,27.75,550,28.95,550,0,18150
SIEMENS30Jan201460PE.NFO,07/01/2020,11:59:15,28.55,27.7,550,28.95,1100,0,18150
SIEMENS30Jan201460PE.NFO,07/01/2020,11:59:18,28.55,27.4,550,28.95,1100,0,18150
SIEMENS30Jan201460PE.NFO,07/01/2020,11:59:22,28.55,27.5,550,28.95,550,0,18150
SIEMENS30Jan201460PE.NFO,07/01/2020,11:59:27,28.55,27.4,550,28.95,1100,0,18150
SIEMENS30Jan201460PE.NFO,07/01/2020,11:59:42,28.55,27.55,550,28.9,1100,0,18150
SIEMENS30Jan201460PE.NFO,07/01/2020,11:59:51,28.55,27.75,1100,28.9,550,0,18150
SIEMENS30Jan201460PE.NFO,07/01/2020,11:59:55,28.55,27.55,1100,29.15,550,0,18150
SIEMENS30Jan201460PE.NFO,07/01/2020,11:59:59,28.55,27.9,550,29.15,550,0,18150
SIEMENS30Jan201460PE.NFO,07/01/2020,12:00:02,28.55,27.9,550,29.35,550,0,18150
SIEMENS30Jan201460PE.NFO,07/01/2020,12:00:06,28.55,27.9,550,29.3,550,0,18150
SIEMENS30Jan201460PE.NFO,07/01/2020,12:02:50,28.55,27.9,550,29.2,550,0,18150
SIEMENS30Jan201460PE.NFO,07/01/2020,12:03:17,28.55,27.9,550,29.85,1100,0,18150
SIEMENS30Jan201460PE.NFO,07/01/2020,12:03:22,28.55,27.9,550,29.75,1100,0,18150
SIEMENS30Jan201460PE.NFO,07/01/2020,12:03:34,28.55,27.9,550,29.75,550,0,18150
SIEMENS30Jan201460PE.NFO,07/01/2020,12:03:50,28.55,27.9,550,29.65,550,0,18150
SIEMENS30Jan201460PE.NFO,07/01/2020,12:04:20,28.55,28.1,550,30.25,550,0,18150
SIEMENS30Jan201460PE.NFO,07/01/2020,12:04:23,28.55,28.1,550,30.15,550,0,18150
SIEMENS30Jan201460PE.NFO,07/01/2020,12:04:27,28.55,28.35,550,30.15,550,0,18150
SIEMENS30Jan201460PE.NFO,07/01/2020,12:04:30,28.55,28.4,550,30.15,550,0,18150
SIEMENS30Jan201460PE.NFO,07/01/2020,12:04:53,28.55,28.4,550,30.05,550,0,18150
SIEMENS30Jan201460PE.NFO,07/01/2020,12:06:02,28.55,28.5,1100,30.5,550,0,18150
SIEMENS30Jan201460PE.NFO,07/01/2020,12:06:06,28.55,28.9,550,30.5,550,0,18150
SIEMENS30Jan201460PE.NFO,07/01/2020,12:06:09,28.55,29,550,30.55,550,0,18150
SIEMENS30Jan201460PE.NFO,07/01/2020,12:06:12,28.55,28.9,550,30.45,550,0,18150
SIEMENS30Jan201460PE.NFO,07/01/2020,12:06:16,28.55,28.9,550,30.55,550,0,18150
SIEMENS30Jan201460PE.NFO,07/01/2020,12:06:26,28.55,28.9,550,30.45,550,0,18150
SIEMENS30Jan201460PE.NFO,07/01/2020,12:06:30,28.55,28.9,550,30.3,550,0,18150
SIEMENS30Jan201460PE.NFO,07/01/2020,12:06:39,28.55,28.9,550,30.2,550,0,18150
SIEMENS30Jan201460PE.NFO,07/01/2020,12:06:54,28.55,28.9,550,30.3,550,0,18150
SIEMENS30Jan201460PE.NFO,07/01/2020,12:06:59,28.55,28.9,550,30.2,550,0,18150
SIEMENS30Jan201460PE.NFO,07/01/2020,12:07:03,28.55,27.9,550,30.1,550,0,18150
SIEMENS30Jan201460PE.NFO,07/01/2020,12:07:07,28.55,27.9,550,29.85,550,0,18150
SIEMENS30Jan201460PE.NFO,07/01/2020,12:07:28,28.55,27.95,550,29.85,550,0,18150
SIEMENS30Jan201460PE.NFO,07/01/2020,12:07:33,28.55,27.9,550,30,550,0,18150
SIEMENS30Jan201460PE.NFO,07/01/2020,12:08:00,28.55,27.9,550,29.35,550,0,18150
SIEMENS30Jan201460PE.NFO,07/01/2020,12:08:03,28.55,27.9,550,29.55,550,0,18150
SIEMENS30Jan201460PE.NFO,07/01/2020,12:08:21,28.55,27.9,550,29.55,1100,0,18150
SIEMENS30Jan201460PE.NFO,07/01/2020,12:08:27,28.55,27.9,550,29.4,550,0,18150
SIEMENS30Jan201460PE.NFO,07/01/2020,12:08:32,28.55,27.9,550,29.5,550,0,18150
SIEMENS30Jan201460PE.NFO,07/01/2020,12:08:47,28.55,27.9,550,30.15,1100,0,18150
SIEMENS30Jan201460PE.NFO,07/01/2020,12:08:54,28.55,27.9,550,30.05,550,0,18150
SIEMENS30Jan201460PE.NFO,07/01/2020,12:08:58,28.55,27.9,550,29.95,550,0,18150
SIEMENS30Jan201460PE.NFO,07/01/2020,12:10:43,28.55,27.85,550,29.95,550,0,18150
SIEMENS30Jan201460PE.NFO,07/01/2020,12:11:21,28.55,27.85,550,29.7,550,0,18150
SIEMENS30Jan201460PE.NFO,07/01/2020,12:11:39,28.55,27.85,1100,29.7,550,0,18150
SIEMENS30Jan201460PE.NFO,07/01/2020,12:12:26,28.55,27.85,550,29.7,550,0,18150
SIEMENS30Jan201460PE.NFO,07/01/2020,12:13:05,28.55,27.9,550,29.7,550,0,18150
SIEMENS30Jan201460PE.NFO,07/01/2020,12:13:23,28.55,27.5,550,29.1,550,0,18150
SIEMENS30Jan201460PE.NFO,07/01/2020,12:13:29,28.55,27.35,550,29.1,1100,0,18150
SIEMENS30Jan201460PE.NFO,07/01/2020,12:13:38,28.55,27.45,1100,29.1,550,0,18150
SIEMENS30Jan201460PE.NFO,07/01/2020,12:13:42,28.55,27.8,550,29.25,550,0,18150
SIEMENS30Jan201460PE.NFO,07/01/2020,12:13:46,28.55,27.8,550,29.15,550,0,18150
SIEMENS30Jan201460PE.NFO,07/01/2020,12:13:50,28.55,27.75,550,29.15,550,0,18150
SIEMENS30Jan201460PE.NFO,07/01/2020,12:13:54,28.55,27.65,550,29.15,550,0,18150
SIEMENS30Jan201460PE.NFO,07/01/2020,12:13:59,28.55,27.75,550,29.15,550,0,18150
SIEMENS30Jan201460PE.NFO,07/01/2020,12:14:05,28.55,27.9,550,29.15,550,0,18150
SIEMENS30Jan201460PE.NFO,07/01/2020,12:14:11,28.55,27.8,550,29.45,550,0,18150
SIEMENS30Jan201460PE.NFO,07/01/2020,12:14:16,28.55,27.15,550,29.45,550,0,18150
SIEMENS30Jan201460PE.NFO,07/01/2020,12:14:43,28.55,27.2,1650,29.45,550,0,18150
SIEMENS30Jan201460PE.NFO,07/01/2020,12:14:46,28.55,27.5,1100,29.45,550,0,18150
SIEMENS30Jan201460PE.NFO,07/01/2020,12:14:49,28.55,27.7,550,29.45,550,0,18150
SIEMENS30Jan201460PE.NFO,07/01/2020,12:18:11,28.55,27.85,550,29.15,550,0,18150
SIEMENS30Jan201460PE.NFO,07/01/2020,12:18:27,28.55,27.8,1100,29.15,550,0,18150
SIEMENS30Jan201460PE.NFO,07/01/2020,12:18:31,28.55,27.8,550,29.15,550,0,18150
SIEMENS30Jan201460PE.NFO,07/01/2020,12:18:34,28.55,27.75,550,29.15,550,0,18150
SIEMENS30Jan201460PE.NFO,07/01/2020,12:18:40,28.55,27.7,550,29.15,550,0,18150
SIEMENS30Jan201460PE.NFO,07/01/2020,12:18:51,28.55,27.7,550,29.05,550,0,18150
SIEMENS30Jan201460PE.NFO,07/01/2020,12:18:54,28.55,27.35,550,29.05,550,0,18150
SIEMENS30Jan201460PE.NFO,07/01/2020,12:18:56,28.55,27.4,550,29.05,550,0,18150
SIEMENS30Jan201460PE.NFO,07/01/2020,12:19:02,28.55,27.25,550,28.85,550,0,18150
SIEMENS30Jan201460PE.NFO,07/01/2020,12:19:06,28.55,27.2,550,28.9,1100,0,18150
SIEMENS30Jan201460PE.NFO,07/01/2020,12:19:11,28.55,27.3,550,28.8,550,0,18150
SIEMENS30Jan201460PE.NFO,07/01/2020,12:19:16,28.55,27.3,550,29.05,1100,0,18150
SIEMENS30Jan201460PE.NFO,07/01/2020,12:19:19,28.55,27.2,550,29.05,1100,0,18150
SIEMENS30Jan201460PE.NFO,07/01/2020,12:19:22,28.55,27.25,550,29.05,1100,0,18150
SIEMENS30Jan201460PE.NFO,07/01/2020,12:19:29,28.55,27.25,550,28.9,550,0,18150
SIEMENS30Jan201460PE.NFO,07/01/2020,12:19:32,28.55,27.35,550,28.9,550,0,18150
SIEMENS30Jan201460PE.NFO,07/01/2020,12:19:35,28.55,27.3,550,28.9,550,0,18150
SIEMENS30Jan201460PE.NFO,07/01/2020,12:19:41,28.55,27.15,1100,28.9,1100,0,18150
SIEMENS30Jan201460PE.NFO,07/01/2020,12:19:47,28.55,27.3,550,28.7,550,0,18150
SIEMENS30Jan201460PE.NFO,07/01/2020,12:19:52,28.55,27.1,550,28.7,550,0,18150
SIEMENS30Jan201460PE.NFO,07/01/2020,12:19:56,28.55,27.05,1100,28.7,550,0,18150
SIEMENS30Jan201460PE.NFO,07/01/2020,12:20:00,28.55,27.05,550,28.7,550,0,18150
SIEMENS30Jan201460PE.NFO,07/01/2020,12:20:03,28.55,27.05,550,28.5,550,0,18150
SIEMENS30Jan201460PE.NFO,07/01/2020,12:20:07,28.55,27,550,28.4,550,0,18150
SIEMENS30Jan201460PE.NFO,07/01/2020,12:20:10,28.55,26.7,550,28.35,550,0,18150
SIEMENS30Jan201460PE.NFO,07/01/2020,12:20:14,28.55,27.1,550,28.85,1100,0,18150
SIEMENS30Jan201460PE.NFO,07/01/2020,12:20:18,28.55,27.2,550,28.75,550,0,18150
SIEMENS30Jan201460PE.NFO,07/01/2020,12:20:22,28.55,27.1,550,28.75,550,0,18150
SIEMENS30Jan201460PE.NFO,07/01/2020,12:20:29,28.55,27.15,1100,28.75,550,0,18150
SIEMENS30Jan201460PE.NFO,07/01/2020,12:20:32,28.55,27.15,550,28.75,550,0,18150
SIEMENS30Jan201460PE.NFO,07/01/2020,12:20:40,28.55,27.15,550,28.65,550,0,18150
SIEMENS30Jan201460PE.NFO,07/01/2020,12:20:54,28.55,27.1,550,28.65,550,0,18150
SIEMENS30Jan201460PE.NFO,07/01/2020,12:21:07,28.55,27.1,550,28.55,550,0,18150
SIEMENS30Jan201460PE.NFO,07/01/2020,12:21:13,28.55,27,550,28.55,550,0,18150
SIEMENS30Jan201460PE.NFO,07/01/2020,12:21:16,28.55,27.05,550,28.55,550,0,18150
SIEMENS30Jan201460PE.NFO,07/01/2020,12:21:19,28.55,27.2,550,28.55,550,0,18150
SIEMENS30Jan201460PE.NFO,07/01/2020,12:21:47,28.55,27.25,550,28.55,550,0,18150
SIEMENS30Jan201460PE.NFO,07/01/2020,12:21:50,28.55,27.1,550,28.55,550,0,18150
SIEMENS30Jan201460PE.NFO,07/01/2020,12:21:57,28.55,27.05,550,28.55,550,0,18150
SIEMENS30Jan201460PE.NFO,07/01/2020,12:22:38,28.55,27,550,28.55,550,0,18150
SIEMENS30Jan201460PE.NFO,07/01/2020,12:22:42,28.55,27.1,550,28.55,550,0,18150
SIEMENS30Jan201460PE.NFO,07/01/2020,12:22:44,28.55,27.15,550,28.55,550,0,18150
SIEMENS30Jan201460PE.NFO,07/01/2020,12:22:48,28.55,27.05,550,28.55,550,0,18150
SIEMENS30Jan201460PE.NFO,07/01/2020,12:23:18,28.55,27.05,550,28.45,550,0,18150
SIEMENS30Jan201460PE.NFO,07/01/2020,12:23:37,28.55,27,550,28.45,550,0,18150
SIEMENS30Jan201460PE.NFO,07/01/2020,12:23:48,28.55,27.05,550,28.45,550,0,18150
SIEMENS30Jan201460PE.NFO,07/01/2020,12:24:53,28.55,27,550,28.45,550,0,18150
SIEMENS30Jan201460PE.NFO,07/01/2020,12:24:56,28.55,27.05,550,28.45,550,0,18150
SIEMENS30Jan201460PE.NFO,07/01/2020,12:25:36,28.55,27,550,28.45,550,0,18150
SIEMENS30Jan201460PE.NFO,07/01/2020,12:25:37,28.55,26.95,550,28.45,550,0,18150
SIEMENS30Jan201460PE.NFO,07/01/2020,12:26:27,28.55,27,550,28.45,550,0,18150
SIEMENS30Jan201460PE.NFO,07/01/2020,12:26:44,28.55,26.95,550,28.45,550,0,18150
SIEMENS30Jan201460PE.NFO,07/01/2020,12:26:56,28.55,27,550,28.45,550,0,18150
SIEMENS30Jan201460PE.NFO,07/01/2020,12:27:33,28.55,27.25,550,28.65,550,0,18150
SIEMENS30Jan201460PE.NFO,07/01/2020,12:27:37,28.55,27.6,1100,29.45,1100,0,18150
SIEMENS30Jan201460PE.NFO,07/01/2020,12:27:40,28.55,27.5,550,29.05,550,0,18150
SIEMENS30Jan201460PE.NFO,07/01/2020,12:27:42,28.55,27.65,1100,29.05,550,0,18150
SIEMENS30Jan201460PE.NFO,07/01/2020,12:27:44,28.55,27.8,550,29.05,550,0,18150
SIEMENS30Jan201460PE.NFO,07/01/2020,12:27:47,28.55,27.65,550,29.05,550,0,18150
SIEMENS30Jan201460PE.NFO,07/01/2020,12:27:49,28.55,27.7,550,29.05,550,0,18150
SIEMENS30Jan201460PE.NFO,07/01/2020,12:27:57,28.55,27.65,1100,29.05,550,0,18150
SIEMENS30Jan201460PE.NFO,07/01/2020,12:28:08,28.55,27.65,1100,29.35,550,0,18150
SIEMENS30Jan201460PE.NFO,07/01/2020,12:28:11,28.55,27.55,550,29.35,550,0,18150
SIEMENS30Jan201460PE.NFO,07/01/2020,12:28:15,28.55,27.65,550,29.35,550,0,18150
SIEMENS30Jan201460PE.NFO,07/01/2020,12:28:18,28.55,27.8,550,29.35,550,0,18150
SIEMENS30Jan201460PE.NFO,07/01/2020,12:28:21,28.55,28,550,29.35,550,0,18150
SIEMENS30Jan201460PE.NFO,07/01/2020,12:28:49,28.55,28,550,30,550,0,18150
SIEMENS30Jan201460PE.NFO,07/01/2020,12:28:59,28.55,28,550,29.9,550,0,18150
SIEMENS30Jan201460PE.NFO,07/01/2020,12:30:18,28.55,28,550,30.1,1100,0,18150
SIEMENS30Jan201460PE.NFO,07/01/2020,12:30:58,28.55,28,550,29.8,1650,0,18150
SIEMENS30Jan201460PE.NFO,07/01/2020,12:31:03,28.55,28,550,29.7,1100,0,18150
SIEMENS30Jan201460PE.NFO,07/01/2020,12:31:08,28.55,28,550,29.7,550,0,18150
SIEMENS30Jan201460PE.NFO,07/01/2020,12:31:12,28.55,28,550,29.4,550,0,18150
SIEMENS30Jan201460PE.NFO,07/01/2020,12:31:15,28.55,27.4,1100,29.4,550,0,18150
SIEMENS30Jan201460PE.NFO,07/01/2020,12:31:19,28.55,27.85,550,29.4,550,0,18150
SIEMENS30Jan201460PE.NFO,07/01/2020,12:31:26,28.55,27.8,550,29.4,550,0,18150
SIEMENS30Jan201460PE.NFO,07/01/2020,12:31:29,28.55,27.8,550,29.6,550,0,18150
SIEMENS30Jan201460PE.NFO,07/01/2020,12:31:55,28.55,27.85,550,29.6,550,0,18150
SIEMENS30Jan201460PE.NFO,07/01/2020,12:32:19,28.55,27.9,550,29.6,550,0,18150
SIEMENS30Jan201460PE.NFO,07/01/2020,12:32:22,28.55,27.85,550,29.6,550,0,18150
SIEMENS30Jan201460PE.NFO,07/01/2020,12:33:05,28.55,27.85,550,29.5,550,0,18150
SIEMENS30Jan201460PE.NFO,07/01/2020,12:34:02,28.55,27.9,550,29.75,550,0,18150
SIEMENS30Jan201460PE.NFO,07/01/2020,12:34:06,28.55,27.85,550,29.75,550,0,18150
SIEMENS30Jan201460PE.NFO,07/01/2020,12:34:47,28.55,27.85,550,29.4,1100,0,18150
SIEMENS30Jan201460PE.NFO,07/01/2020,12:34:50,28.55,27.85,550,29.55,550,0,18150
SIEMENS30Jan201460PE.NFO,07/01/2020,12:35:02,28.55,27.85,550,29.45,550,0,18150
SIEMENS30Jan201460PE.NFO,07/01/2020,12:35:55,28.55,27.85,550,29.25,550,0,18150
SIEMENS30Jan201460PE.NFO,07/01/2020,12:35:59,28.55,27.9,550,29.25,550,0,18150
SIEMENS30Jan201460PE.NFO,07/01/2020,12:36:02,28.55,27.4,550,29.15,1100,0,18150
SIEMENS30Jan201460PE.NFO,07/01/2020,12:36:06,28.55,27.35,550,29.15,1100,0,18150
SIEMENS30Jan201460PE.NFO,07/01/2020,12:36:37,28.55,27.5,550,29.15,550,0,18150
SIEMENS30Jan201460PE.NFO,07/01/2020,12:36:42,28.55,27.45,550,29.15,550,0,18150
SIEMENS30Jan201460PE.NFO,07/01/2020,12:36:44,28.55,27.5,550,29.15,550,0,18150
SIEMENS30Jan201460PE.NFO,07/01/2020,12:36:47,28.55,27.45,550,29.15,1100,0,18150
SIEMENS30Jan201460PE.NFO,07/01/2020,12:36:51,28.55,27.4,550,29.15,1100,0,18150
SIEMENS30Jan201460PE.NFO,07/01/2020,12:36:54,28.55,27.45,550,29.15,1100,0,18150
SIEMENS30Jan201460PE.NFO,07/01/2020,12:37:03,28.55,27.4,550,29.15,1100,0,18150
SIEMENS30Jan201460PE.NFO,07/01/2020,12:37:08,28.55,27.35,1100,29.15,1100,0,18150
SIEMENS30Jan201460PE.NFO,07/01/2020,12:37:13,28.55,27.35,550,29.15,1100,0,18150
SIEMENS30Jan201460PE.NFO,07/01/2020,12:37:18,28.55,27.3,1100,29.15,1100,0,18150
SIEMENS30Jan201460PE.NFO,07/01/2020,12:37:20,28.55,27.4,550,29.15,1100,0,18150
SIEMENS30Jan201460PE.NFO,07/01/2020,12:37:24,28.55,27.55,550,29.15,1100,0,18150
SIEMENS30Jan201460PE.NFO,07/01/2020,12:37:40,28.55,27.25,550,29.15,1100,0,18150
SIEMENS30Jan201460PE.NFO,07/01/2020,12:37:45,28.55,27.55,550,29.15,1100,0,18150
SIEMENS30Jan201460PE.NFO,07/01/2020,12:37:50,28.55,27.3,550,29.15,1100,0,18150
SIEMENS30Jan201460PE.NFO,07/01/2020,12:37:53,28.55,27.55,550,29.15,1100,0,18150
SIEMENS30Jan201460PE.NFO,07/01/2020,12:37:56,28.55,27.2,550,29.05,1100,0,18150
SIEMENS30Jan201460PE.NFO,07/01/2020,12:38:03,28.55,27.2,550,29.05,1650,0,18150
SIEMENS30Jan201460PE.NFO,07/01/2020,12:38:25,28.55,27.25,550,29.05,1100,0,18150
SIEMENS30Jan201460PE.NFO,07/01/2020,12:38:29,28.55,27.25,550,28.95,550,0,18150
SIEMENS30Jan201460PE.NFO,07/01/2020,12:38:33,28.55,27.2,550,28.85,1100,0,18150
SIEMENS30Jan201460PE.NFO,07/01/2020,12:38:45,28.55,26.65,1100,28.55,1100,0,18150
SIEMENS30Jan201460PE.NFO,07/01/2020,12:38:50,28.55,26.8,550,28.45,550,0,18150
SIEMENS30Jan201460PE.NFO,07/01/2020,12:38:54,28.55,26.75,1100,28.45,550,0,18150
SIEMENS30Jan201460PE.NFO,07/01/2020,12:38:59,28.55,26.8,550,28.45,550,0,18150
SIEMENS30Jan201460PE.NFO,07/01/2020,12:39:03,28.55,26.65,1100,28.45,1100,0,18150
SIEMENS30Jan201460PE.NFO,07/01/2020,12:39:06,28.55,26.85,550,28.35,550,0,18150
SIEMENS30Jan201460PE.NFO,07/01/2020,12:39:14,28.55,26.9,1100,28.35,550,0,18150
SIEMENS30Jan201460PE.NFO,07/01/2020,12:39:17,28.55,27,550,28.55,550,0,18150
SIEMENS30Jan201460PE.NFO,07/01/2020,12:39:27,28.55,27.05,550,28.55,550,0,18150
SIEMENS30Jan201460PE.NFO,07/01/2020,12:39:32,28.55,26.9,550,28.55,550,0,18150
SIEMENS30Jan201460PE.NFO,07/01/2020,12:39:39,28.55,26.65,550,28.45,1100,0,18150
SIEMENS30Jan201460PE.NFO,07/01/2020,12:39:42,28.55,26.75,550,28.45,1100,0,18150
SIEMENS30Jan201460PE.NFO,07/01/2020,12:39:45,28.55,26.65,550,28.45,1100,0,18150
SIEMENS30Jan201460PE.NFO,07/01/2020,12:40:56,28.55,26.65,550,27.95,550,0,18150
SIEMENS30Jan201460PE.NFO,07/01/2020,12:41:00,28.55,26.65,550,28,1650,0,18150
SIEMENS30Jan201460PE.NFO,07/01/2020,12:41:08,28.55,26.65,550,28,1100,0,18150
SIEMENS30Jan201460PE.NFO,07/01/2020,12:41:12,28.55,26.65,550,27.95,1100,0,18150
SIEMENS30Jan201460PE.NFO,07/01/2020,12:41:19,28.55,26.2,1650,28,550,0,18150
SIEMENS30Jan201460PE.NFO,07/01/2020,12:41:21,28.55,26.2,1650,28,1100,0,18150
SIEMENS30Jan201460PE.NFO,07/01/2020,12:41:32,28.55,26,550,28,1100,0,18150
SIEMENS30Jan201460PE.NFO,07/01/2020,12:41:35,28.55,26,550,28,1650,0,18150
SIEMENS30Jan201460PE.NFO,07/01/2020,12:43:16,28.55,26.25,550,28,1650,0,18150
SIEMENS30Jan201460PE.NFO,07/01/2020,12:43:18,28.55,26.15,550,28,1650,0,18150
SIEMENS30Jan201460PE.NFO,07/01/2020,12:43:21,28.55,26.2,550,28,1650,0,18150
SIEMENS30Jan201460PE.NFO,07/01/2020,12:43:25,28.55,26,550,28,1650,0,18150
SIEMENS30Jan201460PE.NFO,07/01/2020,12:43:41,28.55,25.75,550,27.35,550,0,18150
SIEMENS30Jan201460PE.NFO,07/01/2020,12:43:44,28.55,25.75,550,27.25,550,0,18150
SIEMENS30Jan201460PE.NFO,07/01/2020,12:43:48,28.55,25.75,550,27.15,550,0,18150
SIEMENS30Jan201460PE.NFO,07/01/2020,12:44:36,28.55,25.9,550,27.25,550,0,18150
SIEMENS30Jan201460PE.NFO,07/01/2020,12:44:38,28.55,25.8,550,27.2,550,0,18150
SIEMENS30Jan201460PE.NFO,07/01/2020,12:44:41,28.55,25.75,550,27.15,550,0,18150
SIEMENS30Jan201460PE.NFO,07/01/2020,12:44:48,28.55,25.2,550,26.55,1100,0,18150
SIEMENS30Jan201460PE.NFO,07/01/2020,12:44:57,28.55,25.1,550,26.55,1100,0,18150
SIEMENS30Jan201460PE.NFO,07/01/2020,12:44:58,28.55,24.95,1100,26.55,1100,0,18150
SIEMENS30Jan201460PE.NFO,07/01/2020,12:45:00,28.55,24.8,1100,26.55,1100,0,18150
SIEMENS30Jan201460PE.NFO,07/01/2020,12:45:01,28.55,24.9,1100,26.55,1100,0,18150
SIEMENS30Jan201460PE.NFO,07/01/2020,12:45:04,28.55,25.05,550,26.55,1100,0,18150
SIEMENS30Jan201460PE.NFO,07/01/2020,12:45:07,28.55,24.9,1100,26.55,1100,0,18150
SIEMENS30Jan201460PE.NFO,07/01/2020,12:45:08,28.55,24.9,550,26.55,1100,0,18150
SIEMENS30Jan201460PE.NFO,07/01/2020,12:45:10,28.55,24.8,1100,26.35,550,0,18150
SIEMENS30Jan201460PE.NFO,07/01/2020,12:45:11,28.55,24.9,1100,26.35,550,0,18150
SIEMENS30Jan201460PE.NFO,07/01/2020,12:45:13,28.55,24.8,550,26.35,550,0,18150
SIEMENS30Jan201460PE.NFO,07/01/2020,12:45:15,28.55,24.9,550,26.35,550,0,18150
SIEMENS30Jan201460PE.NFO,07/01/2020,12:45:17,28.55,24.95,1100,26.4,1650,0,18150
SIEMENS30Jan201460PE.NFO,07/01/2020,12:45:19,28.55,25,550,26.4,1100,0,18150
SIEMENS30Jan201460PE.NFO,07/01/2020,12:45:21,28.55,24.95,1100,26.4,1100,0,18150
SIEMENS30Jan201460PE.NFO,07/01/2020,12:45:24,28.55,24.95,1100,26.4,550,0,18150
SIEMENS30Jan201460PE.NFO,07/01/2020,12:45:27,28.55,25.2,550,26.4,550,0,18150
SIEMENS30Jan201460PE.NFO,07/01/2020,12:45:30,28.55,24.75,550,26.2,1100,0,18150
SIEMENS30Jan201460PE.NFO,07/01/2020,12:45:32,28.55,24.8,550,26.2,1100,0,18150
SIEMENS30Jan201460PE.NFO,07/01/2020,12:45:35,28.55,24.95,550,26.3,550,0,18150
SIEMENS30Jan201460PE.NFO,07/01/2020,12:45:38,28.55,24.8,550,26.3,550,0,18150
SIEMENS30Jan201460PE.NFO,07/01/2020,12:45:41,28.55,24.85,550,26.3,550,0,18150
SIEMENS30Jan201460PE.NFO,07/01/2020,12:45:44,28.55,24.9,550,26.3,550,0,18150
SIEMENS30Jan201460PE.NFO,07/01/2020,12:45:47,28.55,24.85,550,26.3,550,0,18150
SIEMENS30Jan201460PE.NFO,07/01/2020,12:45:52,28.55,24.7,550,26.25,550,0,18150
SIEMENS30Jan201460PE.NFO,07/01/2020,12:45:59,28.55,24.85,550,26.45,550,0,18150
SIEMENS30Jan201460PE.NFO,07/01/2020,12:46:07,28.55,25,550,26.45,550,0,18150
SIEMENS30Jan201460PE.NFO,07/01/2020,12:46:22,28.55,25.05,550,26.5,550,0,18150
SIEMENS30Jan201460PE.NFO,07/01/2020,12:47:01,28.55,25,550,26.5,550,0,18150
SIEMENS30Jan201460PE.NFO,07/01/2020,12:47:17,28.55,25.05,550,26.5,550,0,18150
SIEMENS30Jan201460PE.NFO,07/01/2020,12:47:22,28.55,25,550,26.5,550,0,18150
SIEMENS30Jan201460PE.NFO,07/01/2020,12:47:26,28.55,25,550,26.4,550,0,18150
SIEMENS30Jan201460PE.NFO,07/01/2020,12:47:55,28.55,25,550,26.45,550,0,18150
SIEMENS30Jan201460PE.NFO,07/01/2020,12:48:03,28.55,25,550,26.45,1100,0,18150
SIEMENS30Jan201460PE.NFO,07/01/2020,12:48:37,28.55,24.7,550,26.45,1100,0,18150
SIEMENS30Jan201460PE.NFO,07/01/2020,12:48:47,28.55,24.5,550,26.45,1100,0,18150
SIEMENS30Jan201460PE.NFO,07/01/2020,12:48:55,28.55,24.7,1100,26.45,1100,0,18150
SIEMENS30Jan201460PE.NFO,07/01/2020,12:48:59,28.55,24.7,550,26.45,1100,0,18150
SIEMENS30Jan201460PE.NFO,07/01/2020,12:49:19,28.55,24.9,550,26.45,1100,0,18150
SIEMENS30Jan201460PE.NFO,07/01/2020,12:49:24,28.55,24.7,550,26.45,1100,0,18150
SIEMENS30Jan201460PE.NFO,07/01/2020,12:49:28,28.55,24.9,550,26.45,1100,0,18150
SIEMENS30Jan201460PE.NFO,07/01/2020,12:49:40,28.55,25.05,550,26.45,550,0,18150
SIEMENS30Jan201460PE.NFO,07/01/2020,12:49:46,28.55,25,550,26.35,550,0,18150
SIEMENS30Jan201460PE.NFO,07/01/2020,12:49:54,28.55,25,550,26.4,550,0,18150
SIEMENS30Jan201460PE.NFO,07/01/2020,12:50:05,28.55,25,550,26.5,550,0,18150
SIEMENS30Jan201460PE.NFO,07/01/2020,12:50:10,28.55,25,550,26.5,1100,0,18150
SIEMENS30Jan201460PE.NFO,07/01/2020,12:52:28,28.55,25.05,550,26.5,1100,0,18150
SIEMENS30Jan201460PE.NFO,07/01/2020,12:52:31,28.55,25.05,550,26.5,550,0,18150
SIEMENS30Jan201460PE.NFO,07/01/2020,12:53:30,28.55,25,550,26.5,1100,0,18150
SIEMENS30Jan201460PE.NFO,07/01/2020,12:53:34,28.55,24.8,550,26.5,1100,0,18150
SIEMENS30Jan201460PE.NFO,07/01/2020,12:54:18,28.55,24.9,550,26.5,550,0,18150
SIEMENS30Jan201460PE.NFO,07/01/2020,12:54:27,28.55,24.85,550,26.5,550,0,18150
SIEMENS30Jan201460PE.NFO,07/01/2020,12:54:38,28.55,25.05,550,26.5,550,0,18150
SIEMENS30Jan201460PE.NFO,07/01/2020,12:54:40,28.55,24.9,550,26.5,550,0,18150
SIEMENS30Jan201460PE.NFO,07/01/2020,12:54:56,28.55,24.85,550,26.5,1100,0,18150
SIEMENS30Jan201460PE.NFO,07/01/2020,12:55:05,28.55,24.9,550,26.5,550,0,18150
SIEMENS30Jan201460PE.NFO,07/01/2020,12:55:08,28.55,25,550,26.5,550,0,18150
SIEMENS30Jan201460PE.NFO,07/01/2020,12:55:11,28.55,24.9,550,26.5,550,0,18150
SIEMENS30Jan201460PE.NFO,07/01/2020,12:55:13,28.55,24.95,550,26.5,550,0,18150
SIEMENS30Jan201460PE.NFO,07/01/2020,12:55:15,28.55,24.85,550,26.5,550,0,18150
SIEMENS30Jan201460PE.NFO,07/01/2020,12:55:17,28.55,25.05,550,26.5,550,0,18150
SIEMENS30Jan201460PE.NFO,07/01/2020,12:55:19,28.55,24.9,550,26.5,550,0,18150
SIEMENS30Jan201460PE.NFO,07/01/2020,12:55:35,28.55,24.85,550,26.5,550,0,18150
SIEMENS30Jan201460PE.NFO,07/01/2020,12:55:43,28.55,24.8,550,26.4,1650,0,18150
SIEMENS30Jan201460PE.NFO,07/01/2020,12:55:45,28.55,24.8,550,26.4,550,0,18150
SIEMENS30Jan201460PE.NFO,07/01/2020,12:55:54,28.55,24.8,550,26.3,550,0,18150
SIEMENS30Jan201460PE.NFO,07/01/2020,12:56:06,28.55,25.1,550,26.4,550,0,18150
SIEMENS30Jan201460PE.NFO,07/01/2020,12:56:09,28.55,24.95,1100,26.4,550,0,18150
SIEMENS30Jan201460PE.NFO,07/01/2020,12:56:11,28.55,25.2,550,26.4,550,0,18150
SIEMENS30Jan201460PE.NFO,07/01/2020,12:56:14,28.55,24.85,550,26.4,550,0,18150
SIEMENS30Jan201460PE.NFO,07/01/2020,12:56:21,28.55,24.8,550,26.4,550,0,18150
SIEMENS30Jan201460PE.NFO,07/01/2020,12:56:37,28.55,24.85,1100,26.4,550,0,18150
SIEMENS30Jan201460PE.NFO,07/01/2020,12:56:40,28.55,24.9,550,26.4,550,0,18150
SIEMENS30Jan201460PE.NFO,07/01/2020,12:56:45,28.55,24.85,550,26.4,550,0,18150
SIEMENS30Jan201460PE.NFO,07/01/2020,12:56:48,28.55,24.95,550,26.4,550,0,18150
SIEMENS30Jan201460PE.NFO,07/01/2020,12:56:52,28.55,24.85,550,26.4,550,0,18150
SIEMENS30Jan201460PE.NFO,07/01/2020,12:57:12,28.55,24.8,550,26.3,550,0,18150
SIEMENS30Jan201460PE.NFO,07/01/2020,12:57:45,28.55,24.9,550,26.5,550,0,18150
SIEMENS30Jan201460PE.NFO,07/01/2020,12:58:27,28.55,25.05,550,26.55,550,0,18150
SIEMENS30Jan201460PE.NFO,07/01/2020,12:58:33,28.55,25.1,550,26.75,550,0,18150
SIEMENS30Jan201460PE.NFO,07/01/2020,12:58:37,28.55,25.3,550,26.65,550,0,18150
SIEMENS30Jan201460PE.NFO,07/01/2020,12:58:53,28.55,25.3,550,26.9,550,0,18150
SIEMENS30Jan201460PE.NFO,07/01/2020,12:58:57,28.55,25.3,550,26.8,550,0,18150
SIEMENS30Jan201460PE.NFO,07/01/2020,12:59:02,28.55,25.25,550,26.7,550,0,18150
SIEMENS30Jan201460PE.NFO,07/01/2020,12:59:06,28.55,25.25,550,26.7,1100,0,18150
SIEMENS30Jan201460PE.NFO,07/01/2020,12:59:13,28.55,25.25,550,26.6,550,0,18150
SIEMENS30Jan201460PE.NFO,07/01/2020,12:59:31,28.55,25.3,550,26.6,550,0,18150
SIEMENS30Jan201460PE.NFO,07/01/2020,12:59:42,28.55,25.25,1100,26.6,550,0,18150
SIEMENS30Jan201460PE.NFO,07/01/2020,12:59:45,28.55,25.25,550,26.6,550,0,18150
SIEMENS30Jan201460PE.NFO,07/01/2020,12:59:49,28.55,25.3,550,26.6,550,0,18150
SIEMENS30Jan201460PE.NFO,07/01/2020,12:59:52,28.55,25.25,550,26.6,550,0,18150
SIEMENS30Jan201460PE.NFO,07/01/2020,12:59:55,28.55,25.3,550,26.6,550,0,18150
SIEMENS30Jan201460PE.NFO,07/01/2020,13:00:24,28.55,25.3,550,26.8,1100,0,18150
SIEMENS30Jan201460PE.NFO,07/01/2020,13:00:30,28.55,25.25,550,26.8,1100,0,18150
SIEMENS30Jan201460PE.NFO,07/01/2020,13:00:43,28.55,25.25,550,26.7,1100,0,18150
SIEMENS30Jan201460PE.NFO,07/01/2020,13:01:22,28.55,25.3,550,26.6,550,0,18150
SIEMENS30Jan201460PE.NFO,07/01/2020,13:01:29,28.55,25.25,550,26.7,550,0,18150
SIEMENS30Jan201460PE.NFO,07/01/2020,13:01:37,28.55,25.4,550,26.95,550,0,18150
SIEMENS30Jan201460PE.NFO,07/01/2020,13:01:42,28.55,25.45,550,26.95,550,0,18150
SIEMENS30Jan201460PE.NFO,07/01/2020,13:01:47,28.55,25.4,550,26.95,550,0,18150
SIEMENS30Jan201460PE.NFO,07/01/2020,13:01:53,28.55,25.45,550,26.85,550,0,18150
SIEMENS30Jan201460PE.NFO,07/01/2020,13:01:59,28.55,25.25,1100,26.85,550,0,18150
SIEMENS30Jan201460PE.NFO,07/01/2020,13:02:11,28.55,25.3,550,26.85,550,0,18150
SIEMENS30Jan201460PE.NFO,07/01/2020,13:02:30,28.55,25.4,550,26.85,550,0,18150
SIEMENS30Jan201460PE.NFO,07/01/2020,13:02:35,28.55,25.45,550,26.85,550,0,18150
SIEMENS30Jan201460PE.NFO,07/01/2020,13:02:40,28.55,25.55,550,26.85,550,0,18150
SIEMENS30Jan201460PE.NFO,07/01/2020,13:02:46,28.55,25.3,550,26.75,550,0,18150
SIEMENS30Jan201460PE.NFO,07/01/2020,13:02:51,28.55,25.25,1100,26.75,550,0,18150
SIEMENS30Jan201460PE.NFO,07/01/2020,13:04:26,28.55,25.25,1650,26.75,550,0,18150
SIEMENS30Jan201460PE.NFO,07/01/2020,13:04:29,28.55,25.25,1100,26.75,550,0,18150
SIEMENS30Jan201460PE.NFO,07/01/2020,13:04:32,28.55,25.35,550,27,550,0,18150
SIEMENS30Jan201460PE.NFO,07/01/2020,13:04:35,28.55,25.35,550,26.9,550,0,18150
SIEMENS30Jan201460PE.NFO,07/01/2020,13:04:44,28.55,25.35,1100,26.9,550,0,18150
SIEMENS30Jan201460PE.NFO,07/01/2020,13:04:51,28.55,25.3,1100,26.9,550,0,18150
SIEMENS30Jan201460PE.NFO,07/01/2020,13:05:09,28.55,25.55,550,27.3,1100,0,18150
SIEMENS30Jan201460PE.NFO,07/01/2020,13:05:15,28.55,25.55,550,27.3,550,0,18150
SIEMENS30Jan201460PE.NFO,07/01/2020,13:05:58,28.55,25.8,550,27.3,550,0,18150
SIEMENS30Jan201460PE.NFO,07/01/2020,13:06:10,28.55,25.8,550,27.7,1100,0,18150
SIEMENS30Jan201460PE.NFO,07/01/2020,13:06:15,28.55,25.8,550,27.7,550,0,18150
SIEMENS30Jan201460PE.NFO,07/01/2020,13:06:21,28.55,25.8,550,27.6,550,0,18150
SIEMENS30Jan201460PE.NFO,07/01/2020,13:06:43,28.55,25.8,550,27.4,550,0,18150
SIEMENS30Jan201460PE.NFO,07/01/2020,13:06:57,28.55,26.2,1100,27.75,550,0,18150
SIEMENS30Jan201460PE.NFO,07/01/2020,13:07:02,28.55,26.35,550,28,550,0,18150
SIEMENS30Jan201460PE.NFO,07/01/2020,13:07:08,28.55,26.3,550,28,550,0,18150
SIEMENS30Jan201460PE.NFO,07/01/2020,13:08:26,28.55,26.3,550,27.9,550,0,18150
SIEMENS30Jan201460PE.NFO,07/01/2020,13:08:33,28.55,26.6,550,28.3,550,0,18150
SIEMENS30Jan201460PE.NFO,07/01/2020,13:08:40,28.55,26.55,550,28.3,550,0,18150
SIEMENS30Jan201460PE.NFO,07/01/2020,13:08:53,28.55,25.85,550,27.95,550,0,18150
SIEMENS30Jan201460PE.NFO,07/01/2020,13:08:59,28.55,26.35,550,27.95,550,0,18150
SIEMENS30Jan201460PE.NFO,07/01/2020,13:09:12,28.55,27.35,550,29.9,550,0,18150
SIEMENS30Jan201460PE.NFO,07/01/2020,13:09:27,28.55,27.65,550,29.65,1100,0,18150
SIEMENS30Jan201460PE.NFO,07/01/2020,13:09:35,28.55,27.65,550,29.55,1100,0,18150
SIEMENS30Jan201460PE.NFO,07/01/2020,13:09:48,28.55,27.35,550,29.1,550,0,18150
SIEMENS30Jan201460PE.NFO,07/01/2020,13:09:54,28.55,27.3,550,29.1,550,0,18150
SIEMENS30Jan201460PE.NFO,07/01/2020,13:10:01,28.55,27.3,550,29.1,1100,0,18150
SIEMENS30Jan201460PE.NFO,07/01/2020,13:10:14,28.55,27.2,550,29.1,1100,0,18150
SIEMENS30Jan201460PE.NFO,07/01/2020,13:10:21,28.55,27.2,550,29,550,0,18150
SIEMENS30Jan201460PE.NFO,07/01/2020,13:10:37,28.55,27.1,1100,28.8,550,0,18150
SIEMENS30Jan201460PE.NFO,07/01/2020,13:10:43,28.55,27.1,550,28.8,550,0,18150
SIEMENS30Jan201460PE.NFO,07/01/2020,13:10:52,28.55,27.1,1100,28.8,550,0,18150
SIEMENS30Jan201460PE.NFO,07/01/2020,13:10:56,28.55,27.1,550,28.8,550,0,18150
SIEMENS30Jan201460PE.NFO,07/01/2020,13:11:35,28.55,26.95,550,28.65,550,0,18150
SIEMENS30Jan201460PE.NFO,07/01/2020,13:11:44,28.55,27,1100,28.85,1100,0,18150
SIEMENS30Jan201460PE.NFO,07/01/2020,13:11:48,28.55,27,550,28.85,1100,0,18150
SIEMENS30Jan201460PE.NFO,07/01/2020,13:12:03,28.55,26.6,550,28.35,550,0,18150
SIEMENS30Jan201460PE.NFO,07/01/2020,13:12:09,28.55,26.6,550,28.35,1100,0,18150
SIEMENS30Jan201460PE.NFO,07/01/2020,13:12:14,28.55,26.45,550,28.35,1100,0,18150
SIEMENS30Jan201460PE.NFO,07/01/2020,13:12:19,28.55,26.45,1100,28.35,1100,0,18150
SIEMENS30Jan201460PE.NFO,07/01/2020,13:12:33,28.55,26.8,550,28.8,550,0,18150
SIEMENS30Jan201460PE.NFO,07/01/2020,13:12:42,28.55,26.55,550,28.6,550,0,18150
SIEMENS30Jan201460PE.NFO,07/01/2020,13:12:46,28.55,26.75,550,28.8,1100,0,18150
SIEMENS30Jan201460PE.NFO,07/01/2020,13:12:55,28.55,26.7,550,28.8,1100,0,18150
SIEMENS30Jan201460PE.NFO,07/01/2020,13:12:59,28.55,26.9,550,28.6,550,0,18150
SIEMENS30Jan201460PE.NFO,07/01/2020,13:13:04,28.55,26.85,550,28.65,1100,0,18150
SIEMENS30Jan201460PE.NFO,07/01/2020,13:13:08,28.55,26.9,550,28.65,550,0,18150
SIEMENS30Jan201460PE.NFO,07/01/2020,13:13:11,28.55,26.9,550,28.7,1100,0,18150
SIEMENS30Jan201460PE.NFO,07/01/2020,13:13:12,28.55,26.85,550,28.7,1100,0,18150
SIEMENS30Jan201460PE.NFO,07/01/2020,13:13:13,28.55,26.75,550,28.7,1100,0,18150
SIEMENS30Jan201460PE.NFO,07/01/2020,13:13:17,28.55,26.7,550,28.7,1100,0,18150
SIEMENS30Jan201460PE.NFO,07/01/2020,13:13:19,28.55,26.65,550,28.7,1100,0,18150
SIEMENS30Jan201460PE.NFO,07/01/2020,13:13:20,28.55,26.75,550,28.65,550,0,18150
SIEMENS30Jan201460PE.NFO,07/01/2020,13:13:21,28.55,26.7,550,28.45,550,0,18150
SIEMENS30Jan201460PE.NFO,07/01/2020,13:13:22,28.55,26.7,550,28.45,1100,0,18150
SIEMENS30Jan201460PE.NFO,07/01/2020,13:13:25,28.55,26.65,550,28.45,1100,0,18150
SIEMENS30Jan201460PE.NFO,07/01/2020,13:13:28,28.55,26.65,550,28.45,550,0,18150
SIEMENS30Jan201460PE.NFO,07/01/2020,13:13:46,28.55,26.65,550,28.45,1100,0,18150
SIEMENS30Jan201460PE.NFO,07/01/2020,13:13:47,28.55,26.65,550,28.45,550,0,18150
SIEMENS30Jan201460PE.NFO,07/01/2020,13:13:54,28.55,26.65,550,28.45,1100,0,18150
SIEMENS30Jan201460PE.NFO,07/01/2020,13:13:55,28.55,26.65,550,28.45,550,0,18150
SIEMENS30Jan201460PE.NFO,07/01/2020,13:14:02,28.55,26.65,550,28.45,1100,0,18150
SIEMENS30Jan201460PE.NFO,07/01/2020,13:14:04,28.55,26.85,550,28.45,550,0,18150
SIEMENS30Jan201460PE.NFO,07/01/2020,13:14:10,28.55,26.85,1100,28.45,550,0,18150
SIEMENS30Jan201460PE.NFO,07/01/2020,13:14:11,28.55,26.85,550,28.45,550,0,18150
SIEMENS30Jan201460PE.NFO,07/01/2020,13:14:13,28.55,26.85,1100,28.45,550,0,18150
SIEMENS30Jan201460PE.NFO,07/01/2020,13:14:34,28.55,26.85,550,28.45,550,0,18150
SIEMENS30Jan201460PE.NFO,07/01/2020,13:14:48,28.55,26.8,550,28.45,550,0,18150
SIEMENS30Jan201460PE.NFO,07/01/2020,13:14:52,28.55,26.95,550,28.45,550,0,18150
SIEMENS30Jan201460PE.NFO,07/01/2020,13:14:57,28.55,26.9,550,28.45,550,0,18150
SIEMENS30Jan201460PE.NFO,07/01/2020,13:15:03,28.55,26.95,1100,28.45,550,0,18150
SIEMENS30Jan201460PE.NFO,07/01/2020,13:15:10,28.55,27.15,550,28.8,550,0,18150
SIEMENS30Jan201460PE.NFO,07/01/2020,13:15:17,28.55,27,550,28.8,1100,0,18150
SIEMENS30Jan201460PE.NFO,07/01/2020,13:15:25,28.55,26.95,1100,28.8,1100,0,18150
SIEMENS30Jan201460PE.NFO,07/01/2020,13:15:32,28.55,26.95,550,28.8,1100,0,18150
SIEMENS30Jan201460PE.NFO,07/01/2020,13:15:44,28.55,27,1100,28.8,1100,0,18150
SIEMENS30Jan201460PE.NFO,07/01/2020,13:15:50,28.55,27,1650,28.8,1100,0,18150
SIEMENS30Jan201460PE.NFO,07/01/2020,13:15:56,28.55,27,1650,28.8,550,0,18150
SIEMENS30Jan201460PE.NFO,07/01/2020,13:16:32,28.55,27.2,2200,28.95,550,0,18150
SIEMENS30Jan201460PE.NFO,07/01/2020,13:16:42,28.55,27.1,550,28.85,550,0,18150
SIEMENS30Jan201460PE.NFO,07/01/2020,13:16:48,28.55,27.1,550,28.8,550,0,18150
SIEMENS30Jan201460PE.NFO,07/01/2020,13:16:57,28.55,27.2,550,28.8,550,0,18150
SIEMENS30Jan201460PE.NFO,07/01/2020,13:17:01,28.55,26.9,550,28.8,550,0,18150
SIEMENS30Jan201460PE.NFO,07/01/2020,13:17:06,28.55,27.25,550,28.8,550,0,18150
SIEMENS30Jan201460PE.NFO,07/01/2020,13:17:22,28.55,27.05,550,28.9,550,0,18150
SIEMENS30Jan201460PE.NFO,07/01/2020,13:17:28,28.55,27.15,550,28.9,550,0,18150
SIEMENS30Jan201460PE.NFO,07/01/2020,13:17:36,28.55,27.3,1100,28.9,550,0,18150
SIEMENS30Jan201460PE.NFO,07/01/2020,13:17:45,28.55,27.05,1100,28.9,550,0,18150
SIEMENS30Jan201460PE.NFO,07/01/2020,13:17:50,28.55,27.1,550,28.9,550,0,18150
SIEMENS30Jan201460PE.NFO,07/01/2020,13:17:55,28.55,27.05,550,28.9,550,0,18150
SIEMENS30Jan201460PE.NFO,07/01/2020,13:18:06,28.55,27.2,1100,28.9,550,0,18150
SIEMENS30Jan201460PE.NFO,07/01/2020,13:18:12,28.55,27.1,550,28.9,550,0,18150
SIEMENS30Jan201460PE.NFO,07/01/2020,13:18:17,28.55,27.1,550,28.9,1100,0,18150
SIEMENS30Jan201460PE.NFO,07/01/2020,13:18:19,28.55,27.1,550,28.9,550,0,18150
SIEMENS30Jan201460PE.NFO,07/01/2020,13:18:21,28.55,27.1,550,28.9,1100,0,18150
SIEMENS30Jan201460PE.NFO,07/01/2020,13:18:24,28.55,27.05,550,28.9,1100,0,18150
SIEMENS30Jan201460PE.NFO,07/01/2020,13:18:33,28.55,27.05,1100,28.9,1100,0,18150
SIEMENS30Jan201460PE.NFO,07/01/2020,13:18:38,28.55,27,550,28.9,1100,0,18150
SIEMENS30Jan201460PE.NFO,07/01/2020,13:18:43,28.55,26.95,1100,28.9,1100,0,18150
SIEMENS30Jan201460PE.NFO,07/01/2020,13:18:44,28.55,27,550,28.9,1100,0,18150
SIEMENS30Jan201460PE.NFO,07/01/2020,13:18:47,28.55,27.15,1100,28.9,550,0,18150
SIEMENS30Jan201460PE.NFO,07/01/2020,13:18:49,28.55,27.05,550,28.9,550,0,18150
SIEMENS30Jan201460PE.NFO,07/01/2020,13:18:52,28.55,27.05,1100,28.8,550,0,18150
SIEMENS30Jan201460PE.NFO,07/01/2020,13:18:57,28.55,27.2,550,28.8,550,0,18150
SIEMENS30Jan201460PE.NFO,07/01/2020,13:18:58,28.55,27.15,550,28.8,550,0,18150
SIEMENS30Jan201460PE.NFO,07/01/2020,13:18:59,28.55,27,1100,28.9,1100,0,18150
SIEMENS30Jan201460PE.NFO,07/01/2020,13:19:00,28.55,27.05,550,28.9,1100,0,18150
SIEMENS30Jan201460PE.NFO,07/01/2020,13:19:01,28.55,27.15,550,28.7,550,0,18150
SIEMENS30Jan201460PE.NFO,07/01/2020,13:19:03,28.55,27.1,550,28.7,550,0,18150
SIEMENS30Jan201460PE.NFO,07/01/2020,13:19:04,28.55,27.15,550,28.8,550,0,18150
SIEMENS30Jan201460PE.NFO,07/01/2020,13:19:06,28.55,27.2,550,28.8,550,0,18150
SIEMENS30Jan201460PE.NFO,07/01/2020,13:19:08,28.55,27.15,550,28.8,550,0,18150
SIEMENS30Jan201460PE.NFO,07/01/2020,13:19:09,28.55,27.3,550,28.8,550,0,18150
SIEMENS30Jan201460PE.NFO,07/01/2020,13:19:11,28.55,27.25,550,28.8,550,0,18150
SIEMENS30Jan201460PE.NFO,07/01/2020,13:19:14,28.55,27.35,550,28.8,550,0,18150
SIEMENS30Jan201460PE.NFO,07/01/2020,13:19:20,28.55,27.65,550,29.4,550,0,18150
SIEMENS30Jan201460PE.NFO,07/01/2020,13:19:25,28.55,27.4,550,29.4,550,0,18150
SIEMENS30Jan201460PE.NFO,07/01/2020,13:19:39,28.55,27.65,550,29.4,550,0,18150
SIEMENS30Jan201460PE.NFO,07/01/2020,13:19:47,28.55,27.5,550,29.4,550,0,18150
SIEMENS30Jan201460PE.NFO,07/01/2020,13:19:51,28.55,27.45,550,29.4,550,0,18150
SIEMENS30Jan201460PE.NFO,07/01/2020,13:19:56,28.55,27.4,550,29.4,550,0,18150
SIEMENS30Jan201460PE.NFO,07/01/2020,13:20:07,28.55,27.2,550,29.4,550,0,18150
SIEMENS30Jan201460PE.NFO,07/01/2020,13:20:18,28.55,27.3,550,29.4,550,0,18150
SIEMENS30Jan201460PE.NFO,07/01/2020,13:20:23,28.55,27.2,550,29.4,550,0,18150
SIEMENS30Jan201460PE.NFO,07/01/2020,13:20:29,28.55,27.45,550,29.4,550,0,18150
SIEMENS30Jan201460PE.NFO,07/01/2020,13:20:34,28.55,27.3,550,29.4,550,0,18150
SIEMENS30Jan201460PE.NFO,07/01/2020,13:21:02,28.55,27.35,550,29.4,550,0,18150
SIEMENS30Jan201460PE.NFO,07/01/2020,13:21:09,28.55,27.6,550,29.4,550,0,18150
SIEMENS30Jan201460PE.NFO,07/01/2020,13:21:16,28.55,27.9,1100,29.8,550,0,18150
SIEMENS30Jan201460PE.NFO,07/01/2020,13:21:24,28.55,27.75,550,29.6,550,0,18150
SIEMENS30Jan201460PE.NFO,07/01/2020,13:21:34,28.55,27.7,550,29.6,550,0,18150
SIEMENS30Jan201460PE.NFO,07/01/2020,13:21:39,28.55,27.75,550,29.8,550,0,18150
SIEMENS30Jan201460PE.NFO,07/01/2020,13:21:43,28.55,27.75,550,29.6,550,0,18150
SIEMENS30Jan201460PE.NFO,07/01/2020,13:21:48,28.55,27.7,550,29.75,550,0,18150
SIEMENS30Jan201460PE.NFO,07/01/2020,13:21:53,28.55,27.75,550,29.65,550,0,18150
SIEMENS30Jan201460PE.NFO,07/01/2020,13:21:57,28.55,27.8,550,29.65,550,0,18150
SIEMENS30Jan201460PE.NFO,07/01/2020,13:22:14,28.55,27.8,1100,29.75,550,0,18150
SIEMENS30Jan201460PE.NFO,07/01/2020,13:22:18,28.55,27.5,550,29.25,550,0,18150
SIEMENS30Jan201460PE.NFO,07/01/2020,13:22:22,28.55,27.1,550,29.25,550,0,18150
SIEMENS30Jan201460PE.NFO,07/01/2020,13:22:26,28.55,27.05,550,29.25,550,0,18150
SIEMENS30Jan201460PE.NFO,07/01/2020,13:22:30,28.55,27.25,550,29.25,550,0,18150
SIEMENS30Jan201460PE.NFO,07/01/2020,13:22:35,28.55,27.2,550,29.7,550,0,18150
SIEMENS30Jan201460PE.NFO,07/01/2020,13:22:39,28.55,27.1,550,29.7,550,0,18150
SIEMENS30Jan201460PE.NFO,07/01/2020,13:22:49,28.55,27.25,550,29.7,550,0,18150
SIEMENS30Jan201460PE.NFO,07/01/2020,13:22:54,28.55,27.55,550,29.5,550,0,18150
SIEMENS30Jan201460PE.NFO,07/01/2020,13:23:05,28.55,27.6,550,29.5,550,0,18150
SIEMENS30Jan201460PE.NFO,07/01/2020,13:23:11,28.55,27.3,550,29.5,550,0,18150
SIEMENS30Jan201460PE.NFO,07/01/2020,13:23:13,28.55,27.25,550,29.5,550,0,18150
SIEMENS30Jan201460PE.NFO,07/01/2020,13:23:16,28.55,27.45,1100,29.5,550,0,18150
SIEMENS30Jan201460PE.NFO,07/01/2020,13:23:27,28.55,27.5,550,29.7,550,0,18150
SIEMENS30Jan201460PE.NFO,07/01/2020,13:24:33,28.55,27.95,550,29.6,550,0,18150
SIEMENS30Jan201460PE.NFO,07/01/2020,13:24:40,28.55,27,1100,29.25,550,0,18150
SIEMENS30Jan201460PE.NFO,07/01/2020,13:24:48,28.55,27.5,550,29.25,550,0,18150
SIEMENS30Jan201460PE.NFO,07/01/2020,13:24:55,28.55,27.3,550,29.25,1100,0,18150
SIEMENS30Jan201460PE.NFO,07/01/2020,13:25:01,28.55,27.25,550,29.05,550,0,18150
SIEMENS30Jan201460PE.NFO,07/01/2020,13:25:06,28.55,27.4,550,29.05,550,0,18150
SIEMENS30Jan201460PE.NFO,07/01/2020,13:25:19,28.55,27.3,550,29.05,550,0,18150
SIEMENS30Jan201460PE.NFO,07/01/2020,13:25:26,28.55,27.4,550,29.05,550,0,18150
SIEMENS30Jan201460PE.NFO,07/01/2020,13:25:31,28.55,27.5,550,29.05,550,0,18150
SIEMENS30Jan201460PE.NFO,07/01/2020,13:25:42,28.55,27.35,550,28.95,550,0,18150
SIEMENS30Jan201460PE.NFO,07/01/2020,13:25:47,28.55,27.15,550,28.95,1100,0,18150
SIEMENS30Jan201460PE.NFO,07/01/2020,13:25:55,28.55,27.2,550,28.95,1100,0,18150
SIEMENS30Jan201460PE.NFO,07/01/2020,13:26:00,28.55,27.1,550,28.95,1100,0,18150
SIEMENS30Jan201460PE.NFO,07/01/2020,13:26:12,28.55,26.95,550,28.95,1650,0,18150
SIEMENS30Jan201460PE.NFO,07/01/2020,13:26:18,28.55,27.05,550,28.95,1100,0,18150
SIEMENS30Jan201460PE.NFO,07/01/2020,13:26:22,28.55,27,1100,28.95,1100,0,18150
SIEMENS30Jan201460PE.NFO,07/01/2020,13:26:27,28.55,26.95,550,28.95,1650,0,18150
SIEMENS30Jan201460PE.NFO,07/01/2020,13:26:33,28.55,26.95,550,28.95,1100,0,18150
SIEMENS30Jan201460PE.NFO,07/01/2020,13:27:08,28.55,26.6,550,28.35,550,0,18150
SIEMENS30Jan201460PE.NFO,07/01/2020,13:27:13,28.55,26.65,1100,28.35,550,0,18150
SIEMENS30Jan201460PE.NFO,07/01/2020,13:27:17,28.55,26.65,550,28.35,550,0,18150
SIEMENS30Jan201460PE.NFO,07/01/2020,13:27:21,28.55,26.55,550,28.25,1100,0,18150
SIEMENS30Jan201460PE.NFO,07/01/2020,13:27:24,28.55,26.55,550,28.25,550,0,18150
SIEMENS30Jan201460PE.NFO,07/01/2020,13:27:28,28.55,26.65,550,28.25,550,0,18150
SIEMENS30Jan201460PE.NFO,07/01/2020,13:27:34,28.55,26.7,550,28.6,1100,0,18150
SIEMENS30Jan201460PE.NFO,07/01/2020,13:27:41,28.55,26.9,550,28.6,550,0,18150
SIEMENS30Jan201460PE.NFO,07/01/2020,13:28:00,28.55,27.1,550,28.6,550,0,18150
SIEMENS30Jan201460PE.NFO,07/01/2020,13:28:11,28.55,27,550,28.6,550,0,18150
SIEMENS30Jan201460PE.NFO,07/01/2020,13:28:17,28.55,27.05,550,28.6,550,0,18150
SIEMENS30Jan201460PE.NFO,07/01/2020,13:28:22,28.55,26.9,550,28.5,550,0,18150
SIEMENS30Jan201460PE.NFO,07/01/2020,13:28:27,28.55,26.85,550,28.5,550,0,18150
SIEMENS30Jan201460PE.NFO,07/01/2020,13:28:33,28.55,26.95,550,28.5,550,0,18150
SIEMENS30Jan201460PE.NFO,07/01/2020,13:28:39,28.55,27.05,550,28.5,550,0,18150
SIEMENS30Jan201460PE.NFO,07/01/2020,13:28:45,28.55,27.35,550,28.95,550,0,18150
SIEMENS30Jan201460PE.NFO,07/01/2020,13:28:51,28.55,27.3,550,28.95,550,0,18150
SIEMENS30Jan201460PE.NFO,07/01/2020,13:28:58,28.55,27.35,550,29.3,550,0,18150
SIEMENS30Jan201460PE.NFO,07/01/2020,13:29:06,28.55,27.45,550,29,550,0,18150
SIEMENS30Jan201460PE.NFO,07/01/2020,13:29:12,28.55,27.35,550,29,550,0,18150
SIEMENS30Jan201460PE.NFO,07/01/2020,13:29:13,28.55,27.4,550,29,550,0,18150
SIEMENS30Jan201460PE.NFO,07/01/2020,13:29:16,28.55,27.35,550,29,550,0,18150
SIEMENS30Jan201460PE.NFO,07/01/2020,13:29:17,28.55,27.3,550,29,550,0,18150
SIEMENS30Jan201460PE.NFO,07/01/2020,13:29:18,28.55,27.35,550,29,550,0,18150
SIEMENS30Jan201460PE.NFO,07/01/2020,13:29:22,28.55,27.3,550,28.9,550,0,18150
SIEMENS30Jan201460PE.NFO,07/01/2020,13:29:23,28.55,27.2,1650,28.9,550,0,18150
SIEMENS30Jan201460PE.NFO,07/01/2020,13:29:24,28.55,27.15,550,28.9,550,0,18150
SIEMENS30Jan201460PE.NFO,07/01/2020,13:29:25,28.55,27.2,550,28.9,550,0,18150
SIEMENS30Jan201460PE.NFO,07/01/2020,13:29:26,28.55,27.3,550,28.9,550,0,18150
SIEMENS30Jan201460PE.NFO,07/01/2020,13:29:27,28.55,27.35,550,28.9,550,0,18150
SIEMENS30Jan201460PE.NFO,07/01/2020,13:29:29,28.55,27.3,550,28.9,550,0,18150
SIEMENS30Jan201460PE.NFO,07/01/2020,13:29:31,28.55,27.35,550,28.9,550,0,18150
SIEMENS30Jan201460PE.NFO,07/01/2020,13:29:32,28.55,27.25,550,28.9,550,0,18150
SIEMENS30Jan201460PE.NFO,07/01/2020,13:29:36,28.55,27.3,550,28.9,550,0,18150
SIEMENS30Jan201460PE.NFO,07/01/2020,13:29:37,28.55,27.3,1100,28.9,550,0,18150
SIEMENS30Jan201460PE.NFO,07/01/2020,13:29:38,28.55,27.35,550,28.9,550,0,18150
SIEMENS30Jan201460PE.NFO,07/01/2020,13:29:39,28.55,27.4,550,28.9,550,0,18150
SIEMENS30Jan201460PE.NFO,07/01/2020,13:29:40,28.55,27.2,550,28.9,550,0,18150
SIEMENS30Jan201460PE.NFO,07/01/2020,13:29:42,28.55,27.25,550,28.9,550,0,18150
SIEMENS30Jan201460PE.NFO,07/01/2020,13:29:43,28.55,27.2,550,28.9,550,0,18150
SIEMENS30Jan201460PE.NFO,07/01/2020,13:29:46,28.55,27.2,1100,28.9,550,0,18150
SIEMENS30Jan201460PE.NFO,07/01/2020,13:29:47,28.55,27.25,550,28.9,550,0,18150
SIEMENS30Jan201460PE.NFO,07/01/2020,13:29:48,28.55,27.2,550,28.9,1100,0,18150
SIEMENS30Jan201460PE.NFO,07/01/2020,13:29:50,28.55,27.25,550,28.9,550,0,18150
SIEMENS30Jan201460PE.NFO,07/01/2020,13:29:52,28.55,27.35,1100,28.9,550,0,18150
SIEMENS30Jan201460PE.NFO,07/01/2020,13:29:53,28.55,27.4,550,28.9,550,0,18150
SIEMENS30Jan201460PE.NFO,07/01/2020,13:29:54,28.55,27.35,550,28.9,550,0,18150
SIEMENS30Jan201460PE.NFO,07/01/2020,13:29:55,28.55,27.3,1100,28.9,550,0,18150
SIEMENS30Jan201460PE.NFO,07/01/2020,13:29:58,28.55,27.35,550,28.9,550,0,18150
SIEMENS30Jan201460PE.NFO,07/01/2020,13:29:59,28.55,27.3,1100,28.9,550,0,18150
SIEMENS30Jan201460PE.NFO,07/01/2020,13:30:00,28.55,27.4,550,28.9,550,0,18150
SIEMENS30Jan201460PE.NFO,07/01/2020,13:30:01,28.55,27.35,550,28.9,550,0,18150
SIEMENS30Jan201460PE.NFO,07/01/2020,13:30:02,28.55,27.4,550,28.9,550,0,18150
SIEMENS30Jan201460PE.NFO,07/01/2020,13:30:02,28.55,27.25,1100,28.9,550,0,18150
SIEMENS30Jan201460PE.NFO,07/01/2020,13:30:03,28.55,27.35,1100,28.9,550,0,18150
SIEMENS30Jan201460PE.NFO,07/01/2020,13:30:04,28.55,27.3,550,28.9,550,0,18150
SIEMENS30Jan201460PE.NFO,07/01/2020,13:30:05,28.55,27.4,550,28.9,550,0,18150
SIEMENS30Jan201460PE.NFO,07/01/2020,13:30:06,28.55,27.3,1100,28.9,550,0,18150
SIEMENS30Jan201460PE.NFO,07/01/2020,13:30:07,28.55,27.2,550,28.9,550,0,18150
SIEMENS30Jan201460PE.NFO,07/01/2020,13:30:08,28.55,27.3,550,28.9,550,0,18150
SIEMENS30Jan201460PE.NFO,07/01/2020,13:30:09,28.55,27.3,1100,28.9,550,0,18150
SIEMENS30Jan201460PE.NFO,07/01/2020,13:30:11,28.55,27.35,550,28.9,550,0,18150
SIEMENS30Jan201460PE.NFO,07/01/2020,13:30:13,28.55,27.3,550,28.9,550,0,18150
SIEMENS30Jan201460PE.NFO,07/01/2020,13:30:19,28.55,27.35,550,28.9,550,0,18150
SIEMENS30Jan201460PE.NFO,07/01/2020,13:30:24,28.55,27.2,550,28.9,550,0,18150
SIEMENS30Jan201460PE.NFO,07/01/2020,13:30:31,28.55,27.35,550,28.9,550,0,18150
SIEMENS30Jan201460PE.NFO,07/01/2020,13:30:39,28.55,27.3,550,28.9,550,0,18150
SIEMENS30Jan201460PE.NFO,07/01/2020,13:30:45,28.55,27.2,550,28.9,550,0,18150
SIEMENS30Jan201460PE.NFO,07/01/2020,13:30:53,28.55,27.35,550,29,550,0,18150
SIEMENS30Jan201460PE.NFO,07/01/2020,13:31:01,28.55,27.25,550,28.9,550,0,18150
SIEMENS30Jan201460PE.NFO,07/01/2020,13:31:08,28.55,27.2,550,28.9,550,0,18150
SIEMENS30Jan201460PE.NFO,07/01/2020,13:31:12,28.55,27.4,550,28.9,550,0,18150
SIEMENS30Jan201460PE.NFO,07/01/2020,13:31:16,28.55,27.45,1100,28.9,550,0,18150
SIEMENS30Jan201460PE.NFO,07/01/2020,13:31:17,28.55,27.45,550,28.9,550,0,18150
SIEMENS30Jan201460PE.NFO,07/01/2020,13:31:22,28.55,27.4,550,28.9,550,0,18150
SIEMENS30Jan201460PE.NFO,07/01/2020,13:31:23,28.55,27.3,550,28.9,550,0,18150
SIEMENS30Jan201460PE.NFO,07/01/2020,13:31:24,28.55,27.35,1100,28.9,550,0,18150
SIEMENS30Jan201460PE.NFO,07/01/2020,13:31:25,28.55,27.45,550,28.9,550,0,18150
SIEMENS30Jan201460PE.NFO,07/01/2020,13:31:32,28.55,27.25,550,28.9,550,0,18150
SIEMENS30Jan201460PE.NFO,07/01/2020,13:31:33,28.55,27.2,1100,28.9,550,0,18150
SIEMENS30Jan201460PE.NFO,07/01/2020,13:31:34,28.55,27.25,550,28.9,550,0,18150
SIEMENS30Jan201460PE.NFO,07/01/2020,13:31:35,28.55,27.2,1100,28.9,550,0,18150
SIEMENS30Jan201460PE.NFO,07/01/2020,13:31:36,28.55,27.3,550,28.95,550,0,18150
SIEMENS30Jan201460PE.NFO,07/01/2020,13:31:37,28.55,27.4,550,28.95,550,0,18150
SIEMENS30Jan201460PE.NFO,07/01/2020,13:31:38,28.55,27.35,550,28.95,550,0,18150
SIEMENS30Jan201460PE.NFO,07/01/2020,13:31:39,28.55,27.35,1100,28.95,550,0,18150
SIEMENS30Jan201460PE.NFO,07/01/2020,13:31:40,28.55,27.2,550,28.95,550,0,18150
SIEMENS30Jan201460PE.NFO,07/01/2020,13:31:41,28.55,27.3,550,28.95,550,0,18150
SIEMENS30Jan201460PE.NFO,07/01/2020,13:31:42,28.55,27.3,1100,28.95,550,0,18150
SIEMENS30Jan201460PE.NFO,07/01/2020,13:31:46,28.55,27.35,550,28.95,550,0,18150
SIEMENS30Jan201460PE.NFO,07/01/2020,13:31:46,28.55,27.2,550,28.95,1100,0,18150
SIEMENS30Jan201460PE.NFO,07/01/2020,13:31:48,28.55,27.2,550,28.95,550,0,18150
SIEMENS30Jan201460PE.NFO,07/01/2020,13:31:51,28.55,27.2,550,28.95,1100,0,18150
SIEMENS30Jan201460PE.NFO,07/01/2020,13:31:53,28.55,27.15,550,28.95,1100,0,18150
SIEMENS30Jan201460PE.NFO,07/01/2020,13:31:54,28.55,27.2,550,28.95,1100,0,18150
SIEMENS30Jan201460PE.NFO,07/01/2020,13:31:58,28.55,27.1,1100,28.95,1100,0,18150
SIEMENS30Jan201460PE.NFO,07/01/2020,13:31:59,28.55,27.15,550,28.95,1100,0,18150
SIEMENS30Jan201460PE.NFO,07/01/2020,13:32:03,28.55,27.2,550,28.95,1100,0,18150
SIEMENS30Jan201460PE.NFO,07/01/2020,13:32:07,28.55,27.15,550,28.95,1100,0,18150
SIEMENS30Jan201460PE.NFO,07/01/2020,13:32:08,28.55,27.1,1100,28.95,1100,0,18150
SIEMENS30Jan201460PE.NFO,07/01/2020,13:32:08,28.55,27.15,550,28.95,1100,0,18150
SIEMENS30Jan201460PE.NFO,07/01/2020,13:32:10,28.55,27.35,550,28.95,550,0,18150
SIEMENS30Jan201460PE.NFO,07/01/2020,13:32:11,28.55,27.3,550,28.95,550,0,18150
SIEMENS30Jan201460PE.NFO,07/01/2020,13:32:19,28.55,27.3,550,28.85,550,0,18150
SIEMENS30Jan201460PE.NFO,07/01/2020,13:32:34,28.55,27.25,550,28.85,550,0,18150
SIEMENS30Jan201460PE.NFO,07/01/2020,13:32:39,28.55,27.2,1100,28.85,550,0,18150
SIEMENS30Jan201460PE.NFO,07/01/2020,13:32:46,28.55,27.15,1100,28.85,550,0,18150
SIEMENS30Jan201460PE.NFO,07/01/2020,13:33:11,28.55,27.35,550,28.85,550,0,18150
SIEMENS30Jan201460PE.NFO,07/01/2020,13:33:16,28.55,27.25,550,28.85,550,0,18150
SIEMENS30Jan201460PE.NFO,07/01/2020,13:33:20,28.55,27.2,550,28.85,550,0,18150
SIEMENS30Jan201460PE.NFO,07/01/2020,13:33:33,28.55,27.15,550,28.85,550,0,18150
SIEMENS30Jan201460PE.NFO,07/01/2020,13:33:39,28.55,27.2,550,28.85,550,0,18150
SIEMENS30Jan201460PE.NFO,07/01/2020,13:33:44,28.55,27.1,550,28.85,550,0,18150
SIEMENS30Jan201460PE.NFO,07/01/2020,13:33:49,28.55,27.15,550,28.85,550,0,18150
SIEMENS30Jan201460PE.NFO,07/01/2020,13:33:55,28.55,27.05,1100,28.85,1100,0,18150
SIEMENS30Jan201460PE.NFO,07/01/2020,13:34:00,28.55,27.1,550,28.75,550,0,18150
SIEMENS30Jan201460PE.NFO,07/01/2020,13:34:20,28.55,27.05,550,28.75,550,0,18150
SIEMENS30Jan201460PE.NFO,07/01/2020,13:34:24,28.55,27.15,550,28.75,550,0,18150
SIEMENS30Jan201460PE.NFO,07/01/2020,13:34:38,28.55,27.05,550,28.75,1100,0,18150
SIEMENS30Jan201460PE.NFO,07/01/2020,13:34:44,28.55,27,550,28.75,1100,0,18150
SIEMENS30Jan201460PE.NFO,07/01/2020,13:34:50,28.55,26.95,550,28.75,1100,0,18150
SIEMENS30Jan201460PE.NFO,07/01/2020,13:35:03,28.55,26.55,550,28.25,1100,0,18150
SIEMENS30Jan201460PE.NFO,07/01/2020,13:35:10,28.55,26.4,550,28.15,1100,0,18150
SIEMENS30Jan201460PE.NFO,07/01/2020,13:35:17,28.55,26.35,550,28.15,1100,0,18150
SIEMENS30Jan201460PE.NFO,07/01/2020,13:35:22,28.55,26.25,550,28.15,1100,0,18150
SIEMENS30Jan201460PE.NFO,07/01/2020,13:35:27,28.55,26.2,550,28.15,1100,0,18150
SIEMENS30Jan201460PE.NFO,07/01/2020,13:35:34,28.55,26.15,550,28.15,1100,0,18150
SIEMENS30Jan201460PE.NFO,07/01/2020,13:35:40,28.55,26.1,550,28.15,1100,0,18150
SIEMENS30Jan201460PE.NFO,07/01/2020,13:35:50,28.55,25.85,550,27.5,550,0,18150
SIEMENS30Jan201460PE.NFO,07/01/2020,13:35:59,28.55,25.9,550,27.5,1100,0,18150
SIEMENS30Jan201460PE.NFO,07/01/2020,13:36:04,28.55,25.85,550,27.5,1100,0,18150
SIEMENS30Jan201460PE.NFO,07/01/2020,13:36:27,28.55,25.8,550,27.5,1100,0,18150
SIEMENS30Jan201460PE.NFO,07/01/2020,13:36:31,28.55,25.85,550,27.5,1100,0,18150
SIEMENS30Jan201460PE.NFO,07/01/2020,13:36:41,28.55,26.1,550,27.85,550,0,18150
SIEMENS30Jan201460PE.NFO,07/01/2020,13:36:48,28.55,26.2,550,27.85,550,0,18150
SIEMENS30Jan201460PE.NFO,07/01/2020,13:36:53,28.55,26.15,1100,27.85,550,0,18150
SIEMENS30Jan201460PE.NFO,07/01/2020,13:36:58,28.55,26.25,550,27.85,550,0,18150
SIEMENS30Jan201460PE.NFO,07/01/2020,13:37:04,28.55,26.2,550,27.75,550,0,18150
SIEMENS30Jan201460PE.NFO,07/01/2020,13:37:09,28.55,26.15,550,27.75,550,0,18150
SIEMENS30Jan201460PE.NFO,07/01/2020,13:37:23,28.55,26.15,550,27.65,550,0,18150
SIEMENS30Jan201460PE.NFO,07/01/2020,13:37:27,28.55,26.2,550,27.65,550,0,18150
SIEMENS30Jan201460PE.NFO,07/01/2020,13:37:31,28.55,26.15,550,27.65,1100,0,18150
SIEMENS30Jan201460PE.NFO,07/01/2020,13:37:37,28.55,26.2,550,27.65,550,0,18150
SIEMENS30Jan201460PE.NFO,07/01/2020,13:37:42,28.55,26.3,550,27.9,1100,0,18150
SIEMENS30Jan201460PE.NFO,07/01/2020,13:37:47,28.55,26.3,550,27.9,550,0,18150
SIEMENS30Jan201460PE.NFO,07/01/2020,13:37:51,28.55,26.25,550,27.8,550,0,18150
SIEMENS30Jan201460PE.NFO,07/01/2020,13:37:54,28.55,26.2,550,27.8,550,0,18150
SIEMENS30Jan201460PE.NFO,07/01/2020,13:37:58,28.55,26.25,550,27.8,1100,0,18150
SIEMENS30Jan201460PE.NFO,07/01/2020,13:38:02,28.55,26.1,550,27.8,1100,0,18150
SIEMENS30Jan201460PE.NFO,07/01/2020,13:38:07,28.55,26.05,550,27.8,1100,0,18150
SIEMENS30Jan201460PE.NFO,07/01/2020,13:38:15,28.55,25.9,550,27.6,1100,0,18150
SIEMENS30Jan201460PE.NFO,07/01/2020,13:38:22,28.55,26.05,550,27.6,550,0,18150
SIEMENS30Jan201460PE.NFO,07/01/2020,13:38:27,28.55,26.15,550,27.8,550,0,18150
SIEMENS30Jan201460PE.NFO,07/01/2020,13:38:38,28.55,26.2,550,27.8,550,0,18150
SIEMENS30Jan201460PE.NFO,07/01/2020,13:38:47,28.55,26.15,550,27.8,550,0,18150
SIEMENS30Jan201460PE.NFO,07/01/2020,13:38:57,28.55,25.9,1100,27.6,550,0,18150
SIEMENS30Jan201460PE.NFO,07/01/2020,13:39:03,28.55,26,550,27.6,1100,0,18150
SIEMENS30Jan201460PE.NFO,07/01/2020,13:39:43,28.55,26.1,550,27.8,1100,0,18150
SIEMENS30Jan201460PE.NFO,07/01/2020,13:39:50,28.55,26.1,550,27.7,550,0,18150
SIEMENS30Jan201460PE.NFO,07/01/2020,13:39:55,28.55,26.1,1100,27.7,550,0,18150
SIEMENS30Jan201460PE.NFO,07/01/2020,13:40:00,28.55,26.1,550,27.7,550,0,18150
SIEMENS30Jan201460PE.NFO,07/01/2020,13:40:05,28.55,26.3,550,27.95,550,0,18150
SIEMENS30Jan201460PE.NFO,07/01/2020,13:40:23,28.55,26.5,550,28.2,1100,0,18150
SIEMENS30Jan201460PE.NFO,07/01/2020,13:40:28,28.55,26.6,1100,28.2,550,0,18150
SIEMENS30Jan201460PE.NFO,07/01/2020,13:40:31,28.55,26.7,550,28.2,550,0,18150
SIEMENS30Jan201460PE.NFO,07/01/2020,13:40:34,28.55,26.5,550,28.2,550,0,18150
SIEMENS30Jan201460PE.NFO,07/01/2020,13:40:40,28.55,26.5,550,28.2,1100,0,18150
SIEMENS30Jan201460PE.NFO,07/01/2020,13:40:46,28.55,26.4,550,28.2,1100,0,18150
SIEMENS30Jan201460PE.NFO,07/01/2020,13:40:56,28.55,26.35,550,28.2,1100,0,18150
SIEMENS30Jan201460PE.NFO,07/01/2020,13:41:00,28.55,26.4,550,28.2,1100,0,18150
SIEMENS30Jan201460PE.NFO,07/01/2020,13:41:07,28.55,26.5,550,28.2,550,0,18150
SIEMENS30Jan201460PE.NFO,07/01/2020,13:41:15,28.55,26.55,550,28,1100,0,18150
SIEMENS30Jan201460PE.NFO,07/01/2020,13:41:19,28.55,26.6,550,28,1100,0,18150
SIEMENS30Jan201460PE.NFO,07/01/2020,13:41:22,28.55,26.6,550,28.25,550,0,18150
SIEMENS30Jan201460PE.NFO,07/01/2020,13:41:25,28.55,26.5,1100,28.3,1100,0,18150
SIEMENS30Jan201460PE.NFO,07/01/2020,13:41:29,28.55,26.45,550,28.3,1100,0,18150
SIEMENS30Jan201460PE.NFO,07/01/2020,13:41:38,28.55,26.4,550,28.3,1100,0,18150
SIEMENS30Jan201460PE.NFO,07/01/2020,13:41:41,28.55,26.5,550,28.3,1100,0,18150
SIEMENS30Jan201460PE.NFO,07/01/2020,13:41:44,28.55,26.65,550,28.3,1100,0,18150
SIEMENS30Jan201460PE.NFO,07/01/2020,13:41:48,28.55,26.85,550,28.25,1100,0,18150
SIEMENS30Jan201460PE.NFO,07/01/2020,13:41:54,28.55,26.8,550,28.15,550,0,18150
SIEMENS30Jan201460PE.NFO,07/01/2020,13:41:59,28.55,26.85,550,28.15,550,0,18150
SIEMENS30Jan201460PE.NFO,07/01/2020,13:42:08,28.55,26.4,550,28.15,1100,0,18150
SIEMENS30Jan201460PE.NFO,07/01/2020,13:42:13,28.55,26.3,550,28.15,1100,0,18150
SIEMENS30Jan201460PE.NFO,07/01/2020,13:42:17,28.55,26.25,550,28.15,1100,0,18150
SIEMENS30Jan201460PE.NFO,07/01/2020,13:42:25,28.55,26.2,550,28.15,1100,0,18150
SIEMENS30Jan201460PE.NFO,07/01/2020,13:42:31,28.55,26.15,550,28.15,1100,0,18150
SIEMENS30Jan201460PE.NFO,07/01/2020,13:43:03,28.55,26.2,1100,28.15,1100,0,18150
SIEMENS30Jan201460PE.NFO,07/01/2020,13:43:08,28.55,26.4,550,28.15,1100,0,18150
SIEMENS30Jan201460PE.NFO,07/01/2020,13:43:17,28.55,26.5,550,28.15,1100,0,18150
SIEMENS30Jan201460PE.NFO,07/01/2020,13:43:21,28.55,26.45,550,28.15,550,0,18150
SIEMENS30Jan201460PE.NFO,07/01/2020,13:43:26,28.55,26.45,550,28.15,1100,0,18150
SIEMENS30Jan201460PE.NFO,07/01/2020,13:43:29,28.55,26.35,550,28.15,1100,0,18150
