Ticker,Date,Time,LTP,BuyPrice,BuyQty,SellPrice,SellQty,LTQ,OpenInterest
SRF30Jan203650CE.NFO,07/01/2020,10:03:31,23,21.4,250,23.05,500,250,7750
SRF30Jan203650CE.NFO,07/01/2020,10:03:31,23,21.4,250,23.05,500,0,7750
SRF30Jan203650CE.NFO,07/01/2020,10:03:31,23,21.4,250,23.05,500,0,7750
SRF30Jan203650CE.NFO,07/01/2020,10:03:31,23,21.4,250,23.05,500,0,7750
SRF30Jan203650CE.NFO,07/01/2020,10:03:36,23,21.6,250,23.05,500,0,7750
SRF30Jan203650CE.NFO,07/01/2020,10:03:46,23,19.2,250,23.05,500,0,7750
SRF30Jan203650CE.NFO,07/01/2020,10:03:52,23,21.05,250,23.05,500,0,7750
SRF30Jan203650CE.NFO,07/01/2020,10:04:03,23,21.55,250,23.05,500,0,7750
SRF30Jan203650CE.NFO,07/01/2020,10:04:45,23,21.65,250,23.05,500,0,7750
SRF30Jan203650CE.NFO,07/01/2020,10:04:50,23,21.75,250,23.05,500,0,7750
SRF30Jan203650CE.NFO,07/01/2020,10:05:01,23,21.7,250,23.05,500,0,7750
SRF30Jan203650CE.NFO,07/01/2020,10:05:06,23,21.55,250,23.05,500,0,7750
SRF30Jan203650CE.NFO,07/01/2020,10:05:12,23,21.45,250,23.05,500,0,7750
SRF30Jan203650CE.NFO,07/01/2020,10:05:44,23,21.7,250,23.05,250,0,7750
SRF30Jan203650CE.NFO,07/01/2020,10:05:50,23,21.7,500,23.05,250,0,7750
SRF30Jan203650CE.NFO,07/01/2020,10:05:56,23,21.7,250,23.05,250,0,7750
SRF30Jan203650CE.NFO,07/01/2020,10:06:01,23,21.9,500,23.05,250,0,7750
SRF30Jan203650CE.NFO,07/01/2020,10:06:07,23,21.9,250,23.05,250,0,7750
SRF30Jan203650CE.NFO,07/01/2020,10:06:36,23,21.65,250,22.85,250,0,7750
SRF30Jan203650CE.NFO,07/01/2020,10:07:01,23,21.65,250,22.75,250,0,7750
SRF30Jan203650CE.NFO,07/01/2020,10:07:11,23,21.45,250,22.65,250,0,7750
SRF30Jan203650CE.NFO,07/01/2020,10:07:17,23,21.2,500,22.45,250,0,7750
SRF30Jan203650CE.NFO,07/01/2020,10:09:07,23,21.2,500,23,250,0,7750
SRF30Jan203650CE.NFO,07/01/2020,10:09:17,23,21.2,500,22.8,250,0,7750
SRF30Jan203650CE.NFO,07/01/2020,10:09:34,23,21.2,500,22.7,250,0,7750
SRF30Jan203650CE.NFO,07/01/2020,10:09:59,23,21.2,500,23.35,250,0,7750
SRF30Jan203650CE.NFO,07/01/2020,10:10:13,23,21.2,500,23.05,250,0,7750
SRF30Jan203650CE.NFO,07/01/2020,10:10:19,23,21.2,500,22.95,250,0,7750
SRF30Jan203650CE.NFO,07/01/2020,10:10:24,23,21.2,500,23,250,0,7750
SRF30Jan203650CE.NFO,07/01/2020,10:10:43,23,21.2,500,22.9,250,0,7750
SRF30Jan203650CE.NFO,07/01/2020,10:10:48,23,21.2,500,22.8,250,0,7750
SRF30Jan203650CE.NFO,07/01/2020,10:11:23,23,21.2,500,22.95,250,0,7750
SRF30Jan203650CE.NFO,07/01/2020,10:12:03,23,21.2,500,22.75,250,0,7750
SRF30Jan203650CE.NFO,07/01/2020,10:12:36,23,21.2,500,24.1,250,0,7750
SRF30Jan203650CE.NFO,07/01/2020,10:12:42,23,21.2,500,23.7,250,0,7750
SRF30Jan203650CE.NFO,07/01/2020,10:12:47,23,21.2,500,23.3,250,0,7750
SRF30Jan203650CE.NFO,07/01/2020,10:12:52,23,21.2,500,23.2,250,0,7750
SRF30Jan203650CE.NFO,07/01/2020,10:12:57,23,21.2,500,23.1,250,0,7750
SRF30Jan203650CE.NFO,07/01/2020,10:13:15,23,21.2,500,23,250,0,7750
SRF30Jan203650CE.NFO,07/01/2020,10:15:10,23,21.2,250,22.8,250,0,7750
SRF30Jan203650CE.NFO,07/01/2020,10:15:15,23,21.2,250,22.6,250,0,7750
SRF30Jan203650CE.NFO,07/01/2020,10:15:47,23,21.2,250,22.65,250,0,7750
SRF30Jan203650CE.NFO,07/01/2020,10:15:53,23,21.2,250,22.65,500,0,7750
SRF30Jan203650CE.NFO,07/01/2020,10:17:13,23,21.3,250,22.65,500,0,7750
SRF30Jan203650CE.NFO,07/01/2020,10:18:29,23,21.25,250,22.65,500,0,7750
SRF30Jan203650CE.NFO,07/01/2020,10:19:53,23,21.35,250,22.65,500,0,7750
SRF30Jan203650CE.NFO,07/01/2020,10:20:08,23,21.35,250,22.65,250,0,7750
SRF30Jan203650CE.NFO,07/01/2020,10:20:48,23,21.45,250,22.65,250,0,7750
SRF30Jan203650CE.NFO,07/01/2020,10:21:31,23,21.75,250,22.85,250,0,7750
SRF30Jan203650CE.NFO,07/01/2020,10:21:45,23,21.75,250,22.65,250,0,7750
SRF30Jan203650CE.NFO,07/01/2020,10:23:02,23,21.65,250,22.5,250,0,7750
SRF30Jan203650CE.NFO,07/01/2020,10:23:22,23,21.65,250,22.55,500,0,7750
SRF30Jan203650CE.NFO,07/01/2020,10:23:26,23,21.75,250,22.55,500,0,7750
SRF30Jan203650CE.NFO,07/01/2020,10:23:51,23,21.7,250,22.55,500,0,7750
SRF30Jan203650CE.NFO,07/01/2020,10:24:20,23,21.65,250,22.55,500,0,7750
SRF30Jan203650CE.NFO,07/01/2020,10:24:55,23,19.75,250,22.55,500,0,7750
SRF30Jan203650CE.NFO,07/01/2020,10:25:00,23,20.65,250,22.55,500,0,7750
SRF30Jan203650CE.NFO,07/01/2020,10:25:08,23,20.75,250,22.55,500,0,7750
SRF30Jan203650CE.NFO,07/01/2020,10:26:01,23,21.05,250,22.55,500,0,7750
SRF30Jan203650CE.NFO,07/01/2020,10:27:04,23,20.9,250,22.55,500,0,7750
SRF30Jan203650CE.NFO,07/01/2020,10:27:12,23,21,250,22.55,500,0,7750
SRF30Jan203650CE.NFO,07/01/2020,10:27:24,23,18.25,250,22.55,250,0,7750
SRF30Jan203650CE.NFO,07/01/2020,10:27:49,23,18.65,250,22.55,250,0,7750
SRF30Jan203650CE.NFO,07/01/2020,10:27:54,23,18.7,250,22.55,250,0,7750
SRF30Jan203650CE.NFO,07/01/2020,10:29:38,23,19.4,250,22.55,250,0,7750
SRF30Jan203650CE.NFO,07/01/2020,10:29:42,23,19,250,22.55,250,0,7750
SRF30Jan203650CE.NFO,07/01/2020,10:29:45,23,19.65,250,23.35,250,0,7750
SRF30Jan203650CE.NFO,07/01/2020,10:29:48,23,18.55,250,23.35,250,0,7750
SRF30Jan203650CE.NFO,07/01/2020,10:29:51,23,19.1,250,23.35,250,0,7750
SRF30Jan203650CE.NFO,07/01/2020,10:29:54,23,18.55,250,23.35,250,0,7750
SRF30Jan203650CE.NFO,07/01/2020,10:29:57,23,18.95,250,23.35,250,0,7750
SRF30Jan203650CE.NFO,07/01/2020,10:29:59,23,18.75,250,23.35,250,0,7750
SRF30Jan203650CE.NFO,07/01/2020,10:30:04,23,19.05,250,23.35,250,0,7750
SRF30Jan203650CE.NFO,07/01/2020,10:30:07,23,19.25,250,23.35,250,0,7750
SRF30Jan203650CE.NFO,07/01/2020,10:30:10,23,18.65,250,23.35,250,0,7750
SRF30Jan203650CE.NFO,07/01/2020,10:30:14,23,19.05,250,23.35,250,0,7750
SRF30Jan203650CE.NFO,07/01/2020,10:30:17,23,19.45,250,23.35,250,0,7750
SRF30Jan203650CE.NFO,07/01/2020,10:30:20,23,19,250,23.35,250,0,7750
SRF30Jan203650CE.NFO,07/01/2020,10:30:24,23,18.65,250,23.35,250,0,7750
SRF30Jan203650CE.NFO,07/01/2020,10:30:27,23,18.25,250,23.35,250,0,7750
SRF30Jan203650CE.NFO,07/01/2020,10:30:31,23,18.65,250,23.35,250,0,7750
SRF30Jan203650CE.NFO,07/01/2020,10:30:35,23,18.95,250,23.35,250,0,7750
SRF30Jan203650CE.NFO,07/01/2020,10:30:37,23,19.5,250,23.6,250,0,7750
SRF30Jan203650CE.NFO,07/01/2020,10:30:40,23,18.6,250,23.3,250,0,7750
SRF30Jan203650CE.NFO,07/01/2020,10:30:46,23,19.45,250,23.3,250,0,7750
SRF30Jan203650CE.NFO,07/01/2020,10:30:50,23,19.05,250,23.3,250,0,7750
SRF30Jan203650CE.NFO,07/01/2020,10:30:53,23,18.35,250,23.3,250,0,7750
SRF30Jan203650CE.NFO,07/01/2020,10:30:55,23,18.85,250,23.3,250,0,7750
SRF30Jan203650CE.NFO,07/01/2020,10:30:58,23,18.95,250,23.3,250,0,7750
SRF30Jan203650CE.NFO,07/01/2020,10:31:01,23,19.5,250,23.3,250,0,7750
SRF30Jan203650CE.NFO,07/01/2020,10:31:06,23,19.55,250,23.3,250,0,7750
SRF30Jan203650CE.NFO,07/01/2020,10:31:09,23,18.35,250,23.3,250,0,7750
SRF30Jan203650CE.NFO,07/01/2020,10:31:11,23,18.65,250,23.3,250,0,7750
SRF30Jan203650CE.NFO,07/01/2020,10:31:15,23,19.25,250,23.3,250,0,7750
SRF30Jan203650CE.NFO,07/01/2020,10:31:18,23,19.45,250,23.3,250,0,7750
SRF30Jan203650CE.NFO,07/01/2020,10:31:26,23,19.45,250,23.55,250,0,7750
SRF30Jan203650CE.NFO,07/01/2020,10:31:30,23,18.35,250,23.55,250,0,7750
SRF30Jan203650CE.NFO,07/01/2020,10:31:34,23,19.05,250,23.55,250,0,7750
SRF30Jan203650CE.NFO,07/01/2020,10:31:38,23,18.4,250,23.55,500,0,7750
SRF30Jan203650CE.NFO,07/01/2020,10:31:41,23,19.4,250,23.3,250,0,7750
SRF30Jan203650CE.NFO,07/01/2020,10:31:46,23,19.4,500,23.15,250,0,7750
SRF30Jan203650CE.NFO,07/01/2020,10:32:12,23,19.3,250,23.15,250,0,7750
SRF30Jan203650CE.NFO,07/01/2020,10:32:18,23,19.1,250,23.15,250,0,7750
SRF30Jan203650CE.NFO,07/01/2020,10:32:22,23,19.5,250,23.15,250,0,7750
SRF30Jan203650CE.NFO,07/01/2020,10:32:27,23,20.15,250,23.65,250,0,7750
SRF30Jan203650CE.NFO,07/01/2020,10:32:31,23,20.15,500,23.9,250,0,7750
SRF30Jan203650CE.NFO,07/01/2020,10:32:35,23,20.4,250,24.1,250,0,7750
SRF30Jan203650CE.NFO,07/01/2020,10:32:40,23,20.55,250,24.1,250,0,7750
SRF30Jan203650CE.NFO,07/01/2020,10:32:44,23,20.8,250,24.05,250,0,7750
SRF30Jan203650CE.NFO,07/01/2020,10:32:49,23,20.75,250,24.05,250,0,7750
SRF30Jan203650CE.NFO,07/01/2020,10:32:54,23,20.8,250,24.05,250,0,7750
SRF30Jan203650CE.NFO,07/01/2020,10:32:58,23,20.75,250,24.05,250,0,7750
SRF30Jan203650CE.NFO,07/01/2020,10:33:02,23,20.3,250,24.05,250,0,7750
SRF30Jan203650CE.NFO,07/01/2020,10:33:05,23,19.95,250,24.05,250,0,7750
SRF30Jan203650CE.NFO,07/01/2020,10:33:08,23,19.5,250,23.75,250,0,7750
SRF30Jan203650CE.NFO,07/01/2020,10:33:11,23,20.65,250,23.65,250,0,7750
SRF30Jan203650CE.NFO,07/01/2020,10:33:14,23,20.2,250,23.65,250,0,7750
SRF30Jan203650CE.NFO,07/01/2020,10:33:17,23,20.65,250,23.65,250,0,7750
SRF30Jan203650CE.NFO,07/01/2020,10:33:21,23,20.75,250,23.65,250,0,7750
SRF30Jan203650CE.NFO,07/01/2020,10:33:35,23,20.45,250,23.65,250,0,7750
SRF30Jan203650CE.NFO,07/01/2020,10:33:38,23,20.05,250,23.65,250,0,7750
SRF30Jan203650CE.NFO,07/01/2020,10:33:43,23,20.6,250,23.65,250,0,7750
SRF30Jan203650CE.NFO,07/01/2020,10:33:45,23,19.3,250,23.65,250,0,7750
SRF30Jan203650CE.NFO,07/01/2020,10:33:48,23,20.45,250,23.65,250,0,7750
SRF30Jan203650CE.NFO,07/01/2020,10:33:50,23,20.7,250,23.65,250,0,7750
SRF30Jan203650CE.NFO,07/01/2020,10:33:54,23,20,250,23.65,250,0,7750
SRF30Jan203650CE.NFO,07/01/2020,10:33:59,23,20.4,250,23.65,250,0,7750
SRF30Jan203650CE.NFO,07/01/2020,10:34:02,23,20.6,250,23.65,250,0,7750
SRF30Jan203650CE.NFO,07/01/2020,10:34:05,23,20.8,250,23.65,250,0,7750
SRF30Jan203650CE.NFO,07/01/2020,10:34:08,23,20.3,250,23.65,250,0,7750
SRF30Jan203650CE.NFO,07/01/2020,10:34:11,23,20.75,250,23.65,250,0,7750
SRF30Jan203650CE.NFO,07/01/2020,10:34:15,23,20.45,250,23.65,250,0,7750
SRF30Jan203650CE.NFO,07/01/2020,10:34:19,23,20.8,250,23.65,250,0,7750
SRF30Jan203650CE.NFO,07/01/2020,10:34:23,23,20.95,250,23.65,250,0,7750
SRF30Jan203650CE.NFO,07/01/2020,10:34:28,23,20.75,250,23.65,250,0,7750
SRF30Jan203650CE.NFO,07/01/2020,10:34:32,23,20.45,250,23.65,250,0,7750
SRF30Jan203650CE.NFO,07/01/2020,10:34:35,23,19.3,250,23.65,250,0,7750
SRF30Jan203650CE.NFO,07/01/2020,10:34:39,23,20.85,250,23.65,250,0,7750
SRF30Jan203650CE.NFO,07/01/2020,10:34:44,23,20.45,250,23.65,250,0,7750
SRF30Jan203650CE.NFO,07/01/2020,10:34:49,23,19.55,250,23.65,250,0,7750
SRF30Jan203650CE.NFO,07/01/2020,10:34:54,23,20.55,250,23.65,250,0,7750
SRF30Jan203650CE.NFO,07/01/2020,10:34:58,23,20.85,250,23.65,250,0,7750
SRF30Jan203650CE.NFO,07/01/2020,10:35:02,23,20.95,250,23.65,250,0,7750
SRF30Jan203650CE.NFO,07/01/2020,10:35:06,23,20.35,500,23.65,250,0,7750
SRF30Jan203650CE.NFO,07/01/2020,10:35:09,23,20.75,250,23.65,250,0,7750
SRF30Jan203650CE.NFO,07/01/2020,10:35:12,23,20.55,250,23.65,250,0,7750
SRF30Jan203650CE.NFO,07/01/2020,10:35:15,23,20.65,250,23.65,250,0,7750
SRF30Jan203650CE.NFO,07/01/2020,10:35:19,23,19.2,250,23.65,250,0,7750
SRF30Jan203650CE.NFO,07/01/2020,10:35:22,23,20.35,250,23.65,250,0,7750
SRF30Jan203650CE.NFO,07/01/2020,10:35:25,23,20.55,250,23.65,250,0,7750
SRF30Jan203650CE.NFO,07/01/2020,10:35:28,23,20.95,250,23.65,250,0,7750
SRF30Jan203650CE.NFO,07/01/2020,10:35:33,23,20.6,250,23.65,250,0,7750
SRF30Jan203650CE.NFO,07/01/2020,10:35:36,23,19.2,250,23.65,250,0,7750
SRF30Jan203650CE.NFO,07/01/2020,10:35:39,23,20.95,250,23.65,250,0,7750
SRF30Jan203650CE.NFO,07/01/2020,10:35:42,23,20,250,23.65,250,0,7750
SRF30Jan203650CE.NFO,07/01/2020,10:35:44,23,20.65,250,23.65,250,0,7750
SRF30Jan203650CE.NFO,07/01/2020,10:35:47,23,20.85,250,23.65,250,0,7750
SRF30Jan203650CE.NFO,07/01/2020,10:35:50,23,19.9,250,23.65,250,0,7750
SRF30Jan203650CE.NFO,07/01/2020,10:35:53,23,20.15,250,23.65,250,0,7750
SRF30Jan203650CE.NFO,07/01/2020,10:35:56,23,20.9,250,23.65,250,0,7750
SRF30Jan203650CE.NFO,07/01/2020,10:36:00,23,21,250,23.65,250,0,7750
SRF30Jan203650CE.NFO,07/01/2020,10:36:03,23,20.35,500,23.65,250,0,7750
SRF30Jan203650CE.NFO,07/01/2020,10:36:07,23,20.95,250,23.65,250,0,7750
SRF30Jan203650CE.NFO,07/01/2020,10:36:10,23,20.8,250,23.65,250,0,7750
SRF30Jan203650CE.NFO,07/01/2020,10:36:14,23,20.65,500,23.65,250,0,7750
SRF30Jan203650CE.NFO,07/01/2020,10:36:18,23,20.9,250,23.65,250,0,7750
SRF30Jan203650CE.NFO,07/01/2020,10:36:21,23,21,250,23.65,250,0,7750
SRF30Jan203650CE.NFO,07/01/2020,10:36:24,23,19.45,250,23.65,250,0,7750
SRF30Jan203650CE.NFO,07/01/2020,10:36:26,23,20.5,250,23.65,250,0,7750
SRF30Jan203650CE.NFO,07/01/2020,10:36:29,23,21,250,23.65,250,0,7750
SRF30Jan203650CE.NFO,07/01/2020,10:36:31,23,20.5,250,23.65,250,0,7750
SRF30Jan203650CE.NFO,07/01/2020,10:36:33,23,20.95,250,23.65,250,0,7750
SRF30Jan203650CE.NFO,07/01/2020,10:36:36,23,20.65,250,23.65,250,0,7750
SRF30Jan203650CE.NFO,07/01/2020,10:36:39,23,20.95,250,23.65,250,0,7750
SRF30Jan203650CE.NFO,07/01/2020,10:36:42,23,20,250,23.65,250,0,7750
SRF30Jan203650CE.NFO,07/01/2020,10:36:45,23,20.6,500,23.65,250,0,7750
SRF30Jan203650CE.NFO,07/01/2020,10:36:48,23,21.1,250,23.65,250,0,7750
SRF30Jan203650CE.NFO,07/01/2020,10:36:52,23,21.15,250,23.65,250,0,7750
SRF30Jan203650CE.NFO,07/01/2020,10:36:55,23,20.75,250,23.65,250,0,7750
SRF30Jan203650CE.NFO,07/01/2020,10:36:59,23,20.85,250,23.65,250,0,7750
SRF30Jan203650CE.NFO,07/01/2020,10:37:03,23,20.9,250,23.65,250,0,7750
SRF30Jan203650CE.NFO,07/01/2020,10:37:07,23,20.8,250,23.65,250,0,7750
SRF30Jan203650CE.NFO,07/01/2020,10:37:10,23,20.95,250,23.65,250,0,7750
SRF30Jan203650CE.NFO,07/01/2020,10:37:14,23,19.55,250,23.65,250,0,7750
SRF30Jan203650CE.NFO,07/01/2020,10:37:17,23,20.25,250,23.65,250,0,7750
SRF30Jan203650CE.NFO,07/01/2020,10:38:34,23,20.25,250,23.25,250,0,7750
SRF30Jan203650CE.NFO,07/01/2020,10:39:10,23,20.3,250,23.25,250,0,7750
SRF30Jan203650CE.NFO,07/01/2020,10:39:14,23,19.05,250,23.25,250,0,7750
SRF30Jan203650CE.NFO,07/01/2020,10:39:19,23,19.75,250,23.25,250,0,7750
SRF30Jan203650CE.NFO,07/01/2020,10:39:22,23,20.25,250,23.25,250,0,7750
SRF30Jan203650CE.NFO,07/01/2020,10:39:27,23,18.85,250,23.25,250,0,7750
SRF30Jan203650CE.NFO,07/01/2020,10:39:30,23,19.45,250,23.25,250,0,7750
SRF30Jan203650CE.NFO,07/01/2020,10:39:34,23,19.65,250,23.25,250,0,7750
SRF30Jan203650CE.NFO,07/01/2020,10:39:37,23,20.1,500,23.25,250,0,7750
SRF30Jan203650CE.NFO,07/01/2020,10:39:40,23,20.2,250,23.25,250,0,7750
SRF30Jan203650CE.NFO,07/01/2020,10:39:50,23,18.45,250,23.25,250,0,7750
SRF30Jan203650CE.NFO,07/01/2020,10:39:53,23,18.75,250,23.25,250,0,7750
SRF30Jan203650CE.NFO,07/01/2020,10:39:56,23,18.85,250,23.25,250,0,7750
SRF30Jan203650CE.NFO,07/01/2020,10:40:00,23,19.45,250,23.25,250,0,7750
SRF30Jan203650CE.NFO,07/01/2020,10:40:04,23,20.05,250,23.25,250,0,7750
SRF30Jan203650CE.NFO,07/01/2020,10:40:10,23,18.65,250,23.25,250,0,7750
SRF30Jan203650CE.NFO,07/01/2020,10:40:15,23,19.55,250,23.25,250,0,7750
SRF30Jan203650CE.NFO,07/01/2020,10:40:20,23,20.05,250,23.25,250,0,7750
SRF30Jan203650CE.NFO,07/01/2020,10:40:23,23,18.75,250,23.25,250,0,7750
SRF30Jan203650CE.NFO,07/01/2020,10:40:28,23,19.8,250,23.25,250,0,7750
SRF30Jan203650CE.NFO,07/01/2020,10:40:31,23,20.5,250,23.25,250,0,7750
SRF30Jan203650CE.NFO,07/01/2020,10:40:35,23,18.7,250,23.25,250,0,7750
SRF30Jan203650CE.NFO,07/01/2020,10:40:38,23,19.5,250,23.25,250,0,7750
SRF30Jan203650CE.NFO,07/01/2020,10:40:42,23,20.2,250,23.25,250,0,7750
SRF30Jan203650CE.NFO,07/01/2020,10:40:47,23,18.95,250,23.25,250,0,7750
SRF30Jan203650CE.NFO,07/01/2020,10:40:51,23,20.15,250,23.25,250,0,7750
SRF30Jan203650CE.NFO,07/01/2020,10:40:55,23,18.9,250,23.25,250,0,7750
SRF30Jan203650CE.NFO,07/01/2020,10:40:59,23,19.7,250,23.25,250,0,7750
SRF30Jan203650CE.NFO,07/01/2020,10:41:02,23,20.55,500,23.25,250,0,7750
SRF30Jan203650CE.NFO,07/01/2020,10:41:05,23,20.65,250,23.25,250,0,7750
SRF30Jan203650CE.NFO,07/01/2020,10:41:12,23,19.25,250,23.25,250,0,7750
SRF30Jan203650CE.NFO,07/01/2020,10:41:15,23,20.15,250,23.25,250,0,7750
SRF30Jan203650CE.NFO,07/01/2020,10:41:17,23,20.6,500,23.25,250,0,7750
SRF30Jan203650CE.NFO,07/01/2020,10:41:20,23,20.7,250,23.25,250,0,7750
SRF30Jan203650CE.NFO,07/01/2020,10:41:26,23,20.4,250,23.25,250,0,7750
SRF30Jan203650CE.NFO,07/01/2020,10:41:33,23,19.75,250,23.25,250,0,7750
SRF30Jan203650CE.NFO,07/01/2020,10:41:37,23,19.05,250,23.25,250,0,7750
SRF30Jan203650CE.NFO,07/01/2020,10:41:41,23,19.5,250,23.25,250,0,7750
SRF30Jan203650CE.NFO,07/01/2020,10:41:45,23,20.25,250,23.25,250,0,7750
SRF30Jan203650CE.NFO,07/01/2020,10:41:48,23,20.5,250,23.25,250,0,7750
SRF30Jan203650CE.NFO,07/01/2020,10:41:52,23,20.5,500,23.25,250,0,7750
SRF30Jan203650CE.NFO,07/01/2020,10:41:56,23,20.55,250,23.25,250,0,7750
SRF30Jan203650CE.NFO,07/01/2020,10:41:59,23,19.15,250,23.25,250,0,7750
SRF30Jan203650CE.NFO,07/01/2020,10:42:04,23,20.15,250,23.25,250,0,7750
SRF30Jan203650CE.NFO,07/01/2020,10:42:09,23,18.8,250,23.25,250,0,7750
SRF30Jan203650CE.NFO,07/01/2020,10:42:14,23,20,250,23.25,250,0,7750
SRF30Jan203650CE.NFO,07/01/2020,10:42:18,23,20.6,250,23.25,250,0,7750
SRF30Jan203650CE.NFO,07/01/2020,10:42:22,23,19.25,250,23.25,250,0,7750
SRF30Jan203650CE.NFO,07/01/2020,10:42:25,23,19.65,250,23.25,250,0,7750
SRF30Jan203650CE.NFO,07/01/2020,10:42:28,23,20.15,250,23.25,250,0,7750
SRF30Jan203650CE.NFO,07/01/2020,10:42:31,23,20.55,250,23.25,250,0,7750
SRF30Jan203650CE.NFO,07/01/2020,10:42:35,23,19.25,250,23.25,250,0,7750
SRF30Jan203650CE.NFO,07/01/2020,10:42:38,23,20,250,23.25,250,0,7750
SRF30Jan203650CE.NFO,07/01/2020,10:42:42,23,19.05,250,23.25,250,0,7750
SRF30Jan203650CE.NFO,07/01/2020,10:42:45,23,19.45,250,23.25,250,0,7750
SRF30Jan203650CE.NFO,07/01/2020,10:42:47,23,19.95,250,23.25,250,0,7750
SRF30Jan203650CE.NFO,07/01/2020,10:42:50,23,19.5,250,23.25,250,0,7750
SRF30Jan203650CE.NFO,07/01/2020,10:42:52,23,19.95,250,23.25,250,0,7750
SRF30Jan203650CE.NFO,07/01/2020,10:42:54,23,20.15,250,23.25,250,0,7750
SRF30Jan203650CE.NFO,07/01/2020,10:42:57,23,18.75,250,23.25,250,0,7750
SRF30Jan203650CE.NFO,07/01/2020,10:42:59,23,19.15,250,23.25,250,0,7750
SRF30Jan203650CE.NFO,07/01/2020,10:43:01,23,19.35,250,23.25,250,0,7750
SRF30Jan203650CE.NFO,07/01/2020,10:43:08,23,20.1,250,23.25,250,0,7750
SRF30Jan203650CE.NFO,07/01/2020,10:43:11,23,20.15,250,23.25,250,0,7750
SRF30Jan203650CE.NFO,07/01/2020,10:43:14,23,18.55,250,23.25,250,0,7750
SRF30Jan203650CE.NFO,07/01/2020,10:43:16,23,18.75,250,23.25,250,0,7750
SRF30Jan203650CE.NFO,07/01/2020,10:43:18,23,19.1,250,23.25,250,0,7750
SRF30Jan203650CE.NFO,07/01/2020,10:43:21,23,19.45,250,23.25,250,0,7750
SRF30Jan203650CE.NFO,07/01/2020,10:43:24,23,18.55,250,23.25,250,0,7750
SRF30Jan203650CE.NFO,07/01/2020,10:43:28,23,19.6,250,23.25,250,0,7750
SRF30Jan203650CE.NFO,07/01/2020,10:43:32,23,18.85,250,23.25,250,0,7750
SRF30Jan203650CE.NFO,07/01/2020,10:43:36,23,19.15,250,23.25,250,0,7750
SRF30Jan203650CE.NFO,07/01/2020,10:43:39,23,19.5,250,23.25,250,0,7750
SRF30Jan203650CE.NFO,07/01/2020,10:43:43,23,19.65,250,23.25,250,0,7750
SRF30Jan203650CE.NFO,07/01/2020,10:43:47,23,18.75,250,23.25,250,0,7750
SRF30Jan203650CE.NFO,07/01/2020,10:43:50,23,19.2,250,23.25,250,0,7750
SRF30Jan203650CE.NFO,07/01/2020,10:43:54,23,19.85,250,23.25,250,0,7750
SRF30Jan203650CE.NFO,07/01/2020,10:43:57,23,18.85,250,23.25,250,0,7750
SRF30Jan203650CE.NFO,07/01/2020,10:44:00,23,19.35,250,23.25,250,0,7750
SRF30Jan203650CE.NFO,07/01/2020,10:44:02,23,19.85,250,23.25,250,0,7750
SRF30Jan203650CE.NFO,07/01/2020,10:44:05,23,18.65,250,23.25,250,0,7750
SRF30Jan203650CE.NFO,07/01/2020,10:44:08,23,19.05,250,23.25,250,0,7750
SRF30Jan203650CE.NFO,07/01/2020,10:44:11,23,19.25,250,23.25,250,0,7750
SRF30Jan203650CE.NFO,07/01/2020,10:44:15,23,19.65,250,23.25,250,0,7750
SRF30Jan203650CE.NFO,07/01/2020,10:44:18,23,18.65,250,23.25,250,0,7750
SRF30Jan203650CE.NFO,07/01/2020,10:44:21,23,19.15,250,23.25,250,0,7750
SRF30Jan203650CE.NFO,07/01/2020,10:44:24,23,19.55,250,23.25,250,0,7750
SRF30Jan203650CE.NFO,07/01/2020,10:44:26,23,19.7,250,23.25,250,0,7750
SRF30Jan203650CE.NFO,07/01/2020,10:44:29,23,18.85,250,23.25,250,0,7750
SRF30Jan203650CE.NFO,07/01/2020,10:44:32,23,19.05,250,23.25,250,0,7750
SRF30Jan203650CE.NFO,07/01/2020,10:44:35,23,19.3,250,23.25,250,0,7750
SRF30Jan203650CE.NFO,07/01/2020,10:44:38,23,19.65,250,23.25,250,0,7750
SRF30Jan203650CE.NFO,07/01/2020,10:44:41,23,19.95,250,23.25,250,0,7750
SRF30Jan203650CE.NFO,07/01/2020,10:44:44,23,18.65,250,23.25,250,0,7750
SRF30Jan203650CE.NFO,07/01/2020,10:44:47,23,19.35,250,23.25,250,0,7750
SRF30Jan203650CE.NFO,07/01/2020,10:44:50,23,19.85,250,23.25,250,0,7750
SRF30Jan203650CE.NFO,07/01/2020,10:44:53,23,18.75,250,23.25,250,0,7750
SRF30Jan203650CE.NFO,07/01/2020,10:44:56,23,19.15,250,23.25,250,0,7750
SRF30Jan203650CE.NFO,07/01/2020,10:45:01,23,19.85,250,23.25,250,0,7750
SRF30Jan203650CE.NFO,07/01/2020,10:45:06,23,19,250,23.25,250,0,7750
SRF30Jan203650CE.NFO,07/01/2020,10:45:11,23,19.75,250,23.25,250,0,7750
SRF30Jan203650CE.NFO,07/01/2020,10:45:16,23,18.95,250,23.25,250,0,7750
SRF30Jan203650CE.NFO,07/01/2020,10:45:21,23,19.75,250,23.25,250,0,7750
SRF30Jan203650CE.NFO,07/01/2020,10:45:25,23,18.65,250,23.25,250,0,7750
SRF30Jan203650CE.NFO,07/01/2020,10:45:29,23,18.95,250,23.25,250,0,7750
SRF30Jan203650CE.NFO,07/01/2020,10:45:32,23,19.15,250,23.25,250,0,7750
SRF30Jan203650CE.NFO,07/01/2020,10:45:35,23,19.25,250,23.25,250,0,7750
SRF30Jan203650CE.NFO,07/01/2020,10:45:38,23,19.9,250,23.25,250,0,7750
SRF30Jan203650CE.NFO,07/01/2020,10:45:41,23,18.75,250,23.25,250,0,7750
SRF30Jan203650CE.NFO,07/01/2020,10:45:44,23,19.15,250,23.25,250,0,7750
SRF30Jan203650CE.NFO,07/01/2020,10:45:46,23,19.6,250,23.25,250,0,7750
SRF30Jan203650CE.NFO,07/01/2020,10:45:50,23,20.3,250,23.25,250,0,7750
SRF30Jan203650CE.NFO,07/01/2020,10:45:54,23,18.95,250,23.25,250,0,7750
SRF30Jan203650CE.NFO,07/01/2020,10:45:58,23,19.65,250,23.25,250,0,7750
SRF30Jan203650CE.NFO,07/01/2020,10:46:02,23,20.15,250,23.25,250,0,7750
SRF30Jan203650CE.NFO,07/01/2020,10:46:05,23,19,250,23.25,250,0,7750
SRF30Jan203650CE.NFO,07/01/2020,10:46:09,23,19.6,250,23.25,250,0,7750
SRF30Jan203650CE.NFO,07/01/2020,10:46:11,23,20.1,250,23.25,250,0,7750
SRF30Jan203650CE.NFO,07/01/2020,10:46:15,23,19.45,250,23.25,250,0,7750
SRF30Jan203650CE.NFO,07/01/2020,10:46:19,23,20.2,250,23.25,250,0,7750
SRF30Jan203650CE.NFO,07/01/2020,10:46:22,23,19,250,23.25,250,0,7750
SRF30Jan203650CE.NFO,07/01/2020,10:46:26,23,19.3,250,23.25,250,0,7750
SRF30Jan203650CE.NFO,07/01/2020,10:46:29,23,19.65,250,23.25,250,0,7750
SRF30Jan203650CE.NFO,07/01/2020,10:46:33,23,20,250,23.25,250,0,7750
SRF30Jan203650CE.NFO,07/01/2020,10:46:36,23,20.35,250,23.25,250,0,7750
SRF30Jan203650CE.NFO,07/01/2020,10:46:39,23,18.95,250,23.25,250,0,7750
SRF30Jan203650CE.NFO,07/01/2020,10:46:43,23,19.5,250,23.25,250,0,7750
SRF30Jan203650CE.NFO,07/01/2020,10:46:45,23,20,250,23.25,250,0,7750
SRF30Jan203650CE.NFO,07/01/2020,10:46:48,23,18.7,250,23.25,250,0,7750
SRF30Jan203650CE.NFO,07/01/2020,10:46:51,23,18.9,250,23.25,250,0,7750
SRF30Jan203650CE.NFO,07/01/2020,10:46:53,23,19.3,250,23.25,500,0,7750
SRF30Jan203650CE.NFO,07/01/2020,10:46:57,23,20.15,250,23.25,250,0,7750
SRF30Jan203650CE.NFO,07/01/2020,10:47:00,23,19.2,250,23.25,250,0,7750
SRF30Jan203650CE.NFO,07/01/2020,10:47:03,23,20.2,250,23.25,250,0,7750
SRF30Jan203650CE.NFO,07/01/2020,10:47:07,23,18.75,250,23.25,250,0,7750
SRF30Jan203650CE.NFO,07/01/2020,10:47:10,23,19.35,250,23.25,250,0,7750
SRF30Jan203650CE.NFO,07/01/2020,10:47:12,23,19.75,250,23.25,250,0,7750
SRF30Jan203650CE.NFO,07/01/2020,10:47:16,23,20.2,250,23.25,250,0,7750
SRF30Jan203650CE.NFO,07/01/2020,10:47:21,23,19.7,250,23.25,250,0,7750
SRF30Jan203650CE.NFO,07/01/2020,10:47:26,23,19.85,250,23.25,250,0,7750
SRF30Jan203650CE.NFO,07/01/2020,10:47:29,23,19.4,250,23.25,250,0,7750
SRF30Jan203650CE.NFO,07/01/2020,10:47:33,23,18.85,250,23.25,250,0,7750
SRF30Jan203650CE.NFO,07/01/2020,10:47:37,23,19.75,250,23.25,250,0,7750
SRF30Jan203650CE.NFO,07/01/2020,10:47:41,23,20.05,250,23.25,250,0,7750
SRF30Jan203650CE.NFO,07/01/2020,10:47:45,23,19.15,250,23.25,250,0,7750
SRF30Jan203650CE.NFO,07/01/2020,10:47:49,23,19.55,250,23.25,250,0,7750
SRF30Jan203650CE.NFO,07/01/2020,10:47:52,23,19.95,250,23.25,250,0,7750
SRF30Jan203650CE.NFO,07/01/2020,10:47:56,23,19.25,250,23.25,250,0,7750
SRF30Jan203650CE.NFO,07/01/2020,10:47:59,23,19.5,250,23.25,250,0,7750
SRF30Jan203650CE.NFO,07/01/2020,10:48:03,23,20.2,250,23.25,250,0,7750
SRF30Jan203650CE.NFO,07/01/2020,10:48:08,23,18.65,250,23.25,250,0,7750
SRF30Jan203650CE.NFO,07/01/2020,10:48:12,23,19.45,250,23.25,250,0,7750
SRF30Jan203650CE.NFO,07/01/2020,10:48:16,23,20,250,23.25,250,0,7750
SRF30Jan203650CE.NFO,07/01/2020,10:48:20,23,18.1,250,23.25,250,0,7750
SRF30Jan203650CE.NFO,07/01/2020,10:48:23,23,18.4,250,23.25,250,0,7750
SRF30Jan203650CE.NFO,07/01/2020,10:48:26,23,18.95,250,23.25,250,0,7750
SRF30Jan203650CE.NFO,07/01/2020,10:48:29,23,19.6,250,23.25,250,0,7750
SRF30Jan203650CE.NFO,07/01/2020,10:48:32,23,19.85,250,23.25,250,0,7750
SRF30Jan203650CE.NFO,07/01/2020,10:48:38,23,18.55,250,23.25,250,0,7750
SRF30Jan203650CE.NFO,07/01/2020,10:48:43,23,19.1,250,23.25,250,0,7750
SRF30Jan203650CE.NFO,07/01/2020,10:48:47,23,19.55,250,23.25,250,0,7750
SRF30Jan203650CE.NFO,07/01/2020,10:48:50,23,19.85,250,23.25,250,0,7750
SRF30Jan203650CE.NFO,07/01/2020,10:48:54,23,18.15,250,23.25,250,0,7750
SRF30Jan203650CE.NFO,07/01/2020,10:48:58,23,18.65,250,23.25,250,0,7750
SRF30Jan203650CE.NFO,07/01/2020,10:49:02,23,19.15,250,23.25,250,0,7750
SRF30Jan203650CE.NFO,07/01/2020,10:49:06,23,19.6,250,23.25,250,0,7750
SRF30Jan203650CE.NFO,07/01/2020,10:49:09,23,19.8,250,23.25,250,0,7750
SRF30Jan203650CE.NFO,07/01/2020,10:49:12,23,17.8,250,23.25,250,0,7750
SRF30Jan203650CE.NFO,07/01/2020,10:49:16,23,18.6,250,23.25,250,0,7750
SRF30Jan203650CE.NFO,07/01/2020,10:49:19,23,19.3,250,23.25,250,0,7750
SRF30Jan203650CE.NFO,07/01/2020,10:49:22,23,19.5,250,23.25,250,0,7750
SRF30Jan203650CE.NFO,07/01/2020,10:49:25,23,19.7,250,23.25,250,0,7750
SRF30Jan203650CE.NFO,07/01/2020,10:49:29,23,17.8,250,23.25,250,0,7750
SRF30Jan203650CE.NFO,07/01/2020,10:49:32,23,18.2,250,23.25,250,0,7750
SRF30Jan203650CE.NFO,07/01/2020,10:49:35,23,18.5,250,23.25,250,0,7750
SRF30Jan203650CE.NFO,07/01/2020,10:49:37,23,18.85,250,23.25,250,0,7750
SRF30Jan203650CE.NFO,07/01/2020,10:49:40,23,19.1,250,23.25,250,0,7750
SRF30Jan203650CE.NFO,07/01/2020,10:49:44,23,19.45,250,23.25,250,0,7750
SRF30Jan203650CE.NFO,07/01/2020,10:49:48,23,19.8,250,23.25,250,0,7750
SRF30Jan203650CE.NFO,07/01/2020,10:49:51,23,18.1,250,23.25,250,0,7750
SRF30Jan203650CE.NFO,07/01/2020,10:49:55,23,18.65,250,23.25,250,0,7750
SRF30Jan203650CE.NFO,07/01/2020,10:50:00,23,19.7,250,23.25,250,0,7750
SRF30Jan203650CE.NFO,07/01/2020,10:50:06,23,18.3,250,23.25,250,0,7750
SRF30Jan203650CE.NFO,07/01/2020,10:50:11,23,18.7,250,23.25,250,0,7750
SRF30Jan203650CE.NFO,07/01/2020,10:50:17,23,19.1,250,23.25,250,0,7750
SRF30Jan203650CE.NFO,07/01/2020,10:50:22,23,17.9,250,23.25,250,0,7750
SRF30Jan203650CE.NFO,07/01/2020,10:50:27,23,18.5,250,23.25,250,0,7750
SRF30Jan203650CE.NFO,07/01/2020,10:50:33,23,19.2,250,23.25,250,0,7750
SRF30Jan203650CE.NFO,07/01/2020,10:50:38,23,18,250,23.25,250,0,7750
SRF30Jan203650CE.NFO,07/01/2020,10:50:44,23,18.85,250,23.25,250,0,7750
SRF30Jan203650CE.NFO,07/01/2020,10:50:48,23,19.6,250,23.25,250,0,7750
SRF30Jan203650CE.NFO,07/01/2020,10:50:52,23,18.2,250,23.25,250,0,7750
SRF30Jan203650CE.NFO,07/01/2020,10:50:56,23,18.8,250,23.25,250,0,7750
SRF30Jan203650CE.NFO,07/01/2020,10:51:01,23,19.05,250,23.25,250,0,7750
SRF30Jan203650CE.NFO,07/01/2020,10:51:04,23,17.85,250,23.25,250,0,7750
SRF30Jan203650CE.NFO,07/01/2020,10:51:08,23,18.4,250,23.25,250,0,7750
SRF30Jan203650CE.NFO,07/01/2020,10:51:12,23,18.6,250,23.25,250,0,7750
SRF30Jan203650CE.NFO,07/01/2020,10:51:17,23,18.85,250,23.25,250,0,7750
SRF30Jan203650CE.NFO,07/01/2020,10:51:20,23,19.3,250,23.25,250,0,7750
SRF30Jan203650CE.NFO,07/01/2020,10:51:24,23,19.6,250,23.25,250,0,7750
SRF30Jan203650CE.NFO,07/01/2020,10:51:29,23,18.3,250,23.25,250,0,7750
SRF30Jan203650CE.NFO,07/01/2020,10:51:33,23,18.9,250,23.25,250,0,7750
SRF30Jan203650CE.NFO,07/01/2020,10:51:36,23,19.3,250,23.25,250,0,7750
SRF30Jan203650CE.NFO,07/01/2020,10:51:40,23,19.75,250,23.25,250,0,7750
SRF30Jan203650CE.NFO,07/01/2020,10:51:44,23,18.9,250,23.25,250,0,7750
SRF30Jan203650CE.NFO,07/01/2020,10:51:49,23,19.7,250,23.25,250,0,7750
SRF30Jan203650CE.NFO,07/01/2020,10:51:53,23,18.35,250,23.25,250,0,7750
SRF30Jan203650CE.NFO,07/01/2020,10:51:57,23,19.05,250,23.25,250,0,7750
SRF30Jan203650CE.NFO,07/01/2020,10:52:01,23,19.15,250,23.25,250,0,7750
SRF30Jan203650CE.NFO,07/01/2020,10:52:05,23,19.35,250,23.25,250,0,7750
SRF30Jan203650CE.NFO,07/01/2020,10:52:14,23,17.95,250,23.25,250,0,7750
SRF30Jan203650CE.NFO,07/01/2020,10:52:19,23,18.45,250,23.25,250,0,7750
SRF30Jan203650CE.NFO,07/01/2020,10:52:24,23,19.15,250,23.25,250,0,7750
SRF30Jan203650CE.NFO,07/01/2020,10:52:28,23,19.8,250,23.25,250,0,7750
SRF30Jan203650CE.NFO,07/01/2020,10:52:33,23,18.15,250,23.25,250,0,7750
SRF30Jan203650CE.NFO,07/01/2020,10:52:36,23,18.75,250,23.25,250,0,7750
SRF30Jan203650CE.NFO,07/01/2020,10:52:40,23,19.15,250,23.25,250,0,7750
SRF30Jan203650CE.NFO,07/01/2020,10:52:45,23,17.85,250,23.25,250,0,7750
SRF30Jan203650CE.NFO,07/01/2020,10:52:48,23,18.45,250,23.25,250,0,7750
SRF30Jan203650CE.NFO,07/01/2020,10:52:53,23,19.3,250,23.25,250,0,7750
SRF30Jan203650CE.NFO,07/01/2020,10:52:58,23,18.35,250,23.25,250,0,7750
SRF30Jan203650CE.NFO,07/01/2020,10:53:04,23,18.2,250,23.25,250,0,7750
SRF30Jan203650CE.NFO,07/01/2020,10:53:10,23,18.4,250,23.25,250,0,7750
SRF30Jan203650CE.NFO,07/01/2020,10:53:17,23,19.6,250,23.25,250,0,7750
SRF30Jan203650CE.NFO,07/01/2020,10:53:24,23,18.25,250,23.25,250,0,7750
SRF30Jan203650CE.NFO,07/01/2020,10:53:29,23,18.8,250,23.25,250,0,7750
SRF30Jan203650CE.NFO,07/01/2020,10:53:40,23,19,250,23.25,250,0,7750
SRF30Jan203650CE.NFO,07/01/2020,10:53:46,23,19.5,250,23.25,250,0,7750
SRF30Jan203650CE.NFO,07/01/2020,10:53:52,23,18.7,250,23.25,250,0,7750
SRF30Jan203650CE.NFO,07/01/2020,10:53:59,23,19.3,250,23.25,250,0,7750
SRF30Jan203650CE.NFO,07/01/2020,10:54:05,23,18.25,250,23.25,250,0,7750
SRF30Jan203650CE.NFO,07/01/2020,10:54:11,23,17.45,250,23.05,500,0,7750
SRF30Jan203650CE.NFO,07/01/2020,10:54:16,23,18.05,250,23.05,500,0,7750
SRF30Jan203650CE.NFO,07/01/2020,10:54:22,23,18.85,250,23.05,500,0,7750
SRF30Jan203650CE.NFO,07/01/2020,10:54:28,23,17.7,250,23.05,500,0,7750
SRF30Jan203650CE.NFO,07/01/2020,10:54:32,23,17.9,250,23.05,500,0,7750
SRF30Jan203650CE.NFO,07/01/2020,10:54:37,23,18.2,250,23.05,500,0,7750
SRF30Jan203650CE.NFO,07/01/2020,10:54:41,23,18.65,250,23.05,500,0,7750
SRF30Jan203650CE.NFO,07/01/2020,10:54:46,23,18.9,250,23.05,500,0,7750
SRF30Jan203650CE.NFO,07/01/2020,10:54:51,23,19.1,250,23.05,500,0,7750
SRF30Jan203650CE.NFO,07/01/2020,10:54:56,23,19.2,250,23.05,500,0,7750
SRF30Jan203650CE.NFO,07/01/2020,10:55:00,23,17.6,250,23.05,500,0,7750
SRF30Jan203650CE.NFO,07/01/2020,10:55:04,23,18.5,250,23.05,500,0,7750
SRF30Jan203650CE.NFO,07/01/2020,10:55:09,23,19.2,250,23.05,500,0,7750
SRF30Jan203650CE.NFO,07/01/2020,10:55:13,23,17.7,250,23.05,500,0,7750
SRF30Jan203650CE.NFO,07/01/2020,10:55:18,23,18.2,250,23.05,500,0,7750
SRF30Jan203650CE.NFO,07/01/2020,10:55:22,23,18.5,250,23.05,500,0,7750
SRF30Jan203650CE.NFO,07/01/2020,10:55:26,23,17.3,250,22.8,250,0,7750
SRF30Jan203650CE.NFO,07/01/2020,10:55:32,23,18.1,250,22.8,250,0,7750
SRF30Jan203650CE.NFO,07/01/2020,10:55:38,23,18.7,250,22.8,250,0,7750
SRF30Jan203650CE.NFO,07/01/2020,10:55:42,23,17.15,250,22.8,250,0,7750
SRF30Jan203650CE.NFO,07/01/2020,10:55:47,23,17.45,250,22.8,250,0,7750
SRF30Jan203650CE.NFO,07/01/2020,10:55:51,23,18.05,250,22.8,500,0,7750
SRF30Jan203650CE.NFO,07/01/2020,10:55:56,23,18.85,250,22.8,500,0,7750
SRF30Jan203650CE.NFO,07/01/2020,10:56:00,23,17.25,250,22.8,500,0,7750
SRF30Jan203650CE.NFO,07/01/2020,10:56:05,23,17.65,250,22.8,500,0,7750
SRF30Jan203650CE.NFO,07/01/2020,10:56:11,23,18.15,250,22.8,500,0,7750
SRF30Jan203650CE.NFO,07/01/2020,10:56:17,23,18.45,250,22.8,500,0,7750
SRF30Jan203650CE.NFO,07/01/2020,10:56:21,23,17.05,250,22.8,500,0,7750
SRF30Jan203650CE.NFO,07/01/2020,10:56:26,23,17.65,250,22.8,500,0,7750
SRF30Jan203650CE.NFO,07/01/2020,10:56:30,23,18.25,250,22.8,500,0,7750
SRF30Jan203650CE.NFO,07/01/2020,10:56:35,23,18.55,250,22.8,500,0,7750
SRF30Jan203650CE.NFO,07/01/2020,10:56:40,23,19.05,250,22.8,500,0,7750
SRF30Jan203650CE.NFO,07/01/2020,10:56:45,23,17.1,250,22.8,500,0,7750
SRF30Jan203650CE.NFO,07/01/2020,10:56:50,23,17.6,250,22.7,250,0,7750
SRF30Jan203650CE.NFO,07/01/2020,10:56:54,23,18.5,250,22.7,250,0,7750
SRF30Jan203650CE.NFO,07/01/2020,10:56:59,23,17.15,250,22.7,250,0,7750
SRF30Jan203650CE.NFO,07/01/2020,10:57:03,23,17.6,250,22.7,250,0,7750
SRF30Jan203650CE.NFO,07/01/2020,10:57:07,23,18.3,250,22.7,500,0,7750
SRF30Jan203650CE.NFO,07/01/2020,10:57:13,23,16.95,250,22.7,500,0,7750
SRF30Jan203650CE.NFO,07/01/2020,10:57:19,23,17.5,250,22.6,250,0,7750
SRF30Jan203650CE.NFO,07/01/2020,10:57:26,23,18.55,250,22.6,250,0,7750
SRF30Jan203650CE.NFO,07/01/2020,10:57:33,23,18.05,250,22.4,250,0,7750
SRF30Jan203650CE.NFO,07/01/2020,10:57:39,23,16.45,250,22.4,250,0,7750
SRF30Jan203650CE.NFO,07/01/2020,10:57:45,23,17.7,250,22.3,250,0,7750
SRF30Jan203650CE.NFO,07/01/2020,10:57:51,23,17.35,250,22.3,250,0,7750
SRF30Jan203650CE.NFO,07/01/2020,10:57:55,23,17.95,250,22.3,250,0,7750
SRF30Jan203650CE.NFO,07/01/2020,10:57:59,23,18.6,250,22.3,250,0,7750
SRF30Jan203650CE.NFO,07/01/2020,10:58:04,23,17.35,250,22.3,250,0,7750
SRF30Jan203650CE.NFO,07/01/2020,10:58:10,23,17.95,250,22.3,250,0,7750
SRF30Jan203650CE.NFO,07/01/2020,10:58:14,23,18.55,250,22.3,250,0,7750
SRF30Jan203650CE.NFO,07/01/2020,10:58:20,23,17.55,250,22.3,250,0,7750
SRF30Jan203650CE.NFO,07/01/2020,10:58:25,23,18.35,250,22.3,250,0,7750
SRF30Jan203650CE.NFO,07/01/2020,10:58:31,23,17.2,250,22.3,250,0,7750
SRF30Jan203650CE.NFO,07/01/2020,10:58:36,23,18.4,250,22.3,250,0,7750
SRF30Jan203650CE.NFO,07/01/2020,10:58:42,23,18.95,250,22.3,250,0,7750
SRF30Jan203650CE.NFO,07/01/2020,10:58:47,23,18.3,250,22.3,250,0,7750
SRF30Jan203650CE.NFO,07/01/2020,10:58:53,23,17.25,250,22.3,250,0,7750
SRF30Jan203650CE.NFO,07/01/2020,10:58:59,23,18.2,250,22.3,250,0,7750
SRF30Jan203650CE.NFO,07/01/2020,10:59:04,23,16.95,250,22.3,250,0,7750
SRF30Jan203650CE.NFO,07/01/2020,10:59:10,23,17.85,250,22.3,250,0,7750
SRF30Jan203650CE.NFO,07/01/2020,10:59:15,23,18.6,250,22.3,250,0,7750
SRF30Jan203650CE.NFO,07/01/2020,10:59:20,23,18.9,250,22.3,250,0,7750
SRF30Jan203650CE.NFO,07/01/2020,10:59:25,23,17.65,250,22.3,250,0,7750
SRF30Jan203650CE.NFO,07/01/2020,10:59:30,23,18,250,22.3,250,0,7750
SRF30Jan203650CE.NFO,07/01/2020,10:59:36,23,18.55,250,22.3,250,0,7750
SRF30Jan203650CE.NFO,07/01/2020,10:59:42,23,17.55,250,22.95,250,0,7750
SRF30Jan203650CE.NFO,07/01/2020,10:59:47,23,18.6,250,22.95,250,0,7750
SRF30Jan203650CE.NFO,07/01/2020,10:59:52,23,17.9,250,22.95,250,0,7750
SRF30Jan203650CE.NFO,07/01/2020,10:59:57,23,18.7,250,22.95,250,0,7750
SRF30Jan203650CE.NFO,07/01/2020,11:00:03,23,17.9,250,22.95,250,0,7750
SRF30Jan203650CE.NFO,07/01/2020,11:00:09,23,18.9,250,22.95,250,0,7750
SRF30Jan203650CE.NFO,07/01/2020,11:00:16,23,17.5,250,22.95,250,0,7750
SRF30Jan203650CE.NFO,07/01/2020,11:00:23,23,18.1,250,22.95,250,0,7750
SRF30Jan203650CE.NFO,07/01/2020,11:00:29,23,16.95,250,22.95,250,0,7750
SRF30Jan203650CE.NFO,07/01/2020,11:00:37,23,17.85,250,22.95,250,0,7750
SRF30Jan203650CE.NFO,07/01/2020,11:00:44,23,18.35,250,22.95,250,0,7750
SRF30Jan203650CE.NFO,07/01/2020,11:00:50,23,18.25,250,22.65,250,0,7750
SRF30Jan203650CE.NFO,07/01/2020,11:00:57,23,18.05,250,22.65,250,0,7750
SRF30Jan203650CE.NFO,07/01/2020,11:01:05,23,17.15,250,22.65,250,0,7750
SRF30Jan203650CE.NFO,07/01/2020,11:01:13,23,17.65,250,22.65,250,0,7750
SRF30Jan203650CE.NFO,07/01/2020,11:01:20,23,17.35,250,22.65,250,0,7750
SRF30Jan203650CE.NFO,07/01/2020,11:01:27,23,16.8,250,22.65,250,0,7750
SRF30Jan203650CE.NFO,07/01/2020,11:01:34,23,18,250,22.65,250,0,7750
SRF30Jan203650CE.NFO,07/01/2020,11:01:42,23,17.9,250,22,250,0,7750
SRF30Jan203650CE.NFO,07/01/2020,11:01:51,23,17.3,250,22,250,0,7750
SRF30Jan203650CE.NFO,07/01/2020,11:01:58,23,18.1,250,22,250,0,7750
SRF30Jan203650CE.NFO,07/01/2020,11:02:05,23,16.85,250,22,250,0,7750
SRF30Jan203650CE.NFO,07/01/2020,11:02:12,23,18.15,250,22,250,0,7750
SRF30Jan203650CE.NFO,07/01/2020,11:02:19,23,16.45,250,22,250,0,7750
SRF30Jan203650CE.NFO,07/01/2020,11:02:25,23,16.75,250,22,250,0,7750
SRF30Jan203650CE.NFO,07/01/2020,11:02:32,23,17.25,250,22,250,0,7750
SRF30Jan203650CE.NFO,07/01/2020,11:02:39,23,17.95,250,22,250,0,7750
SRF30Jan203650CE.NFO,07/01/2020,11:02:45,23,16.45,250,22,250,0,7750
SRF30Jan203650CE.NFO,07/01/2020,11:02:51,23,17.9,250,22,250,0,7750
SRF30Jan203650CE.NFO,07/01/2020,11:02:59,23,15.9,250,22,250,0,7750
SRF30Jan203650CE.NFO,07/01/2020,11:03:05,23,17.6,250,22,250,0,7750
SRF30Jan203650CE.NFO,07/01/2020,11:03:12,23,16.35,250,22,250,0,7750
SRF30Jan203650CE.NFO,07/01/2020,11:03:18,23,16.25,250,22,250,0,7750
SRF30Jan203650CE.NFO,07/01/2020,11:03:24,23,15.8,250,22,250,0,7750
SRF30Jan203650CE.NFO,07/01/2020,11:03:30,23,18,250,22,250,0,7750
SRF30Jan203650CE.NFO,07/01/2020,11:03:36,23,16.45,250,22,250,0,7750
SRF30Jan203650CE.NFO,07/01/2020,11:03:43,23,17.65,250,22,250,0,7750
SRF30Jan203650CE.NFO,07/01/2020,11:03:51,23,16.75,250,22,250,0,7750
SRF30Jan203650CE.NFO,07/01/2020,11:03:57,23,17.45,250,22,250,0,7750
SRF30Jan203650CE.NFO,07/01/2020,11:04:04,23,18.05,250,22,250,0,7750
SRF30Jan203650CE.NFO,07/01/2020,11:04:11,23,16.45,250,23.85,250,0,7750
SRF30Jan203650CE.NFO,07/01/2020,11:04:17,23,17.35,250,23.85,250,0,7750
SRF30Jan203650CE.NFO,07/01/2020,11:04:23,23,16.15,250,23.85,250,0,7750
SRF30Jan203650CE.NFO,07/01/2020,11:04:30,23,17.7,250,23.85,250,0,7750
SRF30Jan203650CE.NFO,07/01/2020,11:04:36,23,18.55,250,23.85,250,0,7750
SRF30Jan203650CE.NFO,07/01/2020,11:04:43,23,16.7,250,22,250,0,7750
SRF30Jan203650CE.NFO,07/01/2020,11:04:51,23,17.1,250,22,250,0,7750
SRF30Jan203650CE.NFO,07/01/2020,11:04:58,23,18.55,250,22,250,0,7750
SRF30Jan203650CE.NFO,07/01/2020,11:05:04,23,17.5,250,21.5,250,0,7750
SRF30Jan203650CE.NFO,07/01/2020,11:05:11,23,16.4,250,21.5,250,0,7750
SRF30Jan203650CE.NFO,07/01/2020,11:05:18,23,17.2,250,21.5,250,0,7750
SRF30Jan203650CE.NFO,07/01/2020,11:05:25,23,18.15,250,21.5,250,0,7750
SRF30Jan203650CE.NFO,07/01/2020,11:05:31,23,16.45,250,21.5,250,0,7750
SRF30Jan203650CE.NFO,07/01/2020,11:05:37,23,16.95,250,22.45,250,0,7750
SRF30Jan203650CE.NFO,07/01/2020,11:05:44,23,17.75,250,22.45,250,0,7750
SRF30Jan203650CE.NFO,07/01/2020,11:05:50,23,16.55,250,22.45,250,0,7750
SRF30Jan203650CE.NFO,07/01/2020,11:05:58,23,17.3,250,22.45,250,0,7750
SRF30Jan203650CE.NFO,07/01/2020,11:06:04,23,18.05,250,22.45,250,0,7750
SRF30Jan203650CE.NFO,07/01/2020,11:06:11,23,16.95,250,22.45,250,0,7750
SRF30Jan203650CE.NFO,07/01/2020,11:06:17,23,18,250,22.45,250,0,7750
SRF30Jan203650CE.NFO,07/01/2020,11:06:24,23,18.85,250,22.45,250,0,7750
SRF30Jan203650CE.NFO,07/01/2020,11:06:30,23,17.45,250,22.5,250,0,7750
SRF30Jan203650CE.NFO,07/01/2020,11:06:36,23,18.05,250,22.5,250,0,7750
SRF30Jan203650CE.NFO,07/01/2020,11:06:41,23,18.35,250,22.5,250,0,7750
SRF30Jan203650CE.NFO,07/01/2020,11:06:46,23,16.9,250,22.5,250,0,7750
SRF30Jan203650CE.NFO,07/01/2020,11:06:57,23,17.5,250,22.5,250,0,7750
SRF30Jan203650CE.NFO,07/01/2020,11:07:02,23,18,250,22.5,250,0,7750
SRF30Jan203650CE.NFO,07/01/2020,11:07:08,23,18.3,250,22.5,250,0,7750
SRF30Jan203650CE.NFO,07/01/2020,11:07:13,23,18.5,250,22.5,250,0,7750
SRF30Jan203650CE.NFO,07/01/2020,11:07:18,23,18.7,250,22.5,250,0,7750
SRF30Jan203650CE.NFO,07/01/2020,11:07:24,23,17.3,250,22.45,250,0,7750
SRF30Jan203650CE.NFO,07/01/2020,11:07:29,23,17.7,250,22.45,250,0,7750
SRF30Jan203650CE.NFO,07/01/2020,11:07:34,23,18,250,22.45,250,0,7750
SRF30Jan203650CE.NFO,07/01/2020,11:07:39,23,18.7,250,22.45,250,0,7750
SRF30Jan203650CE.NFO,07/01/2020,11:07:45,23,18.95,250,22.45,250,0,7750
SRF30Jan203650CE.NFO,07/01/2020,11:07:50,23,17.25,250,22.45,250,0,7750
SRF30Jan203650CE.NFO,07/01/2020,11:07:54,23,18.1,250,22.45,250,0,7750
SRF30Jan203650CE.NFO,07/01/2020,11:07:59,23,18.8,250,22.45,250,0,7750
SRF30Jan203650CE.NFO,07/01/2020,11:08:04,23,19.3,250,22.45,250,0,7750
SRF30Jan203650CE.NFO,07/01/2020,11:08:09,23,17.2,250,22.45,250,0,7750
SRF30Jan203650CE.NFO,07/01/2020,11:08:14,23,17.75,250,22.45,250,0,7750
SRF30Jan203650CE.NFO,07/01/2020,11:08:19,23,18.65,250,22.45,250,0,7750
SRF30Jan203650CE.NFO,07/01/2020,11:08:23,23,17.05,250,22.45,250,0,7750
SRF30Jan203650CE.NFO,07/01/2020,11:08:29,23,17.95,250,22.45,250,0,7750
SRF30Jan203650CE.NFO,07/01/2020,11:08:34,23,18.05,250,22.45,250,0,7750
SRF30Jan203650CE.NFO,07/01/2020,11:08:39,23,16.85,250,22.45,250,0,7750
SRF30Jan203650CE.NFO,07/01/2020,11:08:44,23,17.85,250,22.45,250,0,7750
SRF30Jan203650CE.NFO,07/01/2020,11:08:49,23,18.35,250,22.45,250,0,7750
SRF30Jan203650CE.NFO,07/01/2020,11:08:53,23,17.1,250,24.6,250,0,7750
SRF30Jan203650CE.NFO,07/01/2020,11:08:57,23,17.6,250,24.6,250,0,7750
SRF30Jan203650CE.NFO,07/01/2020,11:09:02,23,18.75,250,24.6,250,0,7750
SRF30Jan203650CE.NFO,07/01/2020,11:09:06,23,17.75,250,24.6,250,0,7750
SRF30Jan203650CE.NFO,07/01/2020,11:09:11,23,18.6,250,24.6,250,0,7750
SRF30Jan203650CE.NFO,07/01/2020,11:09:16,23,17.25,250,24.6,250,0,7750
SRF30Jan203650CE.NFO,07/01/2020,11:09:21,23,18.05,250,24.6,250,0,7750
SRF30Jan203650CE.NFO,07/01/2020,11:09:27,23,16.8,250,24.6,250,0,7750
SRF30Jan203650CE.NFO,07/01/2020,11:09:32,23,17.95,250,24.6,250,0,7750
SRF30Jan203650CE.NFO,07/01/2020,11:09:37,23,17.65,250,24.6,250,0,7750
SRF30Jan203650CE.NFO,07/01/2020,11:09:43,23,17.25,250,24.6,250,0,7750
SRF30Jan203650CE.NFO,07/01/2020,11:09:47,23,18.2,250,24.6,500,0,7750
SRF30Jan203650CE.NFO,07/01/2020,11:09:51,23,18.8,250,24.6,500,0,7750
SRF30Jan203650CE.NFO,07/01/2020,11:09:55,23,16.85,250,24.6,500,0,7750
SRF30Jan203650CE.NFO,07/01/2020,11:09:59,23,17.35,250,24.6,500,0,7750
SRF30Jan203650CE.NFO,07/01/2020,11:10:03,23,17.95,250,24.6,500,0,7750
SRF30Jan203650CE.NFO,07/01/2020,11:10:09,23,18.15,250,24.6,500,0,7750
SRF30Jan203650CE.NFO,07/01/2020,11:10:13,23,18.35,250,24.6,500,0,7750
SRF30Jan203650CE.NFO,07/01/2020,11:10:18,23,18.75,250,24.6,500,0,7750
SRF30Jan203650CE.NFO,07/01/2020,11:10:23,23,16.85,250,24.6,500,0,7750
SRF30Jan203650CE.NFO,07/01/2020,11:10:28,23,17.6,250,24.6,500,0,7750
SRF30Jan203650CE.NFO,07/01/2020,11:10:31,23,18.1,250,24.6,500,0,7750
SRF30Jan203650CE.NFO,07/01/2020,11:10:35,23,18.65,250,24.6,500,0,7750
SRF30Jan203650CE.NFO,07/01/2020,11:10:38,23,19.1,250,24.6,500,0,7750
SRF30Jan203650CE.NFO,07/01/2020,11:10:42,23,17.1,250,24.6,500,0,7750
SRF30Jan203650CE.NFO,07/01/2020,11:10:45,23,17.55,250,24.6,500,0,7750
SRF30Jan203650CE.NFO,07/01/2020,11:10:49,23,17.9,250,24.6,250,0,7750
SRF30Jan203650CE.NFO,07/01/2020,11:10:52,23,18.25,250,24.6,250,0,7750
SRF30Jan203650CE.NFO,07/01/2020,11:10:56,23,18.75,250,24.6,250,0,7750
SRF30Jan203650CE.NFO,07/01/2020,11:10:59,23,17.25,250,24.6,250,0,7750
SRF30Jan203650CE.NFO,07/01/2020,11:11:03,23,17.6,250,24.6,250,0,7750
SRF30Jan203650CE.NFO,07/01/2020,11:11:08,23,18.15,250,24.6,250,0,7750
SRF30Jan203650CE.NFO,07/01/2020,11:11:13,23,18.45,250,24.6,250,0,7750
SRF30Jan203650CE.NFO,07/01/2020,11:11:20,23,16.9,250,24.6,250,0,7750
SRF30Jan203650CE.NFO,07/01/2020,11:11:27,23,16.05,250,23.65,250,0,7750
SRF30Jan203650CE.NFO,07/01/2020,11:11:36,23,17.45,250,23.65,250,0,7750
SRF30Jan203650CE.NFO,07/01/2020,11:11:43,23,16.1,250,23.65,250,0,7750
SRF30Jan203650CE.NFO,07/01/2020,11:11:50,23,17.25,250,23.65,250,0,7750
SRF30Jan203650CE.NFO,07/01/2020,11:11:56,23,18.4,250,23.55,250,0,7750
SRF30Jan203650CE.NFO,07/01/2020,11:12:04,23,17.2,250,23.55,250,0,7750
SRF30Jan203650CE.NFO,07/01/2020,11:12:12,23,16.8,250,23.35,250,0,7750
SRF30Jan203650CE.NFO,07/01/2020,11:12:19,23,17.5,250,23.35,250,0,7750
SRF30Jan203650CE.NFO,07/01/2020,11:12:25,23,18.3,250,23.35,250,0,7750
SRF30Jan203650CE.NFO,07/01/2020,11:12:30,23,18.75,250,23.35,250,0,7750
SRF30Jan203650CE.NFO,07/01/2020,11:12:36,23,16.25,250,23.35,250,0,7750
SRF30Jan203650CE.NFO,07/01/2020,11:12:42,23,17.25,250,23.35,250,0,7750
SRF30Jan203650CE.NFO,07/01/2020,11:12:48,23,18.05,250,23.35,250,0,7750
SRF30Jan203650CE.NFO,07/01/2020,11:12:53,23,16.5,250,23.35,250,0,7750
SRF30Jan203650CE.NFO,07/01/2020,11:12:58,23,17.25,250,23.35,250,0,7750
SRF30Jan203650CE.NFO,07/01/2020,11:13:03,23,18.2,250,23.35,250,0,7750
SRF30Jan203650CE.NFO,07/01/2020,11:13:08,23,16.55,250,23.35,250,0,7750
SRF30Jan203650CE.NFO,07/01/2020,11:13:13,23,17.8,250,23.15,250,0,7750
SRF30Jan203650CE.NFO,07/01/2020,11:13:19,23,16.45,250,23.15,250,0,7750
SRF30Jan203650CE.NFO,07/01/2020,11:13:25,23,18.05,250,23.15,250,0,7750
SRF30Jan203650CE.NFO,07/01/2020,11:13:30,23,18.55,250,23.15,250,0,7750
SRF30Jan203650CE.NFO,07/01/2020,11:13:42,23,18.5,250,23.15,250,0,7750
SRF30Jan203650CE.NFO,07/01/2020,11:13:48,23,17.95,250,23.15,250,0,7750
SRF30Jan203650CE.NFO,07/01/2020,11:13:53,23,18.75,250,23.15,250,0,7750
SRF30Jan203650CE.NFO,07/01/2020,11:13:59,23,18.05,250,23.15,250,0,7750
SRF30Jan203650CE.NFO,07/01/2020,11:14:04,23,18.65,250,23.15,250,0,7750
SRF30Jan203650CE.NFO,07/01/2020,11:14:09,23,18.2,250,23.15,250,0,7750
SRF30Jan203650CE.NFO,07/01/2020,11:14:14,23,18.9,250,23.15,250,0,7750
SRF30Jan203650CE.NFO,07/01/2020,11:14:19,23,18.75,250,23.15,250,0,7750
SRF30Jan203650CE.NFO,07/01/2020,11:14:24,23,18.9,250,23.15,250,0,7750
SRF30Jan203650CE.NFO,07/01/2020,11:14:29,23,18.05,250,23.15,250,0,7750
SRF30Jan203650CE.NFO,07/01/2020,11:14:34,23,18.55,250,23.15,250,0,7750
SRF30Jan203650CE.NFO,07/01/2020,11:14:38,23,18.9,250,23.15,250,0,7750
SRF30Jan203650CE.NFO,07/01/2020,11:14:42,23,18.35,250,23.15,250,0,7750
SRF30Jan203650CE.NFO,07/01/2020,11:14:52,23,18.95,250,23.15,250,0,7750
SRF30Jan203650CE.NFO,07/01/2020,11:14:57,23,18.45,250,23.15,250,0,7750
SRF30Jan203650CE.NFO,07/01/2020,11:15:04,23,18.9,250,23.15,250,0,7750
SRF30Jan203650CE.NFO,07/01/2020,11:15:10,23,18.15,250,23.15,250,0,7750
SRF30Jan203650CE.NFO,07/01/2020,11:15:17,23,18.45,250,23.15,250,0,7750
SRF30Jan203650CE.NFO,07/01/2020,11:15:22,23,19.05,250,23.15,250,0,7750
SRF30Jan203650CE.NFO,07/01/2020,11:15:27,23,18.2,250,23.15,250,0,7750
SRF30Jan203650CE.NFO,07/01/2020,11:15:33,23,18.75,250,23.15,250,0,7750
SRF30Jan203650CE.NFO,07/01/2020,11:15:38,23,18.05,250,23.15,250,0,7750
SRF30Jan203650CE.NFO,07/01/2020,11:15:42,23,18.55,250,23.15,250,0,7750
SRF30Jan203650CE.NFO,07/01/2020,11:15:47,23,18.05,250,23.15,250,0,7750
SRF30Jan203650CE.NFO,07/01/2020,11:15:51,23,18.75,250,23.15,250,0,7750
SRF30Jan203650CE.NFO,07/01/2020,11:15:55,23,18.35,250,23.15,250,0,7750
SRF30Jan203650CE.NFO,07/01/2020,11:16:00,23,18.65,250,23.15,250,0,7750
SRF30Jan203650CE.NFO,07/01/2020,11:16:06,23,19.25,250,23.15,250,0,7750
SRF30Jan203650CE.NFO,07/01/2020,11:16:11,23,18,250,23.15,250,0,7750
SRF30Jan203650CE.NFO,07/01/2020,11:16:18,23,19.2,250,23.15,250,0,7750
SRF30Jan203650CE.NFO,07/01/2020,11:16:24,23,18.9,250,23.15,250,0,7750
SRF30Jan203650CE.NFO,07/01/2020,11:16:30,23,18.4,250,23.15,250,0,7750
SRF30Jan203650CE.NFO,07/01/2020,11:16:35,23,18.6,250,23.15,250,0,7750
SRF30Jan203650CE.NFO,07/01/2020,11:16:39,23,19,250,23.15,250,0,7750
SRF30Jan203650CE.NFO,07/01/2020,11:16:44,23,18.15,250,23.15,250,0,7750
SRF30Jan203650CE.NFO,07/01/2020,11:16:50,23,18.85,250,23.15,250,0,7750
SRF30Jan203650CE.NFO,07/01/2020,11:16:56,23,18.15,250,23.15,250,0,7750
SRF30Jan203650CE.NFO,07/01/2020,11:17:01,23,19.15,250,23.15,250,0,7750
SRF30Jan203650CE.NFO,07/01/2020,11:17:06,23,19.25,250,23.15,250,0,7750
SRF30Jan203650CE.NFO,07/01/2020,11:17:11,23,18.15,250,23.15,250,0,7750
SRF30Jan203650CE.NFO,07/01/2020,11:17:16,23,18.45,250,23.15,250,0,7750
SRF30Jan203650CE.NFO,07/01/2020,11:17:22,23,19.05,250,23.15,250,0,7750
SRF30Jan203650CE.NFO,07/01/2020,11:17:28,23,18.2,250,23.15,250,0,7750
SRF30Jan203650CE.NFO,07/01/2020,11:17:32,23,18.9,250,23.15,250,0,7750
SRF30Jan203650CE.NFO,07/01/2020,11:17:39,23,18.1,250,23.15,250,0,7750
SRF30Jan203650CE.NFO,07/01/2020,11:17:45,23,19.2,250,23.15,250,0,7750
SRF30Jan203650CE.NFO,07/01/2020,11:17:51,23,18.6,250,23.15,250,0,7750
SRF30Jan203650CE.NFO,07/01/2020,11:17:56,23,19.45,250,23.15,250,0,7750
SRF30Jan203650CE.NFO,07/01/2020,11:18:00,23,18.45,250,23.15,250,0,7750
SRF30Jan203650CE.NFO,07/01/2020,11:18:05,23,19.2,250,23.15,250,0,7750
SRF30Jan203650CE.NFO,07/01/2020,11:18:09,23,18.5,250,23.15,250,0,7750
SRF30Jan203650CE.NFO,07/01/2020,11:18:14,23,19.35,250,23.15,250,0,7750
SRF30Jan203650CE.NFO,07/01/2020,11:18:19,23,18.25,250,23.15,250,0,7750
SRF30Jan203650CE.NFO,07/01/2020,11:18:23,23,18.55,250,23.15,250,0,7750
SRF30Jan203650CE.NFO,07/01/2020,11:18:33,23,19.05,250,23.15,250,0,7750
SRF30Jan203650CE.NFO,07/01/2020,11:18:39,23,18.05,250,23.15,250,0,7750
SRF30Jan203650CE.NFO,07/01/2020,11:18:47,23,19.45,250,23.15,250,0,7750
SRF30Jan203650CE.NFO,07/01/2020,11:18:53,23,18.25,250,23.15,250,0,7750
SRF30Jan203650CE.NFO,07/01/2020,11:19:00,23,19.3,250,23.15,250,0,7750
SRF30Jan203650CE.NFO,07/01/2020,11:19:06,23,18.6,250,23.15,250,0,7750
SRF30Jan203650CE.NFO,07/01/2020,11:19:11,23,19.25,250,23.15,250,0,7750
SRF30Jan203650CE.NFO,07/01/2020,11:19:17,23,18.4,250,23.15,250,0,7750
SRF30Jan203650CE.NFO,07/01/2020,11:19:26,23,18.85,250,23.05,250,0,7750
SRF30Jan203650CE.NFO,07/01/2020,11:19:33,23,18.9,250,23.05,500,0,7750
SRF30Jan203650CE.NFO,07/01/2020,11:19:39,23,18.25,250,23.05,500,0,7750
SRF30Jan203650CE.NFO,07/01/2020,11:19:44,23,19.45,250,23.05,250,0,7750
SRF30Jan203650CE.NFO,07/01/2020,11:19:50,23,18.85,250,23.05,250,0,7750
SRF30Jan203650CE.NFO,07/01/2020,11:19:55,23,19.45,250,23.05,250,0,7750
SRF30Jan203650CE.NFO,07/01/2020,11:19:58,23,19.75,250,23.05,250,0,7750
SRF30Jan203650CE.NFO,07/01/2020,11:20:02,23,18.05,250,23.05,250,0,7750
SRF30Jan203650CE.NFO,07/01/2020,11:20:08,23,17.95,250,23.05,250,0,7750
SRF30Jan203650CE.NFO,07/01/2020,11:20:14,23,19.3,250,23.05,250,0,7750
SRF30Jan203650CE.NFO,07/01/2020,11:20:20,23,18.55,250,23.05,250,0,7750
SRF30Jan203650CE.NFO,07/01/2020,11:20:24,23,19.55,250,23.05,250,0,7750
SRF30Jan203650CE.NFO,07/01/2020,11:20:30,23,17.95,250,23.05,250,0,7750
SRF30Jan203650CE.NFO,07/01/2020,11:20:36,23,18.15,250,23.05,250,0,7750
SRF30Jan203650CE.NFO,07/01/2020,11:20:41,23,18.85,250,23.05,250,0,7750
SRF30Jan203650CE.NFO,07/01/2020,11:20:47,23,19.35,250,23.05,250,0,7750
SRF30Jan203650CE.NFO,07/01/2020,11:20:53,23,18.25,250,23.05,250,0,7750
SRF30Jan203650CE.NFO,07/01/2020,11:20:59,23,18.65,250,23.05,250,0,7750
SRF30Jan203650CE.NFO,07/01/2020,11:21:04,23,19.35,250,23.05,250,0,7750
SRF30Jan203650CE.NFO,07/01/2020,11:21:09,23,18.15,250,23.05,250,0,7750
SRF30Jan203650CE.NFO,07/01/2020,11:21:14,23,18.25,250,23.05,250,0,7750
SRF30Jan203650CE.NFO,07/01/2020,11:21:18,23,18.85,250,23.05,250,0,7750
SRF30Jan203650CE.NFO,07/01/2020,11:21:23,23,18.95,250,23.05,250,0,7750
SRF30Jan203650CE.NFO,07/01/2020,11:21:27,23,19.25,250,23.05,250,0,7750
SRF30Jan203650CE.NFO,07/01/2020,11:21:32,23,18.55,250,23.05,250,0,7750
SRF30Jan203650CE.NFO,07/01/2020,11:21:38,23,19.05,250,23.05,250,0,7750
SRF30Jan203650CE.NFO,07/01/2020,11:21:43,23,19.35,250,23.05,250,0,7750
SRF30Jan203650CE.NFO,07/01/2020,11:21:48,23,19.45,250,23.05,250,0,7750
SRF30Jan203650CE.NFO,07/01/2020,11:21:52,23,19.5,250,23.05,250,0,7750
SRF30Jan203650CE.NFO,07/01/2020,11:21:56,23,18.05,250,23.05,250,0,7750
SRF30Jan203650CE.NFO,07/01/2020,11:22:01,23,18.45,250,23.05,250,0,7750
SRF30Jan203650CE.NFO,07/01/2020,11:22:06,23,19.15,250,23.05,250,0,7750
SRF30Jan203650CE.NFO,07/01/2020,11:22:10,23,19.45,250,23.05,250,0,7750
SRF30Jan203650CE.NFO,07/01/2020,11:22:13,23,19.5,250,23.05,250,0,7750
SRF30Jan203650CE.NFO,07/01/2020,11:22:17,23,18,250,23.05,250,0,7750
SRF30Jan203650CE.NFO,07/01/2020,11:22:21,23,18.4,250,23.05,250,0,7750
SRF30Jan203650CE.NFO,07/01/2020,11:22:26,23,18.55,250,23.05,250,0,7750
SRF30Jan203650CE.NFO,07/01/2020,11:22:30,23,19.3,250,23.05,250,0,7750
SRF30Jan203650CE.NFO,07/01/2020,11:22:34,23,17.7,250,23.05,250,0,7750
SRF30Jan203650CE.NFO,07/01/2020,11:22:39,23,18.1,250,23.05,250,0,7750
SRF30Jan203650CE.NFO,07/01/2020,11:22:42,23,18.4,250,23.05,250,0,7750
SRF30Jan203650CE.NFO,07/01/2020,11:22:45,23,18.7,250,23.05,250,0,7750
SRF30Jan203650CE.NFO,07/01/2020,11:22:48,23,18.8,250,23.05,250,0,7750
SRF30Jan203650CE.NFO,07/01/2020,11:22:52,23,19.1,250,23.05,250,0,7750
SRF30Jan203650CE.NFO,07/01/2020,11:22:56,23,17.95,250,23.05,250,0,7750
SRF30Jan203650CE.NFO,07/01/2020,11:23:00,23,18.35,250,23.05,250,0,7750
SRF30Jan203650CE.NFO,07/01/2020,11:23:05,23,18.65,250,23.05,250,0,7750
SRF30Jan203650CE.NFO,07/01/2020,11:23:10,23,19.1,250,23.05,250,0,7750
SRF30Jan203650CE.NFO,07/01/2020,11:23:15,23,19.65,250,23.05,250,0,7750
SRF30Jan203650CE.NFO,07/01/2020,11:23:20,23,17.7,250,23.05,250,0,7750
SRF30Jan203650CE.NFO,07/01/2020,11:23:25,23,18.25,250,23.05,250,0,7750
SRF30Jan203650CE.NFO,07/01/2020,11:23:29,23,18.65,250,23.05,250,0,7750
SRF30Jan203650CE.NFO,07/01/2020,11:23:34,23,18.95,250,23.05,250,0,7750
SRF30Jan203650CE.NFO,07/01/2020,11:23:38,23,19.6,250,23.05,250,0,7750
SRF30Jan203650CE.NFO,07/01/2020,11:23:43,23,18.15,250,23.05,250,0,7750
SRF30Jan203650CE.NFO,07/01/2020,11:23:48,23,18.85,250,23.05,250,0,7750
SRF30Jan203650CE.NFO,07/01/2020,11:23:51,23,19.15,250,23.05,250,0,7750
SRF30Jan203650CE.NFO,07/01/2020,11:23:55,23,19.75,250,23.05,250,0,7750
SRF30Jan203650CE.NFO,07/01/2020,11:24:00,23,18.45,250,23.05,250,0,7750
SRF30Jan203650CE.NFO,07/01/2020,11:24:05,23,18.85,250,23.05,250,0,7750
SRF30Jan203650CE.NFO,07/01/2020,11:24:11,23,18.95,250,23.05,250,0,7750
SRF30Jan203650CE.NFO,07/01/2020,11:24:15,23,19.35,250,23.05,250,0,7750
SRF30Jan203650CE.NFO,07/01/2020,11:24:20,23,19.55,250,23.05,250,0,7750
SRF30Jan203650CE.NFO,07/01/2020,11:24:24,23,19.75,250,23.05,250,0,7750
SRF30Jan203650CE.NFO,07/01/2020,11:24:33,23,18.45,250,23.05,250,0,7750
SRF30Jan203650CE.NFO,07/01/2020,11:24:38,23,18.65,250,23.05,250,0,7750
SRF30Jan203650CE.NFO,07/01/2020,11:24:43,23,19.05,250,23.05,250,0,7750
SRF30Jan203650CE.NFO,07/01/2020,11:24:47,23,19.25,250,23.05,250,0,7750
SRF30Jan203650CE.NFO,07/01/2020,11:24:52,23,19.45,250,23.05,250,0,7750
SRF30Jan203650CE.NFO,07/01/2020,11:24:56,23,20,250,23.05,250,0,7750
SRF30Jan203650CE.NFO,07/01/2020,11:25:00,23,18.05,250,23.05,250,0,7750
SRF30Jan203650CE.NFO,07/01/2020,11:25:06,23,18.35,250,23.05,250,0,7750
SRF30Jan203650CE.NFO,07/01/2020,11:25:10,23,18.45,250,23.05,250,0,7750
SRF30Jan203650CE.NFO,07/01/2020,11:25:14,23,18.55,250,23.05,250,0,7750
SRF30Jan203650CE.NFO,07/01/2020,11:25:19,23,18.75,250,23.05,250,0,7750
SRF30Jan203650CE.NFO,07/01/2020,11:25:24,23,18.85,250,23.05,250,0,7750
SRF30Jan203650CE.NFO,07/01/2020,11:25:30,23,19.05,250,23.05,250,0,7750
SRF30Jan203650CE.NFO,07/01/2020,11:25:34,23,19.25,250,23.05,250,0,7750
SRF30Jan203650CE.NFO,07/01/2020,11:25:38,23,19.35,250,23.05,250,0,7750
SRF30Jan203650CE.NFO,07/01/2020,11:25:43,23,19.55,250,23.05,250,0,7750
SRF30Jan203650CE.NFO,07/01/2020,11:25:48,23,17.95,250,23.05,250,0,7750
SRF30Jan203650CE.NFO,07/01/2020,11:25:53,23,18.3,250,23.05,250,0,7750
SRF30Jan203650CE.NFO,07/01/2020,11:25:57,23,18.75,250,23.05,250,0,7750
SRF30Jan203650CE.NFO,07/01/2020,11:26:00,23,19.05,250,23.05,250,0,7750
SRF30Jan203650CE.NFO,07/01/2020,11:26:04,23,19.45,250,23.05,250,0,7750
SRF30Jan203650CE.NFO,07/01/2020,11:26:08,23,19.55,250,23.05,250,0,7750
SRF30Jan203650CE.NFO,07/01/2020,11:26:12,23,19.75,250,23.05,250,0,7750
SRF30Jan203650CE.NFO,07/01/2020,11:26:18,23,17.95,250,23.05,250,0,7750
SRF30Jan203650CE.NFO,07/01/2020,11:26:24,23,18.05,250,23.05,250,0,7750
SRF30Jan203650CE.NFO,07/01/2020,11:26:28,23,18.15,250,23.05,250,0,7750
SRF30Jan203650CE.NFO,07/01/2020,11:26:32,23,18.7,250,23.05,250,0,7750
SRF30Jan203650CE.NFO,07/01/2020,11:26:37,23,19.35,250,23.05,250,0,7750
SRF30Jan203650CE.NFO,07/01/2020,11:26:41,23,18.25,250,23.05,250,0,7750
SRF30Jan203650CE.NFO,07/01/2020,11:26:46,23,18.45,250,23.05,250,0,7750
SRF30Jan203650CE.NFO,07/01/2020,11:26:51,23,18.55,250,23.05,250,0,7750
SRF30Jan203650CE.NFO,07/01/2020,11:26:54,23,18.65,250,23.05,250,0,7750
SRF30Jan203650CE.NFO,07/01/2020,11:26:58,23,18.75,250,23.05,250,0,7750
SRF30Jan203650CE.NFO,07/01/2020,11:27:01,23,18.85,250,23.05,250,0,7750
SRF30Jan203650CE.NFO,07/01/2020,11:27:05,23,18.95,250,23.05,250,0,7750
SRF30Jan203650CE.NFO,07/01/2020,11:27:08,23,19.15,250,23.05,250,0,7750
SRF30Jan203650CE.NFO,07/01/2020,11:27:11,23,19.25,250,23.05,250,0,7750
SRF30Jan203650CE.NFO,07/01/2020,11:27:18,23,19.35,250,23.05,250,0,7750
SRF30Jan203650CE.NFO,07/01/2020,11:27:21,23,19.45,250,23.05,250,0,7750
SRF30Jan203650CE.NFO,07/01/2020,11:27:25,23,19.65,250,23.05,250,0,7750
SRF30Jan203650CE.NFO,07/01/2020,11:27:28,23,18.25,250,23.05,250,0,7750
SRF30Jan203650CE.NFO,07/01/2020,11:27:33,23,18.45,250,23.05,250,0,7750
SRF30Jan203650CE.NFO,07/01/2020,11:27:38,23,18.65,250,23.05,250,0,7750
SRF30Jan203650CE.NFO,07/01/2020,11:27:44,23,19.35,250,23.05,250,0,7750
SRF30Jan203650CE.NFO,07/01/2020,11:27:47,23,19.55,250,23.05,250,0,7750
SRF30Jan203650CE.NFO,07/01/2020,11:27:48,23,19.75,250,23.05,250,0,7750
SRF30Jan203650CE.NFO,07/01/2020,11:27:50,23,19.9,250,23.05,250,0,7750
SRF30Jan203650CE.NFO,07/01/2020,11:27:54,23,18.7,250,23.05,250,0,7750
SRF30Jan203650CE.NFO,07/01/2020,11:27:58,23,19.05,250,23.05,250,0,7750
SRF30Jan203650CE.NFO,07/01/2020,11:28:05,23,19.15,250,23.05,250,0,7750
SRF30Jan203650CE.NFO,07/01/2020,11:28:08,23,18.2,250,23.75,250,0,7750
SRF30Jan203650CE.NFO,07/01/2020,11:28:12,23,18.3,250,23.75,250,0,7750
SRF30Jan203650CE.NFO,07/01/2020,11:28:15,23,18.6,250,23.75,250,0,7750
SRF30Jan203650CE.NFO,07/01/2020,11:28:20,23,18.9,250,23.75,250,0,7750
SRF30Jan203650CE.NFO,07/01/2020,11:28:30,23,19,250,23.75,250,0,7750
SRF30Jan203650CE.NFO,07/01/2020,11:28:35,23,19.1,250,23.75,250,0,7750
SRF30Jan203650CE.NFO,07/01/2020,11:28:41,23,19.2,250,23.75,250,0,7750
SRF30Jan203650CE.NFO,07/01/2020,11:28:48,23,19.3,250,23.75,250,0,7750
SRF30Jan203650CE.NFO,07/01/2020,11:28:54,23,19.4,250,23.75,250,0,7750
SRF30Jan203650CE.NFO,07/01/2020,11:28:58,23,19.6,250,23.75,250,0,7750
SRF30Jan203650CE.NFO,07/01/2020,11:29:02,23,19.7,250,23.75,250,0,7750
SRF30Jan203650CE.NFO,07/01/2020,11:29:06,23,19.8,250,23.75,250,0,7750
SRF30Jan203650CE.NFO,07/01/2020,11:29:10,23,19.9,250,23.75,250,0,7750
SRF30Jan203650CE.NFO,07/01/2020,11:29:17,23,19.95,250,23.75,250,0,7750
SRF30Jan203650CE.NFO,07/01/2020,11:29:21,23,18.5,250,23.75,250,0,7750
SRF30Jan203650CE.NFO,07/01/2020,11:29:24,23,18.9,250,23.75,250,0,7750
SRF30Jan203650CE.NFO,07/01/2020,11:29:28,23,18.6,250,23.75,250,0,7750
SRF30Jan203650CE.NFO,07/01/2020,11:29:32,23,19.35,250,23.75,250,0,7750
SRF30Jan203650CE.NFO,07/01/2020,11:29:36,23,19.15,250,23.75,250,0,7750
SRF30Jan203650CE.NFO,07/01/2020,11:29:39,23,18.05,250,23.75,250,0,7750
SRF30Jan203650CE.NFO,07/01/2020,11:29:42,23,18.8,250,23.75,250,0,7750
SRF30Jan203650CE.NFO,07/01/2020,11:29:46,23,19.55,250,23.75,250,0,7750
SRF30Jan203650CE.NFO,07/01/2020,11:29:50,23,19,250,23.75,250,0,7750
SRF30Jan203650CE.NFO,07/01/2020,11:29:53,23,19.9,250,23.75,250,0,7750
SRF30Jan203650CE.NFO,07/01/2020,11:29:56,23,18.9,250,23.75,250,0,7750
SRF30Jan203650CE.NFO,07/01/2020,11:29:58,23,19.9,250,23.75,250,0,7750
SRF30Jan203650CE.NFO,07/01/2020,11:30:00,23,18.65,250,23.75,250,0,7750
SRF30Jan203650CE.NFO,07/01/2020,11:30:01,23,19.9,250,23.75,250,0,7750
SRF30Jan203650CE.NFO,07/01/2020,11:30:04,23,19.65,250,23.75,250,0,7750
SRF30Jan203650CE.NFO,07/01/2020,11:30:07,23,18.25,250,23.75,250,0,7750
SRF30Jan203650CE.NFO,07/01/2020,11:30:10,23,19.4,250,23.75,250,0,7750
SRF30Jan203650CE.NFO,07/01/2020,11:30:13,23,18.35,250,23.75,250,0,7750
SRF30Jan203650CE.NFO,07/01/2020,11:30:17,23,18.85,250,23.75,250,0,7750
SRF30Jan203650CE.NFO,07/01/2020,11:30:21,23,20.05,250,23.7,250,0,7750
SRF30Jan203650CE.NFO,07/01/2020,11:30:31,23,19.4,250,23.65,250,0,7750
SRF30Jan203650CE.NFO,07/01/2020,11:30:34,23,19.8,250,23.65,250,0,7750
SRF30Jan203650CE.NFO,07/01/2020,11:30:37,23,19.9,250,23.65,250,0,7750
SRF30Jan203650CE.NFO,07/01/2020,11:30:41,23,20,250,23.65,250,0,7750
SRF30Jan203650CE.NFO,07/01/2020,11:30:47,23,19.2,250,23.65,250,0,7750
SRF30Jan203650CE.NFO,07/01/2020,11:30:49,23,19.3,250,23.65,250,0,7750
SRF30Jan203650CE.NFO,07/01/2020,11:30:52,23,19.7,250,23.65,250,0,7750
SRF30Jan203650CE.NFO,07/01/2020,11:30:58,23,20,250,23.65,250,0,7750
SRF30Jan203650CE.NFO,07/01/2020,11:31:11,23,19.5,250,23.65,250,0,7750
SRF30Jan203650CE.NFO,07/01/2020,11:31:16,23,19.9,250,23.65,250,0,7750
SRF30Jan203650CE.NFO,07/01/2020,11:31:21,23,19.2,250,23.65,250,0,7750
SRF30Jan203650CE.NFO,07/01/2020,11:31:26,23,19.25,250,23.65,250,0,7750
SRF30Jan203650CE.NFO,07/01/2020,11:31:31,23,19.3,250,23.65,250,0,7750
SRF30Jan203650CE.NFO,07/01/2020,11:31:35,23,19.65,250,23.65,250,0,7750
SRF30Jan203650CE.NFO,07/01/2020,11:31:39,23,19.35,250,23.65,250,0,7750
SRF30Jan203650CE.NFO,07/01/2020,11:31:43,23,19.85,250,23.65,250,0,7750
SRF30Jan203650CE.NFO,07/01/2020,11:31:47,23,19.1,250,23.65,250,0,7750
SRF30Jan203650CE.NFO,07/01/2020,11:31:53,23,19.95,250,23.65,250,0,7750
SRF30Jan203650CE.NFO,07/01/2020,11:31:59,23,20.05,250,23.65,250,0,7750
SRF30Jan203650CE.NFO,07/01/2020,11:32:05,23,20.2,250,23.65,250,0,7750
SRF30Jan203650CE.NFO,07/01/2020,11:32:11,23,19.6,250,23.65,250,0,7750
SRF30Jan203650CE.NFO,07/01/2020,11:32:16,23,19.8,250,23.65,250,0,7750
SRF30Jan203650CE.NFO,07/01/2020,11:32:21,23,20.35,250,23.65,250,0,7750
SRF30Jan203650CE.NFO,07/01/2020,11:32:26,23,19.1,250,23.65,250,0,7750
SRF30Jan203650CE.NFO,07/01/2020,11:32:31,23,20.2,250,23.65,250,0,7750
SRF30Jan203650CE.NFO,07/01/2020,11:32:36,23,19.1,250,23.65,250,0,7750
SRF30Jan203650CE.NFO,07/01/2020,11:32:41,23,19.5,250,23.65,250,0,7750
SRF30Jan203650CE.NFO,07/01/2020,11:32:45,23,19.9,250,23.65,250,0,7750
SRF30Jan203650CE.NFO,07/01/2020,11:32:49,23,20.2,250,23.65,250,0,7750
SRF30Jan203650CE.NFO,07/01/2020,11:32:52,23,19.1,250,23.5,250,0,7750
SRF30Jan203650CE.NFO,07/01/2020,11:32:56,23,19.6,250,23.5,250,0,7750
SRF30Jan203650CE.NFO,07/01/2020,11:33:00,23,19.8,250,23.5,250,0,7750
SRF30Jan203650CE.NFO,07/01/2020,11:33:04,23,20.1,250,23.5,250,0,7750
SRF30Jan203650CE.NFO,07/01/2020,11:33:08,23,20.2,250,23.5,250,0,7750
SRF30Jan203650CE.NFO,07/01/2020,11:33:11,23,19.55,250,23.5,250,0,7750
SRF30Jan203650CE.NFO,07/01/2020,11:33:14,23,19.65,250,23.5,250,0,7750
SRF30Jan203650CE.NFO,07/01/2020,11:33:18,23,19.85,250,23.5,250,0,7750
SRF30Jan203650CE.NFO,07/01/2020,11:33:21,23,19.95,250,23.5,250,0,7750
SRF30Jan203650CE.NFO,07/01/2020,11:33:24,23,20.6,500,23.7,250,0,7750
SRF30Jan203650CE.NFO,07/01/2020,11:33:28,23,19.85,250,23.7,250,0,7750
SRF30Jan203650CE.NFO,07/01/2020,11:33:31,23,20.5,250,23.7,250,0,7750
SRF30Jan203650CE.NFO,07/01/2020,11:33:40,23,20.6,500,24.15,250,0,7750
SRF30Jan203650CE.NFO,07/01/2020,11:33:44,23,20.6,500,24.2,250,0,7750
SRF30Jan203650CE.NFO,07/01/2020,11:33:52,23,20.7,500,24.2,250,0,7750
SRF30Jan203650CE.NFO,07/01/2020,11:33:57,23,20.8,500,24.4,250,0,7750
SRF30Jan203650CE.NFO,07/01/2020,11:34:03,23,20.9,250,24.4,250,0,7750
SRF30Jan203650CE.NFO,07/01/2020,11:34:09,23,21,250,24.75,250,0,7750
SRF30Jan203650CE.NFO,07/01/2020,11:34:17,23,20.65,250,24.75,250,0,7750
SRF30Jan203650CE.NFO,07/01/2020,11:34:23,23,21,250,24.75,250,0,7750
SRF30Jan203650CE.NFO,07/01/2020,11:34:29,23,21.05,250,24.8,250,0,7750
SRF30Jan203650CE.NFO,07/01/2020,11:34:36,23,21.4,250,24.8,250,0,7750
SRF30Jan203650CE.NFO,07/01/2020,11:34:42,23,20.6,250,24.8,250,0,7750
SRF30Jan203650CE.NFO,07/01/2020,11:34:49,23,20.9,250,24.75,250,0,7750
SRF30Jan203650CE.NFO,07/01/2020,11:34:55,23,19.9,250,24.75,250,0,7750
SRF30Jan203650CE.NFO,07/01/2020,11:35:00,23,20.95,250,24.75,250,0,7750
SRF30Jan203650CE.NFO,07/01/2020,11:35:06,23,20.75,250,24.75,250,0,7750
SRF30Jan203650CE.NFO,07/01/2020,11:35:13,23,21.35,250,24.8,250,0,7750
SRF30Jan203650CE.NFO,07/01/2020,11:35:19,23,20.65,250,24.8,250,0,7750
SRF30Jan203650CE.NFO,07/01/2020,11:35:26,23,20.5,250,24.8,250,0,7750
SRF30Jan203650CE.NFO,07/01/2020,11:35:31,23,21.3,250,24.8,250,0,7750
SRF30Jan203650CE.NFO,07/01/2020,11:35:37,23,21,250,24.8,250,0,7750
SRF30Jan203650CE.NFO,07/01/2020,11:35:43,23,20.6,250,24.8,250,0,7750
SRF30Jan203650CE.NFO,07/01/2020,11:35:49,23,21.35,250,24.8,250,0,7750
SRF30Jan203650CE.NFO,07/01/2020,11:35:55,23,20.6,250,24.8,250,0,7750
SRF30Jan203650CE.NFO,07/01/2020,11:36:00,23,21.2,250,24.8,250,0,7750
SRF30Jan203650CE.NFO,07/01/2020,11:36:05,23,21.3,250,24.8,250,0,7750
SRF30Jan203650CE.NFO,07/01/2020,11:36:09,23,21.5,250,24.8,250,0,7750
SRF30Jan203650CE.NFO,07/01/2020,11:36:24,23,21.45,250,25,250,0,7750
SRF30Jan203650CE.NFO,07/01/2020,11:36:51,23,20.75,250,24.2,250,0,7750
SRF30Jan203650CE.NFO,07/01/2020,11:36:58,23,21.05,250,24.2,250,0,7750
SRF30Jan203650CE.NFO,07/01/2020,11:37:53,23,21.05,500,24.3,250,0,7750
SRF30Jan203650CE.NFO,07/01/2020,11:38:00,23,20.8,250,24.3,250,0,7750
SRF30Jan203650CE.NFO,07/01/2020,11:38:03,23,20.4,250,24.3,250,0,7750
SRF30Jan203650CE.NFO,07/01/2020,11:38:07,23,20.95,250,24.3,250,0,7750
SRF30Jan203650CE.NFO,07/01/2020,11:38:11,23,21.3,250,24.45,250,0,7750
SRF30Jan203650CE.NFO,07/01/2020,11:38:15,23,21.35,250,24.45,250,0,7750
SRF30Jan203650CE.NFO,07/01/2020,11:38:39,23,21.35,250,25.05,250,0,7750
SRF30Jan203650CE.NFO,07/01/2020,11:39:11,23,21.35,250,25.1,250,0,7750
SRF30Jan203650CE.NFO,07/01/2020,11:39:57,23,21.05,250,25,250,0,7750
SRF30Jan203650CE.NFO,07/01/2020,11:40:10,23,21.05,250,24.6,250,0,7750
SRF30Jan203650CE.NFO,07/01/2020,11:40:44,23,21.05,250,24.35,250,0,7750
SRF30Jan203650CE.NFO,07/01/2020,11:41:12,23,21.05,250,24.2,250,0,7750
SRF30Jan203650CE.NFO,07/01/2020,11:41:31,23,21.05,250,23.95,250,0,7750
SRF30Jan203650CE.NFO,07/01/2020,11:41:55,23,20.55,500,23.75,250,0,7750
SRF30Jan203650CE.NFO,07/01/2020,11:42:00,23,20.55,250,23.75,250,0,7750
SRF30Jan203650CE.NFO,07/01/2020,11:42:26,23,20.55,250,23.6,250,0,7750
SRF30Jan203650CE.NFO,07/01/2020,11:42:52,23,20.55,250,23.75,250,0,7750
SRF30Jan203650CE.NFO,07/01/2020,11:42:56,23,20.55,250,23.7,250,0,7750
SRF30Jan203650CE.NFO,07/01/2020,11:42:59,23,20.55,250,23.75,250,0,7750
SRF30Jan203650CE.NFO,07/01/2020,11:43:03,23,20.25,250,23.2,250,0,7750
SRF30Jan203650CE.NFO,07/01/2020,11:43:32,23,19.75,250,23.2,250,0,7750
SRF30Jan203650CE.NFO,07/01/2020,11:43:37,23,16.1,250,23.2,250,0,7750
SRF30Jan203650CE.NFO,07/01/2020,11:43:40,23,17.3,250,23.2,250,0,7750
SRF30Jan203650CE.NFO,07/01/2020,11:43:44,23,16.45,250,23.85,250,0,7750
SRF30Jan203650CE.NFO,07/01/2020,11:43:48,23,17.7,250,23.6,250,0,7750
SRF30Jan203650CE.NFO,07/01/2020,11:43:52,23,18.4,250,23.65,250,0,7750
SRF30Jan203650CE.NFO,07/01/2020,11:43:55,23,18.4,500,24.2,250,0,7750
SRF30Jan203650CE.NFO,07/01/2020,11:43:59,23,18.4,250,24.2,250,0,7750
SRF30Jan203650CE.NFO,07/01/2020,11:44:02,23,18.55,250,24.2,250,0,7750
SRF30Jan203650CE.NFO,07/01/2020,11:44:05,23,18.8,250,24,250,0,7750
SRF30Jan203650CE.NFO,07/01/2020,11:44:12,23,18.8,250,24.2,250,0,7750
SRF30Jan203650CE.NFO,07/01/2020,11:44:31,23,17.4,250,23.65,250,0,7750
SRF30Jan203650CE.NFO,07/01/2020,11:45:14,23,17.4,500,23.6,250,0,7750
SRF30Jan203650CE.NFO,07/01/2020,11:45:21,23,17.5,250,23.6,250,0,7750
SRF30Jan203650CE.NFO,07/01/2020,11:45:25,23,17.5,250,23.65,250,0,7750
SRF30Jan203650CE.NFO,07/01/2020,11:45:29,23,17.5,250,23.6,250,0,7750
SRF30Jan203650CE.NFO,07/01/2020,11:45:34,23,17.5,250,23.8,250,0,7750
SRF30Jan203650CE.NFO,07/01/2020,11:45:38,23,17.5,250,23.75,250,0,7750
SRF30Jan203650CE.NFO,07/01/2020,11:45:43,23,17.5,250,23.65,250,0,7750
SRF30Jan203650CE.NFO,07/01/2020,11:46:09,23,17.5,500,23.65,250,0,7750
SRF30Jan203650CE.NFO,07/01/2020,11:46:13,23,17.7,250,23.65,250,0,7750
SRF30Jan203650CE.NFO,07/01/2020,11:46:17,23,17.7,250,23.85,250,0,7750
SRF30Jan203650CE.NFO,07/01/2020,11:46:27,23,17.7,250,23.8,250,0,7750
SRF30Jan203650CE.NFO,07/01/2020,11:46:30,23,17.7,250,23.85,250,0,7750
SRF30Jan203650CE.NFO,07/01/2020,11:46:33,23,17.7,250,23.8,250,0,7750
SRF30Jan203650CE.NFO,07/01/2020,11:46:50,23,17.7,250,23.75,250,0,7750
SRF30Jan203650CE.NFO,07/01/2020,11:47:16,23,17.7,250,23.4,250,0,7750
SRF30Jan203650CE.NFO,07/01/2020,11:47:42,23,16.8,250,23.1,250,0,7750
SRF30Jan203650CE.NFO,07/01/2020,11:47:50,23,16.8,500,23.1,250,0,7750
SRF30Jan203650CE.NFO,07/01/2020,11:47:56,23,16.9,250,23.1,250,0,7750
SRF30Jan203650CE.NFO,07/01/2020,11:48:04,23,16.9,500,23.1,250,0,7750
SRF30Jan203650CE.NFO,07/01/2020,11:48:08,23,16.95,250,23.1,250,0,7750
SRF30Jan203650CE.NFO,07/01/2020,11:48:12,23,17.1,250,23.2,250,0,7750
SRF30Jan203650CE.NFO,07/01/2020,11:49:26,23,17.1,250,23.4,250,0,7750
SRF30Jan203650CE.NFO,07/01/2020,11:49:34,23,17.1,250,23.35,250,0,7750
SRF30Jan203650CE.NFO,07/01/2020,11:49:47,23,14.3,1250,23.35,250,0,7750
SRF30Jan203650CE.NFO,07/01/2020,11:49:50,23,15.1,250,23.35,250,0,7750
SRF30Jan203650CE.NFO,07/01/2020,11:49:53,23,15.55,250,23.35,250,0,7750
SRF30Jan203650CE.NFO,07/01/2020,11:49:56,23,14.9,250,23.35,250,0,7750
SRF30Jan203650CE.NFO,07/01/2020,11:50:01,23,15.5,250,23.35,250,0,7750
SRF30Jan203650CE.NFO,07/01/2020,11:50:06,23,14.9,250,23.35,250,0,7750
SRF30Jan203650CE.NFO,07/01/2020,11:50:14,23,15.5,250,23.35,250,0,7750
SRF30Jan203650CE.NFO,07/01/2020,11:50:20,23,14.95,250,23.2,250,0,7750
SRF30Jan203650CE.NFO,07/01/2020,11:50:25,23,15.2,250,23.2,250,0,7750
SRF30Jan203650CE.NFO,07/01/2020,11:50:30,23,14.9,250,23.2,250,0,7750
SRF30Jan203650CE.NFO,07/01/2020,11:50:36,23,15.15,250,23.2,250,0,7750
SRF30Jan203650CE.NFO,07/01/2020,11:50:41,23,14.45,250,23.2,250,0,7750
SRF30Jan203650CE.NFO,07/01/2020,11:50:44,23,15.35,250,23.2,250,0,7750
SRF30Jan203650CE.NFO,07/01/2020,11:50:48,23,15.65,250,23.2,250,0,7750
SRF30Jan203650CE.NFO,07/01/2020,11:50:50,23,9.3,4250,23.2,250,0,7750
SRF30Jan203650CE.NFO,07/01/2020,11:50:53,23,11.75,1250,23.2,250,0,7750
SRF30Jan203650CE.NFO,07/01/2020,11:50:56,23,14.4,750,23.15,250,0,7750
SRF30Jan203650CE.NFO,07/01/2020,11:51:01,23,14.7,250,23.15,250,0,7750
SRF30Jan203650CE.NFO,07/01/2020,11:51:05,23,14.9,250,23.15,250,0,7750
SRF30Jan203650CE.NFO,07/01/2020,11:51:10,23,14.7,250,23.2,250,0,7750
SRF30Jan203650CE.NFO,07/01/2020,11:51:15,23,14.45,250,22,250,0,7750
SRF30Jan203650CE.NFO,07/01/2020,11:51:20,23,14.75,250,22,250,0,7750
SRF30Jan203650CE.NFO,07/01/2020,11:51:25,23,14.15,250,22,250,0,7750
SRF30Jan203650CE.NFO,07/01/2020,11:51:29,23,14.65,250,22,250,0,7750
SRF30Jan203650CE.NFO,07/01/2020,11:51:35,23,13.85,250,22.2,250,0,7750
SRF30Jan203650CE.NFO,07/01/2020,11:51:40,23,13.9,250,22.2,250,0,7750
SRF30Jan203650CE.NFO,07/01/2020,11:51:44,23,13.85,250,22.2,250,0,7750
SRF30Jan203650CE.NFO,07/01/2020,11:51:58,23,13.8,250,21.85,250,0,7750
SRF30Jan203650CE.NFO,07/01/2020,11:52:02,23,14.35,250,21.85,250,0,7750
SRF30Jan203650CE.NFO,07/01/2020,11:52:06,23,13.55,250,21.85,250,0,7750
SRF30Jan203650CE.NFO,07/01/2020,11:52:10,23,13.65,250,21.85,250,0,7750
SRF30Jan203650CE.NFO,07/01/2020,11:52:13,23,14.15,250,21.85,250,0,7750
SRF30Jan203650CE.NFO,07/01/2020,11:52:17,23,13.35,250,21.55,250,0,7750
SRF30Jan203650CE.NFO,07/01/2020,11:52:20,23,12.8,250,21.2,250,0,7750
SRF30Jan203650CE.NFO,07/01/2020,11:52:23,23,14,250,21.2,250,0,7750
SRF30Jan203650CE.NFO,07/01/2020,11:52:25,23,13.25,250,21.2,250,0,7750
SRF30Jan203650CE.NFO,07/01/2020,11:52:28,23,12.9,250,21.2,250,0,7750
SRF30Jan203650CE.NFO,07/01/2020,11:52:31,23,13.4,250,21.4,250,0,7750
SRF30Jan203650CE.NFO,07/01/2020,11:52:36,23,14.05,250,21.4,250,0,7750
SRF30Jan203650CE.NFO,07/01/2020,11:52:39,23,9.3,1250,21.2,250,0,7750
SRF30Jan203650CE.NFO,07/01/2020,11:52:42,23,12.45,250,21.05,250,0,7750
SRF30Jan203650CE.NFO,07/01/2020,11:52:46,23,13.4,250,20.85,250,0,7750
SRF30Jan203650CE.NFO,07/01/2020,11:52:50,23,14.2,250,21.2,250,0,7750
SRF30Jan203650CE.NFO,07/01/2020,11:52:54,23,13.1,250,21.2,250,0,7750
SRF30Jan203650CE.NFO,07/01/2020,11:52:58,23,13.85,250,21.2,250,0,7750
SRF30Jan203650CE.NFO,07/01/2020,11:53:03,23,13.7,250,21.2,250,0,7750
SRF30Jan203650CE.NFO,07/01/2020,11:53:07,23,12.3,1250,21.4,250,0,7750
SRF30Jan203650CE.NFO,07/01/2020,11:53:12,23,13.25,250,21.4,250,0,7750
SRF30Jan203650CE.NFO,07/01/2020,11:53:14,23,13.75,250,21.05,250,0,7750
SRF30Jan203650CE.NFO,07/01/2020,11:53:15,23,12.55,750,21.05,250,0,7750
SRF30Jan203650CE.NFO,07/01/2020,11:53:16,23,12.6,250,21.05,250,0,7750
SRF30Jan203650CE.NFO,07/01/2020,11:53:16,23,12.75,250,21.05,250,0,7750
SRF30Jan203650CE.NFO,07/01/2020,11:53:18,23,13.2,250,21.05,250,0,7750
SRF30Jan203650CE.NFO,07/01/2020,11:53:19,23,13.25,250,21.05,250,0,7750
SRF30Jan203650CE.NFO,07/01/2020,11:53:20,23,13.5,250,21.05,250,0,7750
SRF30Jan203650CE.NFO,07/01/2020,11:53:21,23,13.6,250,21.05,250,0,7750
SRF30Jan203650CE.NFO,07/01/2020,11:53:21,23,13.65,250,21.05,250,0,7750
SRF30Jan203650CE.NFO,07/01/2020,11:53:23,23,13.7,250,21.05,250,0,7750
SRF30Jan203650CE.NFO,07/01/2020,11:53:23,23,13.75,250,21.05,250,0,7750
SRF30Jan203650CE.NFO,07/01/2020,11:53:24,23,13.9,250,20.85,250,0,7750
SRF30Jan203650CE.NFO,07/01/2020,11:53:25,23,12.05,750,20.85,250,0,7750
SRF30Jan203650CE.NFO,07/01/2020,11:53:26,23,12.65,250,20.85,250,0,7750
SRF30Jan203650CE.NFO,07/01/2020,11:53:27,23,12.75,250,20.85,250,0,7750
SRF30Jan203650CE.NFO,07/01/2020,11:53:29,23,12.9,250,20.85,250,0,7750
SRF30Jan203650CE.NFO,07/01/2020,11:53:30,23,13.2,250,20.85,250,0,7750
SRF30Jan203650CE.NFO,07/01/2020,11:53:31,23,13.45,250,20.8,250,0,7750
SRF30Jan203650CE.NFO,07/01/2020,11:53:33,23,12.4,750,21.2,250,0,7750
SRF30Jan203650CE.NFO,07/01/2020,11:53:33,23,12.6,250,21.2,250,0,7750
SRF30Jan203650CE.NFO,07/01/2020,11:53:35,23,12.7,250,21.2,250,0,7750
SRF30Jan203650CE.NFO,07/01/2020,11:53:36,23,12.8,250,21.2,250,0,7750
SRF30Jan203650CE.NFO,07/01/2020,11:53:37,23,12.9,250,21.15,250,0,7750
SRF30Jan203650CE.NFO,07/01/2020,11:53:38,23,13,250,21.15,250,0,7750
SRF30Jan203650CE.NFO,07/01/2020,11:53:39,23,13.2,250,21.15,250,0,7750
SRF30Jan203650CE.NFO,07/01/2020,11:53:40,23,13.45,250,21.2,250,0,7750
SRF30Jan203650CE.NFO,07/01/2020,11:53:41,23,13.5,250,21.2,250,0,7750
SRF30Jan203650CE.NFO,07/01/2020,11:53:43,23,13.7,250,21.2,250,0,7750
SRF30Jan203650CE.NFO,07/01/2020,11:53:44,23,13.75,250,21.2,250,0,7750
SRF30Jan203650CE.NFO,07/01/2020,11:53:45,23,12.75,250,21.2,250,0,7750
SRF30Jan203650CE.NFO,07/01/2020,11:53:45,23,12.85,250,21.2,250,0,7750
SRF30Jan203650CE.NFO,07/01/2020,11:53:46,23,13.45,250,21.2,250,0,7750
SRF30Jan203650CE.NFO,07/01/2020,11:53:48,23,13.75,250,21.2,250,0,7750
SRF30Jan203650CE.NFO,07/01/2020,11:53:49,23,13.85,250,21.2,250,0,7750
SRF30Jan203650CE.NFO,07/01/2020,11:53:51,23,13.9,250,21.2,250,0,7750
SRF30Jan203650CE.NFO,07/01/2020,11:53:51,23,13.95,250,21.2,250,0,7750
SRF30Jan203650CE.NFO,07/01/2020,11:53:52,23,14.05,250,21.2,250,0,7750
SRF30Jan203650CE.NFO,07/01/2020,11:53:54,23,12.8,250,21.2,250,0,7750
SRF30Jan203650CE.NFO,07/01/2020,11:53:55,23,12.85,250,21.2,250,0,7750
SRF30Jan203650CE.NFO,07/01/2020,11:53:56,23,13.05,250,21.2,250,0,7750
SRF30Jan203650CE.NFO,07/01/2020,11:53:57,23,13.15,250,21.2,250,0,7750
SRF30Jan203650CE.NFO,07/01/2020,11:53:58,23,13.3,250,21.2,250,0,7750
SRF30Jan203650CE.NFO,07/01/2020,11:53:59,23,13.35,250,21.2,250,0,7750
SRF30Jan203650CE.NFO,07/01/2020,11:54:00,23,13.6,250,21.2,250,0,7750
SRF30Jan203650CE.NFO,07/01/2020,11:54:00,23,13.7,250,21.2,250,0,7750
SRF30Jan203650CE.NFO,07/01/2020,11:54:02,23,13.8,250,21.2,250,0,7750
SRF30Jan203650CE.NFO,07/01/2020,11:54:02,23,12.8,250,21.2,250,0,7750
SRF30Jan203650CE.NFO,07/01/2020,11:54:03,23,12.9,250,21.2,250,0,7750
SRF30Jan203650CE.NFO,07/01/2020,11:54:05,23,13,250,21.2,250,0,7750
SRF30Jan203650CE.NFO,07/01/2020,11:54:06,23,13.1,250,21.15,250,0,7750
SRF30Jan203650CE.NFO,07/01/2020,11:54:10,23,13.15,250,21.2,250,0,7750
SRF30Jan203650CE.NFO,07/01/2020,11:54:11,23,13.25,250,21.2,250,0,7750
SRF30Jan203650CE.NFO,07/01/2020,11:54:11,23,13.3,250,21.2,250,0,7750
SRF30Jan203650CE.NFO,07/01/2020,11:54:16,23,12.7,250,21.2,250,0,7750
SRF30Jan203650CE.NFO,07/01/2020,11:54:20,23,13.2,250,21.2,250,0,7750
SRF30Jan203650CE.NFO,07/01/2020,11:54:24,23,13.95,250,21.3,250,0,7750
SRF30Jan203650CE.NFO,07/01/2020,11:54:27,23,14.3,250,21.3,250,0,7750
SRF30Jan203650CE.NFO,07/01/2020,11:54:31,23,13,250,21.3,250,0,7750
SRF30Jan203650CE.NFO,07/01/2020,11:54:34,23,13.65,250,21.3,250,0,7750
SRF30Jan203650CE.NFO,07/01/2020,11:54:37,23,13.05,250,21.3,250,0,7750
SRF30Jan203650CE.NFO,07/01/2020,11:54:40,23,13.35,250,21.3,250,0,7750
SRF30Jan203650CE.NFO,07/01/2020,11:54:42,23,13.7,250,21.3,250,0,7750
SRF30Jan203650CE.NFO,07/01/2020,11:54:44,23,12.9,250,21.3,250,0,7750
SRF30Jan203650CE.NFO,07/01/2020,11:54:46,23,13.3,250,21.3,250,0,7750
SRF30Jan203650CE.NFO,07/01/2020,11:54:48,23,13.7,250,21.3,250,0,7750
SRF30Jan203650CE.NFO,07/01/2020,11:54:49,23,13.9,250,21.3,250,0,7750
SRF30Jan203650CE.NFO,07/01/2020,11:54:51,23,14.1,250,21.3,250,0,7750
SRF30Jan203650CE.NFO,07/01/2020,11:54:54,23,13.25,250,21.3,250,0,7750
SRF30Jan203650CE.NFO,07/01/2020,11:54:57,23,13.6,250,21.3,250,0,7750
SRF30Jan203650CE.NFO,07/01/2020,11:55:00,23,12.55,250,21.3,250,0,7750
SRF30Jan203650CE.NFO,07/01/2020,11:55:04,23,13.45,250,21.25,250,0,7750
SRF30Jan203650CE.NFO,07/01/2020,11:55:07,23,12.75,250,21.25,250,0,7750
SRF30Jan203650CE.NFO,07/01/2020,11:55:11,23,13.15,250,21.25,250,0,7750
SRF30Jan203650CE.NFO,07/01/2020,11:55:14,23,13.55,250,21.25,250,0,7750
SRF30Jan203650CE.NFO,07/01/2020,11:55:17,23,13.85,250,21.25,250,0,7750
SRF30Jan203650CE.NFO,07/01/2020,11:55:21,23,13,250,21.25,250,0,7750
SRF30Jan203650CE.NFO,07/01/2020,11:55:24,23,13.55,250,21.25,250,0,7750
SRF30Jan203650CE.NFO,07/01/2020,11:55:27,23,14.05,250,21.25,250,0,7750
SRF30Jan203650CE.NFO,07/01/2020,11:55:31,23,13,250,21.25,250,0,7750
SRF30Jan203650CE.NFO,07/01/2020,11:55:34,23,13.65,250,21.25,250,0,7750
SRF30Jan203650CE.NFO,07/01/2020,11:55:37,23,14.2,250,21.25,250,0,7750
SRF30Jan203650CE.NFO,07/01/2020,11:55:40,23,13.25,250,21.25,250,0,7750
SRF30Jan203650CE.NFO,07/01/2020,11:55:43,23,14.3,250,21.35,250,0,7750
SRF30Jan203650CE.NFO,07/01/2020,11:55:46,23,13.35,250,21.5,250,0,7750
SRF30Jan203650CE.NFO,07/01/2020,11:55:50,23,14.3,250,21.55,250,0,7750
SRF30Jan203650CE.NFO,07/01/2020,11:55:53,23,10.3,2250,21.5,250,0,7750
SRF30Jan203650CE.NFO,07/01/2020,11:55:56,23,13.25,250,21.5,250,0,7750
SRF30Jan203650CE.NFO,07/01/2020,11:56:04,23,13.85,250,21.5,250,0,7750
SRF30Jan203650CE.NFO,07/01/2020,11:56:08,23,13.35,250,21.5,250,0,7750
SRF30Jan203650CE.NFO,07/01/2020,11:56:12,23,12.75,250,21.5,250,0,7750
SRF30Jan203650CE.NFO,07/01/2020,11:56:14,23,12.9,250,21.5,250,0,7750
SRF30Jan203650CE.NFO,07/01/2020,11:56:14,23,12.95,250,21.5,250,0,7750
SRF30Jan203650CE.NFO,07/01/2020,11:56:16,23,13,250,21.5,250,0,7750
SRF30Jan203650CE.NFO,07/01/2020,11:56:18,23,13.45,250,21.5,250,0,7750
SRF30Jan203650CE.NFO,07/01/2020,11:56:19,23,13.7,250,21.5,250,0,7750
SRF30Jan203650CE.NFO,07/01/2020,11:56:20,23,13,250,21.5,250,0,7750
SRF30Jan203650CE.NFO,07/01/2020,11:56:21,23,13.4,250,21.55,250,0,7750
SRF30Jan203650CE.NFO,07/01/2020,11:56:21,23,13.7,250,21.55,250,0,7750
SRF30Jan203650CE.NFO,07/01/2020,11:56:22,23,13.9,250,21.55,250,0,7750
SRF30Jan203650CE.NFO,07/01/2020,11:56:24,23,12.85,250,21.45,250,0,7750
SRF30Jan203650CE.NFO,07/01/2020,11:56:25,23,12.95,250,21.45,250,0,7750
SRF30Jan203650CE.NFO,07/01/2020,11:56:26,23,13.05,250,21.45,250,0,7750
SRF30Jan203650CE.NFO,07/01/2020,11:56:27,23,13.25,250,21.45,250,0,7750
SRF30Jan203650CE.NFO,07/01/2020,11:56:29,23,13.8,250,21.45,250,0,7750
SRF30Jan203650CE.NFO,07/01/2020,11:56:30,23,14,250,21.45,250,0,7750
SRF30Jan203650CE.NFO,07/01/2020,11:56:31,23,14.1,250,21.45,250,0,7750
SRF30Jan203650CE.NFO,07/01/2020,11:56:32,23,12.8,750,21.45,250,0,7750
SRF30Jan203650CE.NFO,07/01/2020,11:56:33,23,13.4,250,21.45,250,0,7750
SRF30Jan203650CE.NFO,07/01/2020,11:56:33,23,13.85,250,21.45,250,0,7750
SRF30Jan203650CE.NFO,07/01/2020,11:56:34,23,13.9,250,21.45,250,0,7750
SRF30Jan203650CE.NFO,07/01/2020,11:56:35,23,12.9,250,21.45,250,0,7750
SRF30Jan203650CE.NFO,07/01/2020,11:56:37,23,13.45,250,21.35,250,0,7750
SRF30Jan203650CE.NFO,07/01/2020,11:56:38,23,13.9,250,21.35,250,0,7750
SRF30Jan203650CE.NFO,07/01/2020,11:56:39,23,14.05,250,21.35,250,0,7750
SRF30Jan203650CE.NFO,07/01/2020,11:56:40,23,14.1,250,21.35,250,0,7750
SRF30Jan203650CE.NFO,07/01/2020,11:56:41,23,11.95,500,21.35,250,0,7750
SRF30Jan203650CE.NFO,07/01/2020,11:56:42,23,12.85,750,21.35,250,0,7750
SRF30Jan203650CE.NFO,07/01/2020,11:56:42,23,13.05,250,21.35,250,0,7750
SRF30Jan203650CE.NFO,07/01/2020,11:56:43,23,13.4,250,21.35,250,0,7750
SRF30Jan203650CE.NFO,07/01/2020,11:56:44,23,13.8,250,21.35,250,0,7750
SRF30Jan203650CE.NFO,07/01/2020,11:56:45,23,14.05,250,21.35,250,0,7750
SRF30Jan203650CE.NFO,07/01/2020,11:56:47,23,12.75,750,21.35,250,0,7750
SRF30Jan203650CE.NFO,07/01/2020,11:56:48,23,13.2,250,21.35,250,0,7750
SRF30Jan203650CE.NFO,07/01/2020,11:56:49,23,13.6,250,21.35,250,0,7750
SRF30Jan203650CE.NFO,07/01/2020,11:56:50,23,13.9,250,21.35,250,0,7750
SRF30Jan203650CE.NFO,07/01/2020,11:56:51,23,14.15,250,21.35,250,0,7750
SRF30Jan203650CE.NFO,07/01/2020,11:56:52,23,12.15,250,21.35,250,0,7750
SRF30Jan203650CE.NFO,07/01/2020,11:56:53,23,12.85,250,21.35,250,0,7750
SRF30Jan203650CE.NFO,07/01/2020,11:56:53,23,13.25,250,21.5,250,0,7750
SRF30Jan203650CE.NFO,07/01/2020,11:56:55,23,13.7,250,21.35,250,0,7750
SRF30Jan203650CE.NFO,07/01/2020,11:56:55,23,13.9,250,21.35,250,0,7750
SRF30Jan203650CE.NFO,07/01/2020,11:56:56,23,12.95,250,21.35,250,0,7750
SRF30Jan203650CE.NFO,07/01/2020,11:56:57,23,13.2,250,21.5,250,0,7750
SRF30Jan203650CE.NFO,07/01/2020,11:56:58,23,13.6,250,21.5,250,0,7750
SRF30Jan203650CE.NFO,07/01/2020,11:56:59,23,13.7,250,21.5,250,0,7750
SRF30Jan203650CE.NFO,07/01/2020,11:57:00,23,13.8,250,21.5,250,0,7750
SRF30Jan203650CE.NFO,07/01/2020,11:57:01,23,13.85,250,21.5,250,0,7750
SRF30Jan203650CE.NFO,07/01/2020,11:57:03,23,14.25,250,21.55,250,0,7750
SRF30Jan203650CE.NFO,07/01/2020,11:57:04,23,12.85,250,21.55,250,0,7750
SRF30Jan203650CE.NFO,07/01/2020,11:57:05,23,13.2,250,21.55,250,0,7750
SRF30Jan203650CE.NFO,07/01/2020,11:57:06,23,13.6,250,21.55,250,0,7750
SRF30Jan203650CE.NFO,07/01/2020,11:57:07,23,13.85,250,21.55,250,0,7750
SRF30Jan203650CE.NFO,07/01/2020,11:57:08,23,12.9,250,21.55,250,0,7750
SRF30Jan203650CE.NFO,07/01/2020,11:57:09,23,13.25,250,21.55,250,0,7750
SRF30Jan203650CE.NFO,07/01/2020,11:57:10,23,13.5,250,21.55,250,0,7750
SRF30Jan203650CE.NFO,07/01/2020,11:57:10,23,13.85,250,21.55,250,0,7750
SRF30Jan203650CE.NFO,07/01/2020,11:57:11,23,14.15,250,21.55,250,0,7750
SRF30Jan203650CE.NFO,07/01/2020,11:57:15,23,14.15,250,21.35,250,0,7750
SRF30Jan203650CE.NFO,07/01/2020,11:57:19,23,13.85,250,21.35,250,0,7750
SRF30Jan203650CE.NFO,07/01/2020,11:57:22,23,13.6,250,21.35,250,0,7750
SRF30Jan203650CE.NFO,07/01/2020,11:57:26,23,13.55,250,21.35,250,0,7750
SRF30Jan203650CE.NFO,07/01/2020,11:57:30,23,13.3,250,21.35,250,0,7750
SRF30Jan203650CE.NFO,07/01/2020,11:57:40,23,13.95,250,21.35,250,0,7750
SRF30Jan203650CE.NFO,07/01/2020,11:57:45,23,7.9,1250,21.35,250,0,7750
SRF30Jan203650CE.NFO,07/01/2020,11:57:50,23,12.75,250,21.15,250,0,7750
SRF30Jan203650CE.NFO,07/01/2020,11:57:55,23,13.15,250,21.15,250,0,7750
SRF30Jan203650CE.NFO,07/01/2020,11:58:00,23,13.85,250,21.15,250,0,7750
SRF30Jan203650CE.NFO,07/01/2020,11:58:05,23,12.95,250,21.15,250,0,7750
SRF30Jan203650CE.NFO,07/01/2020,11:58:09,23,13.55,250,21.15,250,0,7750
SRF30Jan203650CE.NFO,07/01/2020,11:58:13,23,13.35,250,21.15,250,0,7750
SRF30Jan203650CE.NFO,07/01/2020,11:58:17,23,13.15,250,21.15,250,0,7750
SRF30Jan203650CE.NFO,07/01/2020,11:58:20,23,13.95,250,21.15,250,0,7750
SRF30Jan203650CE.NFO,07/01/2020,11:58:24,23,12.8,250,21.15,250,0,7750
SRF30Jan203650CE.NFO,07/01/2020,11:58:28,23,12.95,250,21.15,250,0,7750
SRF30Jan203650CE.NFO,07/01/2020,11:58:32,23,13.35,250,21.15,250,0,7750
SRF30Jan203650CE.NFO,07/01/2020,11:58:35,23,13.45,250,21.15,250,0,7750
SRF30Jan203650CE.NFO,07/01/2020,11:58:40,23,12.95,250,21.15,250,0,7750
SRF30Jan203650CE.NFO,07/01/2020,11:58:44,23,13.15,250,21.15,250,0,7750
SRF30Jan203650CE.NFO,07/01/2020,11:58:48,23,14.1,250,21.15,250,0,7750
SRF30Jan203650CE.NFO,07/01/2020,11:58:52,23,12.65,250,21.1,250,0,7750
SRF30Jan203650CE.NFO,07/01/2020,11:58:55,23,13.05,250,21.1,250,0,7750
SRF30Jan203650CE.NFO,07/01/2020,11:58:59,23,13.2,250,21.1,250,0,7750
SRF30Jan203650CE.NFO,07/01/2020,11:59:02,23,13.95,250,21.1,250,0,7750
SRF30Jan203650CE.NFO,07/01/2020,11:59:06,23,12.7,250,21.1,250,0,7750
SRF30Jan203650CE.NFO,07/01/2020,11:59:09,23,13,250,21.1,250,0,7750
SRF30Jan203650CE.NFO,07/01/2020,11:59:12,23,13.2,250,21.1,250,0,7750
SRF30Jan203650CE.NFO,07/01/2020,11:59:15,23,13.6,250,21.1,250,0,7750
SRF30Jan203650CE.NFO,07/01/2020,11:59:23,23,11.55,250,21.1,250,0,7750
SRF30Jan203650CE.NFO,07/01/2020,11:59:27,23,12.55,250,21.1,250,0,7750
SRF30Jan203650CE.NFO,07/01/2020,11:59:31,23,12.75,250,21.1,250,0,7750
SRF30Jan203650CE.NFO,07/01/2020,11:59:35,23,13.45,250,21.1,250,0,7750
SRF30Jan203650CE.NFO,07/01/2020,11:59:39,23,13.15,250,21.1,250,0,7750
SRF30Jan203650CE.NFO,07/01/2020,11:59:42,23,13.8,250,20.8,250,0,7750
SRF30Jan203650CE.NFO,07/01/2020,11:59:46,23,14.1,250,20.8,250,0,7750
SRF30Jan203650CE.NFO,07/01/2020,11:59:51,23,13.9,250,20.8,250,0,7750
SRF30Jan203650CE.NFO,07/01/2020,11:59:59,23,13.5,250,21.05,250,0,7750
SRF30Jan203650CE.NFO,07/01/2020,12:00:02,23,12.7,250,21.05,250,0,7750
SRF30Jan203650CE.NFO,07/01/2020,12:00:10,23,14.2,250,21.05,250,0,7750
SRF30Jan203650CE.NFO,07/01/2020,12:00:14,23,12.9,250,21.05,250,0,7750
SRF30Jan203650CE.NFO,07/01/2020,12:00:18,23,12.75,250,21,250,0,7750
SRF30Jan203650CE.NFO,07/01/2020,12:00:22,23,13.05,250,21,250,0,7750
SRF30Jan203650CE.NFO,07/01/2020,12:00:26,23,14.15,250,21,250,0,7750
SRF30Jan203650CE.NFO,07/01/2020,12:00:30,23,13.7,250,21,250,0,7750
SRF30Jan203650CE.NFO,07/01/2020,12:00:35,23,13.85,250,21,250,0,7750
SRF30Jan203650CE.NFO,07/01/2020,12:00:39,23,14.9,250,21,250,0,7750
SRF30Jan203650CE.NFO,07/01/2020,12:00:43,23,13,250,21,250,0,7750
SRF30Jan203650CE.NFO,07/01/2020,12:00:47,23,13.7,250,21,250,0,7750
SRF30Jan203650CE.NFO,07/01/2020,12:00:50,23,12.8,250,21,250,0,7750
SRF30Jan203650CE.NFO,07/01/2020,12:00:53,23,14.25,250,21,250,0,7750
SRF30Jan203650CE.NFO,07/01/2020,12:00:56,23,13.35,250,21.1,250,0,7750
SRF30Jan203650CE.NFO,07/01/2020,12:00:59,23,12.3,750,21.1,250,0,7750
SRF30Jan203650CE.NFO,07/01/2020,12:01:03,23,13.05,250,21.1,250,0,7750
SRF30Jan203650CE.NFO,07/01/2020,12:01:06,23,13.8,250,21.1,250,0,7750
SRF30Jan203650CE.NFO,07/01/2020,12:01:08,23,13.75,250,21.1,250,0,7750
SRF30Jan203650CE.NFO,07/01/2020,12:01:10,23,12.6,250,21.1,250,0,7750
SRF30Jan203650CE.NFO,07/01/2020,12:01:13,23,12.8,250,21.1,250,0,7750
SRF30Jan203650CE.NFO,07/01/2020,12:01:15,23,13.2,250,21.1,250,0,7750
SRF30Jan203650CE.NFO,07/01/2020,12:01:17,23,13.3,250,21.1,250,0,7750
SRF30Jan203650CE.NFO,07/01/2020,12:01:19,23,13.4,250,21.1,250,0,7750
SRF30Jan203650CE.NFO,07/01/2020,12:01:21,23,13.5,250,21.1,250,0,7750
SRF30Jan203650CE.NFO,07/01/2020,12:01:25,23,14.1,250,21.15,250,0,7750
SRF30Jan203650CE.NFO,07/01/2020,12:01:27,23,14.5,250,21.15,250,0,7750
SRF30Jan203650CE.NFO,07/01/2020,12:01:30,23,12.65,250,21.15,250,0,7750
SRF30Jan203650CE.NFO,07/01/2020,12:01:33,23,13.8,250,21,250,0,7750
SRF30Jan203650CE.NFO,07/01/2020,12:01:36,23,12.85,250,20.95,250,0,7750
SRF30Jan203650CE.NFO,07/01/2020,12:01:40,23,14.5,250,20.95,250,0,7750
SRF30Jan203650CE.NFO,07/01/2020,12:01:43,23,12.7,250,20.95,250,0,7750
SRF30Jan203650CE.NFO,07/01/2020,12:01:45,23,13.5,250,20.95,250,0,7750
SRF30Jan203650CE.NFO,07/01/2020,12:01:48,23,14.8,250,20.85,250,0,7750
SRF30Jan203650CE.NFO,07/01/2020,12:01:52,23,13.6,250,21.1,250,0,7750
SRF30Jan203650CE.NFO,07/01/2020,12:01:54,23,14.5,250,21.3,250,0,7750
SRF30Jan203650CE.NFO,07/01/2020,12:01:57,23,15.05,250,21.25,250,0,7750
SRF30Jan203650CE.NFO,07/01/2020,12:02:00,23,13,250,21.15,250,0,7750
SRF30Jan203650CE.NFO,07/01/2020,12:02:02,23,14,250,21.25,250,0,7750
SRF30Jan203650CE.NFO,07/01/2020,12:02:05,23,14.3,250,21.2,250,0,7750
SRF30Jan203650CE.NFO,07/01/2020,12:02:11,23,14.8,250,21.2,250,0,7750
SRF30Jan203650CE.NFO,07/01/2020,12:02:14,23,15.05,250,21.2,250,0,7750
SRF30Jan203650CE.NFO,07/01/2020,12:02:17,23,13.1,250,21.2,250,0,7750
SRF30Jan203650CE.NFO,07/01/2020,12:02:20,23,13.6,250,21.2,250,0,7750
SRF30Jan203650CE.NFO,07/01/2020,12:02:23,23,13.9,250,21.2,250,0,7750
SRF30Jan203650CE.NFO,07/01/2020,12:02:26,23,14,250,21.2,250,0,7750
SRF30Jan203650CE.NFO,07/01/2020,12:02:30,23,14.2,250,21.2,250,0,7750
SRF30Jan203650CE.NFO,07/01/2020,12:02:36,23,14.9,250,21.2,250,0,7750
SRF30Jan203650CE.NFO,07/01/2020,12:02:43,23,13.2,250,21.45,250,0,7750
SRF30Jan203650CE.NFO,07/01/2020,12:02:50,23,14.8,250,21.65,250,0,7750
SRF30Jan203650CE.NFO,07/01/2020,12:02:55,23,11.8,1500,21.65,250,0,7750
SRF30Jan203650CE.NFO,07/01/2020,12:03:00,23,13.3,250,21.65,250,0,7750
SRF30Jan203650CE.NFO,07/01/2020,12:03:05,23,14.2,250,21.65,250,0,7750
SRF30Jan203650CE.NFO,07/01/2020,12:03:11,23,14.55,250,21.65,250,0,7750
SRF30Jan203650CE.NFO,07/01/2020,12:03:17,23,13.75,250,21.65,250,0,7750
SRF30Jan203650CE.NFO,07/01/2020,12:03:22,23,14.1,250,21.7,250,0,7750
SRF30Jan203650CE.NFO,07/01/2020,12:03:28,23,15.3,250,21.7,250,0,7750
SRF30Jan203650CE.NFO,07/01/2020,12:03:34,23,12.45,250,21.7,250,0,7750
SRF30Jan203650CE.NFO,07/01/2020,12:03:38,23,14.9,250,21.7,250,0,7750
SRF30Jan203650CE.NFO,07/01/2020,12:03:43,23,13.95,250,21.7,250,0,7750
SRF30Jan203650CE.NFO,07/01/2020,12:03:47,23,14.75,250,21.7,250,0,7750
SRF30Jan203650CE.NFO,07/01/2020,12:03:50,23,15.7,250,21.7,250,0,7750
SRF30Jan203650CE.NFO,07/01/2020,12:03:53,23,15.25,250,21.7,250,0,7750
SRF30Jan203650CE.NFO,07/01/2020,12:03:57,23,14.2,250,21.7,250,0,7750
SRF30Jan203650CE.NFO,07/01/2020,12:04:00,23,15.45,250,21.7,250,0,7750
SRF30Jan203650CE.NFO,07/01/2020,12:04:04,23,13.35,250,21.7,250,0,7750
SRF30Jan203650CE.NFO,07/01/2020,12:04:07,23,14.8,250,21.7,250,0,7750
SRF30Jan203650CE.NFO,07/01/2020,12:04:11,23,14.7,250,21.7,250,0,7750
SRF30Jan203650CE.NFO,07/01/2020,12:04:12,23,13.55,250,21.7,250,0,7750
SRF30Jan203650CE.NFO,07/01/2020,12:04:13,23,14.85,250,21.7,250,0,7750
SRF30Jan203650CE.NFO,07/01/2020,12:04:13,23,15,250,21.7,250,0,7750
SRF30Jan203650CE.NFO,07/01/2020,12:04:14,23,13.65,250,21.7,250,0,7750
SRF30Jan203650CE.NFO,07/01/2020,12:04:16,23,15.3,250,21.7,250,0,7750
SRF30Jan203650CE.NFO,07/01/2020,12:04:16,23,13.65,250,21.7,250,0,7750
SRF30Jan203650CE.NFO,07/01/2020,12:04:18,23,15.35,250,21.7,250,0,7750
SRF30Jan203650CE.NFO,07/01/2020,12:04:18,23,13.85,250,21.7,250,0,7750
SRF30Jan203650CE.NFO,07/01/2020,12:04:20,23,15.45,250,21.7,250,0,7750
SRF30Jan203650CE.NFO,07/01/2020,12:04:21,23,14.2,250,21.7,250,0,7750
SRF30Jan203650CE.NFO,07/01/2020,12:04:22,23,15.15,250,21.7,250,0,7750
SRF30Jan203650CE.NFO,07/01/2020,12:04:23,23,13.65,250,21.7,250,0,7750
SRF30Jan203650CE.NFO,07/01/2020,12:04:24,23,14.1,250,21.7,250,0,7750
SRF30Jan203650CE.NFO,07/01/2020,12:04:25,23,14.2,250,21.7,250,0,7750
SRF30Jan203650CE.NFO,07/01/2020,12:04:26,23,14.3,250,21.7,250,0,7750
SRF30Jan203650CE.NFO,07/01/2020,12:04:27,23,15.05,250,21.7,250,0,7750
SRF30Jan203650CE.NFO,07/01/2020,12:04:28,23,15.55,250,21.7,250,0,7750
SRF30Jan203650CE.NFO,07/01/2020,12:04:29,23,13.85,250,21.7,250,0,7750
SRF30Jan203650CE.NFO,07/01/2020,12:04:30,23,14.65,250,21.7,250,0,7750
SRF30Jan203650CE.NFO,07/01/2020,12:04:31,23,13.4,250,21.7,250,0,7750
SRF30Jan203650CE.NFO,07/01/2020,12:04:32,23,14.4,250,21.7,250,0,7750
SRF30Jan203650CE.NFO,07/01/2020,12:04:33,23,15.85,250,21.7,250,0,7750
SRF30Jan203650CE.NFO,07/01/2020,12:04:34,23,13.75,250,21.7,250,0,7750
SRF30Jan203650CE.NFO,07/01/2020,12:04:35,23,14.6,250,21.7,250,0,7750
SRF30Jan203650CE.NFO,07/01/2020,12:04:36,23,15.5,250,21.7,250,0,7750
SRF30Jan203650CE.NFO,07/01/2020,12:04:37,23,13.85,250,21.7,250,0,7750
SRF30Jan203650CE.NFO,07/01/2020,12:04:37,23,14.4,250,21.7,250,0,7750
SRF30Jan203650CE.NFO,07/01/2020,12:04:38,23,15.3,250,21.7,250,0,7750
SRF30Jan203650CE.NFO,07/01/2020,12:04:39,23,13,1250,21.7,250,0,7750
SRF30Jan203650CE.NFO,07/01/2020,12:04:40,23,13.9,250,21.7,250,0,7750
SRF30Jan203650CE.NFO,07/01/2020,12:04:42,23,15.8,250,21.8,250,0,7750
SRF30Jan203650CE.NFO,07/01/2020,12:04:42,23,15.85,250,21.8,250,0,7750
SRF30Jan203650CE.NFO,07/01/2020,12:04:44,23,13.6,250,21.8,250,0,7750
SRF30Jan203650CE.NFO,07/01/2020,12:04:45,23,14.15,250,21.75,250,0,7750
SRF30Jan203650CE.NFO,07/01/2020,12:04:46,23,14.65,250,21.75,250,0,7750
SRF30Jan203650CE.NFO,07/01/2020,12:04:47,23,14.75,250,21.75,250,0,7750
SRF30Jan203650CE.NFO,07/01/2020,12:04:48,23,14.85,250,21.75,250,0,7750
SRF30Jan203650CE.NFO,07/01/2020,12:04:50,23,15.05,250,21.75,250,0,7750
SRF30Jan203650CE.NFO,07/01/2020,12:04:51,23,15.35,250,21.75,250,0,7750
SRF30Jan203650CE.NFO,07/01/2020,12:04:52,23,15.55,250,21.75,250,0,7750
SRF30Jan203650CE.NFO,07/01/2020,12:04:53,23,12.8,750,21.75,250,0,7750
SRF30Jan203650CE.NFO,07/01/2020,12:04:54,23,13.2,250,21.75,250,0,7750
SRF30Jan203650CE.NFO,07/01/2020,12:04:55,23,13.3,250,21.75,250,0,7750
SRF30Jan203650CE.NFO,07/01/2020,12:04:56,23,13.35,250,21.75,250,0,7750
SRF30Jan203650CE.NFO,07/01/2020,12:04:57,23,13.4,250,21.75,250,0,7750
SRF30Jan203650CE.NFO,07/01/2020,12:04:58,23,13.7,250,21.75,250,0,7750
SRF30Jan203650CE.NFO,07/01/2020,12:04:59,23,14.2,250,21.75,250,0,7750
SRF30Jan203650CE.NFO,07/01/2020,12:05:00,23,14.25,250,21.75,250,0,7750
SRF30Jan203650CE.NFO,07/01/2020,12:05:00,23,14.35,250,21.75,250,0,7750
SRF30Jan203650CE.NFO,07/01/2020,12:05:02,23,14.4,250,21.75,250,0,7750
SRF30Jan203650CE.NFO,07/01/2020,12:05:02,23,14.6,250,21.75,250,0,7750
SRF30Jan203650CE.NFO,07/01/2020,12:05:04,23,14.7,250,21.75,250,0,7750
SRF30Jan203650CE.NFO,07/01/2020,12:05:06,23,14.9,250,21.75,250,0,7750
SRF30Jan203650CE.NFO,07/01/2020,12:05:07,23,15.05,250,21.75,250,0,7750
SRF30Jan203650CE.NFO,07/01/2020,12:05:08,23,15.2,250,21.75,250,0,7750
SRF30Jan203650CE.NFO,07/01/2020,12:05:08,23,15.25,250,21.85,250,0,7750
SRF30Jan203650CE.NFO,07/01/2020,12:05:09,23,15.45,250,21.85,250,0,7750
SRF30Jan203650CE.NFO,07/01/2020,12:05:10,23,15.7,250,21.85,250,0,7750
SRF30Jan203650CE.NFO,07/01/2020,12:05:11,23,15.8,250,21.85,250,0,7750
SRF30Jan203650CE.NFO,07/01/2020,12:05:15,23,13.2,250,21.85,250,0,7750
SRF30Jan203650CE.NFO,07/01/2020,12:05:18,23,14.65,250,21.85,250,0,7750
SRF30Jan203650CE.NFO,07/01/2020,12:05:21,23,13.2,250,21.85,250,0,7750
SRF30Jan203650CE.NFO,07/01/2020,12:05:25,23,15.05,250,21.85,250,0,7750
SRF30Jan203650CE.NFO,07/01/2020,12:05:29,23,13.75,250,21.85,250,0,7750
SRF30Jan203650CE.NFO,07/01/2020,12:05:33,23,15.4,250,21.85,250,0,7750
SRF30Jan203650CE.NFO,07/01/2020,12:05:37,23,13.45,250,21.85,250,0,7750
SRF30Jan203650CE.NFO,07/01/2020,12:05:40,23,14.55,250,21.85,250,0,7750
SRF30Jan203650CE.NFO,07/01/2020,12:05:42,23,14.95,250,21.85,250,0,7750
SRF30Jan203650CE.NFO,07/01/2020,12:05:45,23,15.15,250,21.85,250,0,7750
SRF30Jan203650CE.NFO,07/01/2020,12:05:48,23,13.15,250,21.85,250,0,7750
SRF30Jan203650CE.NFO,07/01/2020,12:05:51,23,15.25,250,21.85,250,0,7750
SRF30Jan203650CE.NFO,07/01/2020,12:05:55,23,13.95,250,21.85,250,0,7750
SRF30Jan203650CE.NFO,07/01/2020,12:05:59,23,14.95,250,21.85,250,0,7750
SRF30Jan203650CE.NFO,07/01/2020,12:06:03,23,15.15,250,21.6,250,0,7750
SRF30Jan203650CE.NFO,07/01/2020,12:06:06,23,12.65,750,21.65,250,0,7750
SRF30Jan203650CE.NFO,07/01/2020,12:06:10,23,14.35,250,21.55,250,0,7750
SRF30Jan203650CE.NFO,07/01/2020,12:06:12,23,15.05,250,21.55,250,0,7750
SRF30Jan203650CE.NFO,07/01/2020,12:06:16,23,12.45,750,21.55,250,0,7750
SRF30Jan203650CE.NFO,07/01/2020,12:06:20,23,13.6,250,21.55,250,0,7750
SRF30Jan203650CE.NFO,07/01/2020,12:06:24,23,14.3,250,21.55,250,0,7750
SRF30Jan203650CE.NFO,07/01/2020,12:06:26,23,12.9,250,21.55,250,0,7750
SRF30Jan203650CE.NFO,07/01/2020,12:06:30,23,14.1,250,21.55,250,0,7750
SRF30Jan203650CE.NFO,07/01/2020,12:06:33,23,12.15,750,21.55,250,0,7750
SRF30Jan203650CE.NFO,07/01/2020,12:06:36,23,13.95,250,21.7,250,0,7750
SRF30Jan203650CE.NFO,07/01/2020,12:06:39,23,15.35,250,21.7,250,0,7750
SRF30Jan203650CE.NFO,07/01/2020,12:06:42,23,14,250,21.7,250,0,7750
SRF30Jan203650CE.NFO,07/01/2020,12:06:45,23,12.4,750,21.7,250,0,7750
SRF30Jan203650CE.NFO,07/01/2020,12:06:49,23,14.15,250,21.7,250,0,7750
SRF30Jan203650CE.NFO,07/01/2020,12:06:51,23,15.6,250,21.7,250,0,7750
SRF30Jan203650CE.NFO,07/01/2020,12:06:54,23,13.9,250,21.7,250,0,7750
SRF30Jan203650CE.NFO,07/01/2020,12:06:56,23,12.85,250,21.7,250,0,7750
SRF30Jan203650CE.NFO,07/01/2020,12:06:59,23,14.5,250,21.6,250,0,7750
SRF30Jan203650CE.NFO,07/01/2020,12:07:03,23,8.45,3750,21.6,250,0,7750
SRF30Jan203650CE.NFO,07/01/2020,12:07:07,23,12.85,250,21.6,250,0,7750
SRF30Jan203650CE.NFO,07/01/2020,12:07:10,23,14.7,250,21.6,250,0,7750
SRF30Jan203650CE.NFO,07/01/2020,12:07:12,23,14.8,250,21.6,250,0,7750
SRF30Jan203650CE.NFO,07/01/2020,12:07:13,23,14.8,250,21.55,250,0,7750
SRF30Jan203650CE.NFO,07/01/2020,12:07:14,23,12.25,750,21.55,250,0,7750
SRF30Jan203650CE.NFO,07/01/2020,12:07:15,23,13.1,250,21.55,250,0,7750
SRF30Jan203650CE.NFO,07/01/2020,12:07:16,23,13.65,250,21.75,250,0,7750
SRF30Jan203650CE.NFO,07/01/2020,12:07:17,23,14.15,250,21.75,250,0,7750
SRF30Jan203650CE.NFO,07/01/2020,12:07:18,23,14.85,250,21.75,250,0,7750
SRF30Jan203650CE.NFO,07/01/2020,12:07:19,23,11.95,750,21.75,250,0,7750
SRF30Jan203650CE.NFO,07/01/2020,12:07:20,23,13.05,250,21.75,250,0,7750
SRF30Jan203650CE.NFO,07/01/2020,12:07:21,23,13.75,250,21.75,250,0,7750
SRF30Jan203650CE.NFO,07/01/2020,12:07:22,23,14.5,250,21.75,250,0,7750
SRF30Jan203650CE.NFO,07/01/2020,12:07:23,23,14.9,250,21.75,250,0,7750
SRF30Jan203650CE.NFO,07/01/2020,12:07:24,23,14.95,250,21.75,250,0,7750
SRF30Jan203650CE.NFO,07/01/2020,12:07:25,23,12.95,250,21.75,250,0,7750
SRF30Jan203650CE.NFO,07/01/2020,12:07:27,23,13.15,250,21.75,250,0,7750
SRF30Jan203650CE.NFO,07/01/2020,12:07:28,23,13.55,250,21.75,250,0,7750
SRF30Jan203650CE.NFO,07/01/2020,12:07:29,23,14,250,21.75,250,0,7750
SRF30Jan203650CE.NFO,07/01/2020,12:07:30,23,14.15,250,21.75,250,0,7750
SRF30Jan203650CE.NFO,07/01/2020,12:07:31,23,14.5,250,21.75,250,0,7750
SRF30Jan203650CE.NFO,07/01/2020,12:07:32,23,13.35,250,21.75,250,0,7750
SRF30Jan203650CE.NFO,07/01/2020,12:07:33,23,13.95,250,21.75,250,0,7750
SRF30Jan203650CE.NFO,07/01/2020,12:07:34,23,14.55,250,21.75,250,0,7750
SRF30Jan203650CE.NFO,07/01/2020,12:07:35,23,13.15,250,21.75,250,0,7750
SRF30Jan203650CE.NFO,07/01/2020,12:07:36,23,13.85,250,21.75,250,0,7750
SRF30Jan203650CE.NFO,07/01/2020,12:07:37,23,14.35,250,21.75,250,0,7750
SRF30Jan203650CE.NFO,07/01/2020,12:07:38,23,14.75,250,21.75,250,0,7750
SRF30Jan203650CE.NFO,07/01/2020,12:07:39,23,13.15,250,21.75,250,0,7750
SRF30Jan203650CE.NFO,07/01/2020,12:07:40,23,14,250,21.75,250,0,7750
SRF30Jan203650CE.NFO,07/01/2020,12:07:41,23,14.3,250,21.75,250,0,7750
SRF30Jan203650CE.NFO,07/01/2020,12:07:42,23,14.95,250,21.75,250,0,7750
SRF30Jan203650CE.NFO,07/01/2020,12:07:43,23,12.85,250,21.75,250,0,7750
SRF30Jan203650CE.NFO,07/01/2020,12:07:46,23,12.95,250,21.75,250,0,7750
SRF30Jan203650CE.NFO,07/01/2020,12:07:47,23,13.05,250,21.75,250,0,7750
SRF30Jan203650CE.NFO,07/01/2020,12:07:48,23,13.6,250,21.75,250,0,7750
SRF30Jan203650CE.NFO,07/01/2020,12:07:49,23,14.05,250,21.75,250,0,7750
SRF30Jan203650CE.NFO,07/01/2020,12:07:50,23,14.4,250,21.75,250,0,7750
SRF30Jan203650CE.NFO,07/01/2020,12:07:51,23,14.85,250,21.75,250,0,7750
SRF30Jan203650CE.NFO,07/01/2020,12:07:52,23,13.3,250,21.75,250,0,7750
SRF30Jan203650CE.NFO,07/01/2020,12:07:53,23,13.95,250,21.75,250,0,7750
SRF30Jan203650CE.NFO,07/01/2020,12:07:54,23,14.55,250,21.75,250,0,7750
SRF30Jan203650CE.NFO,07/01/2020,12:07:55,23,12.85,250,21.75,250,0,7750
SRF30Jan203650CE.NFO,07/01/2020,12:07:56,23,13.4,250,21.75,250,0,7750
SRF30Jan203650CE.NFO,07/01/2020,12:07:57,23,13.45,250,21.75,250,0,7750
SRF30Jan203650CE.NFO,07/01/2020,12:07:58,23,13.55,250,21.75,250,0,7750
SRF30Jan203650CE.NFO,07/01/2020,12:07:59,23,13.65,250,21.75,250,0,7750
SRF30Jan203650CE.NFO,07/01/2020,12:08:01,23,13.7,250,21.75,250,0,7750
SRF30Jan203650CE.NFO,07/01/2020,12:08:02,23,13.95,250,21.75,250,0,7750
SRF30Jan203650CE.NFO,07/01/2020,12:08:03,23,14.05,250,21.75,250,0,7750
SRF30Jan203650CE.NFO,07/01/2020,12:08:04,23,14.6,250,21.75,250,0,7750
SRF30Jan203650CE.NFO,07/01/2020,12:08:05,23,15,250,21.75,250,0,7750
