Ticker,Date,Time,LTP,BuyPrice,BuyQty,SellPrice,SellQty,LTQ,OpenInterest
SRTRANSFIN30Jan201100CE.NFO,07/01/2020,10:01:55,58.8,58.8,4800,65.15,6600,600,1800
SRTRANSFIN30Jan201100CE.NFO,07/01/2020,10:01:55,58.8,58.8,4800,65.15,6600,0,1800
SRTRANSFIN30Jan201100CE.NFO,07/01/2020,10:01:55,58.8,58.8,4800,65.15,6600,0,1800
SRTRANSFIN30Jan201100CE.NFO,07/01/2020,10:01:55,58.8,58.8,4800,65.15,6600,0,1800
SRTRANSFIN30Jan201100CE.NFO,07/01/2020,10:02:01,58.8,58.8,4800,65.15,10200,0,1800
SRTRANSFIN30Jan201100CE.NFO,07/01/2020,10:02:06,58.8,58.8,4800,65.15,6600,0,1800
SRTRANSFIN30Jan201100CE.NFO,07/01/2020,10:03:26,58.8,58.8,4800,65.15,9000,0,1800
SRTRANSFIN30Jan201100CE.NFO,07/01/2020,10:03:31,58.8,58.8,4800,65.15,6600,0,1800
SRTRANSFIN30Jan201100CE.NFO,07/01/2020,10:04:14,58.8,58.8,4800,64.75,1200,0,1800
SRTRANSFIN30Jan201100CE.NFO,07/01/2020,10:04:29,58.8,58.8,4800,65.95,13800,0,1800
SRTRANSFIN30Jan201100CE.NFO,07/01/2020,10:05:17,58.8,58.8,4800,65.8,17400,0,1800
SRTRANSFIN30Jan201100CE.NFO,07/01/2020,10:05:21,58.8,58.8,4800,64.5,1200,0,1800
SRTRANSFIN30Jan201100CE.NFO,07/01/2020,10:05:31,58.8,58.8,4800,64.6,2400,0,1800
SRTRANSFIN30Jan201100CE.NFO,07/01/2020,10:05:38,58.8,58.8,4800,65,6600,0,1800
SRTRANSFIN30Jan201100CE.NFO,07/01/2020,10:05:50,58.8,58.8,4800,65,10200,0,1800
SRTRANSFIN30Jan201100CE.NFO,07/01/2020,10:05:56,58.8,57.5,6000,65,10200,0,1800
SRTRANSFIN30Jan201100CE.NFO,07/01/2020,10:06:01,58.8,57.5,8400,65,10200,0,1800
SRTRANSFIN30Jan201100CE.NFO,07/01/2020,10:06:07,58.8,57.5,4800,65,9600,0,1800
SRTRANSFIN30Jan201100CE.NFO,07/01/2020,10:06:25,58.8,57.5,1200,64.95,11400,0,1800
SRTRANSFIN30Jan201100CE.NFO,07/01/2020,10:06:57,58.8,57.5,4800,64.95,11400,0,1800
SRTRANSFIN30Jan201100CE.NFO,07/01/2020,10:07:01,58.8,57.5,3600,64.95,11400,0,1800
SRTRANSFIN30Jan201100CE.NFO,07/01/2020,10:07:12,58.8,57.5,1200,64,8400,0,1800
SRTRANSFIN30Jan201100CE.NFO,07/01/2020,10:07:17,58.8,57.5,1200,63.95,10200,0,1800
SRTRANSFIN30Jan201100CE.NFO,07/01/2020,10:07:23,58.8,57.5,1200,63.95,7800,0,1800
SRTRANSFIN30Jan201100CE.NFO,07/01/2020,10:07:29,58.8,57.5,1200,63.95,4800,0,1800
SRTRANSFIN30Jan201100CE.NFO,07/01/2020,10:07:48,58.8,57.5,4800,64.8,8400,0,1800
SRTRANSFIN30Jan201100CE.NFO,07/01/2020,10:07:54,58.8,57.65,6000,64.8,4800,0,1800
SRTRANSFIN30Jan201100CE.NFO,07/01/2020,10:07:59,58.8,57.8,5400,64.8,4800,0,1800
SRTRANSFIN30Jan201100CE.NFO,07/01/2020,10:08:04,58.8,57.9,6600,64.8,4800,0,1800
SRTRANSFIN30Jan201100CE.NFO,07/01/2020,10:08:13,58.8,58,1800,64.8,4800,0,1800
SRTRANSFIN30Jan201100CE.NFO,07/01/2020,10:08:19,58.8,58,1800,64.8,1200,0,1800
SRTRANSFIN30Jan201100CE.NFO,07/01/2020,10:08:25,58.8,58.25,4800,64.8,1200,0,1800
SRTRANSFIN30Jan201100CE.NFO,07/01/2020,10:08:31,58.8,58.5,1200,64.8,1200,0,1800
SRTRANSFIN30Jan201100CE.NFO,07/01/2020,10:08:38,58.8,58.65,6600,64.8,1200,0,1800
SRTRANSFIN30Jan201100CE.NFO,07/01/2020,10:08:45,58.8,57.95,9600,64.8,3600,0,1800
SRTRANSFIN30Jan201100CE.NFO,07/01/2020,10:08:50,58.8,57.95,4800,64.8,3600,0,1800
SRTRANSFIN30Jan201100CE.NFO,07/01/2020,10:08:56,58.8,57.95,9600,64.8,3600,0,1800
SRTRANSFIN30Jan201100CE.NFO,07/01/2020,10:09:01,58.8,57.95,4800,64.75,5400,0,1800
SRTRANSFIN30Jan201100CE.NFO,07/01/2020,10:09:07,58.8,57.95,1200,64.75,5400,0,1800
SRTRANSFIN30Jan201100CE.NFO,07/01/2020,10:09:12,58.8,57.95,1200,64.75,4200,0,1800
SRTRANSFIN30Jan201100CE.NFO,07/01/2020,10:09:17,58.8,57.95,4800,64.75,3600,0,1800
SRTRANSFIN30Jan201100CE.NFO,07/01/2020,10:09:34,58.8,57.95,1200,64.75,3600,0,1800
SRTRANSFIN30Jan201100CE.NFO,07/01/2020,10:09:39,58.8,57.95,1200,64.75,4800,0,1800
SRTRANSFIN30Jan201100CE.NFO,07/01/2020,10:10:06,58.8,57.95,8400,65.7,8400,0,1800
SRTRANSFIN30Jan201100CE.NFO,07/01/2020,10:10:13,58.8,57.95,4800,65.35,12600,0,1800
SRTRANSFIN30Jan201100CE.NFO,07/01/2020,10:10:19,58.8,57.95,1200,65,10800,0,1800
SRTRANSFIN30Jan201100CE.NFO,07/01/2020,10:10:38,58.8,57.95,1200,64.7,10200,0,1800
SRTRANSFIN30Jan201100CE.NFO,07/01/2020,10:11:02,58.8,56.45,9600,64.4,10800,0,1800
SRTRANSFIN30Jan201100CE.NFO,07/01/2020,10:11:07,58.8,56.45,9600,63.65,2400,0,1800
SRTRANSFIN30Jan201100CE.NFO,07/01/2020,10:11:12,58.8,56.45,9600,64.25,4800,0,1800
SRTRANSFIN30Jan201100CE.NFO,07/01/2020,10:11:18,58.8,56.65,13200,64.25,4800,0,1800
SRTRANSFIN30Jan201100CE.NFO,07/01/2020,10:11:33,58.8,56.7,12600,64.25,4800,0,1800
SRTRANSFIN30Jan201100CE.NFO,07/01/2020,10:11:39,58.8,57.2,9600,64.7,6600,0,1800
SRTRANSFIN30Jan201100CE.NFO,07/01/2020,10:11:45,58.8,57.35,9600,64.65,3600,0,1800
SRTRANSFIN30Jan201100CE.NFO,07/01/2020,10:11:57,58.8,57.5,7200,64.65,1800,0,1800
SRTRANSFIN30Jan201100CE.NFO,07/01/2020,10:12:03,58.8,57.55,6000,64.4,9000,0,1800
SRTRANSFIN30Jan201100CE.NFO,07/01/2020,10:12:10,58.8,57.55,6000,64.4,4800,0,1800
SRTRANSFIN30Jan201100CE.NFO,07/01/2020,10:12:15,58.8,57.55,6000,64.4,8400,0,1800
SRTRANSFIN30Jan201100CE.NFO,07/01/2020,10:12:25,58.8,57.9,3000,64.4,3600,0,1800
SRTRANSFIN30Jan201100CE.NFO,07/01/2020,10:12:36,58.8,57.95,7200,65.8,13800,0,1800
SRTRANSFIN30Jan201100CE.NFO,07/01/2020,10:12:42,58.8,57.95,7200,65.1,5400,0,1800
SRTRANSFIN30Jan201100CE.NFO,07/01/2020,10:12:52,58.8,58.3,2400,65.1,4800,0,1800
SRTRANSFIN30Jan201100CE.NFO,07/01/2020,10:12:58,58.8,58.35,7800,65.1,4800,0,1800
SRTRANSFIN30Jan201100CE.NFO,07/01/2020,10:13:03,58.8,57.6,6000,65,9000,0,1800
SRTRANSFIN30Jan201100CE.NFO,07/01/2020,10:13:09,58.8,57.65,2400,64.75,9000,0,1800
SRTRANSFIN30Jan201100CE.NFO,07/01/2020,10:13:15,58.8,57.65,2400,64.75,9600,0,1800
SRTRANSFIN30Jan201100CE.NFO,07/01/2020,10:13:28,58.8,57.65,2400,64.65,4800,0,1800
SRTRANSFIN30Jan201100CE.NFO,07/01/2020,10:13:45,58.8,57.8,6000,64.65,1200,0,1800
SRTRANSFIN30Jan201100CE.NFO,07/01/2020,10:13:51,58.8,58,2400,65.7,9600,0,1800
SRTRANSFIN30Jan201100CE.NFO,07/01/2020,10:13:57,58.8,58.05,4800,65.65,8400,0,1800
SRTRANSFIN30Jan201100CE.NFO,07/01/2020,10:14:02,58.8,58.05,6000,65.65,8400,0,1800
SRTRANSFIN30Jan201100CE.NFO,07/01/2020,10:14:07,58.8,58.1,6000,65.55,8400,0,1800
SRTRANSFIN30Jan201100CE.NFO,07/01/2020,10:14:13,58.8,58.15,6600,65.55,8400,0,1800
SRTRANSFIN30Jan201100CE.NFO,07/01/2020,10:14:18,58.8,58.25,2400,65.5,10200,0,1800
SRTRANSFIN30Jan201100CE.NFO,07/01/2020,10:14:24,58.8,57.2,13800,65.5,12600,0,1800
SRTRANSFIN30Jan201100CE.NFO,07/01/2020,10:14:30,58.8,57.35,13800,65.45,10200,0,1800
SRTRANSFIN30Jan201100CE.NFO,07/01/2020,10:14:36,58.8,57.45,12600,64.6,3600,0,1800
SRTRANSFIN30Jan201100CE.NFO,07/01/2020,10:14:42,58.8,57.45,12600,64.85,6600,0,1800
SRTRANSFIN30Jan201100CE.NFO,07/01/2020,10:14:52,58.8,57.45,13800,64.85,6600,0,1800
SRTRANSFIN30Jan201100CE.NFO,07/01/2020,10:15:10,58.8,57.55,12600,64.85,6600,0,1800
SRTRANSFIN30Jan201100CE.NFO,07/01/2020,10:15:20,58.8,57.6,9600,64.85,6600,0,1800
SRTRANSFIN30Jan201100CE.NFO,07/01/2020,10:15:30,58.8,57.8,12600,64.85,4800,0,1800
SRTRANSFIN30Jan201100CE.NFO,07/01/2020,10:15:41,58.8,57.9,11400,64.85,4800,0,1800
SRTRANSFIN30Jan201100CE.NFO,07/01/2020,10:15:47,58.8,57.95,2400,64.85,8400,0,1800
SRTRANSFIN30Jan201100CE.NFO,07/01/2020,10:15:53,58.8,57.95,2400,64.8,10200,0,1800
SRTRANSFIN30Jan201100CE.NFO,07/01/2020,10:15:59,58.8,57.95,2400,64.15,2400,0,1800
SRTRANSFIN30Jan201100CE.NFO,07/01/2020,10:16:03,58.8,57.95,6000,64.55,6000,0,1800
SRTRANSFIN30Jan201100CE.NFO,07/01/2020,10:16:08,58.8,57.95,6000,64.35,1800,0,1800
SRTRANSFIN30Jan201100CE.NFO,07/01/2020,10:16:12,58.8,57.95,6000,64.55,2400,0,1800
SRTRANSFIN30Jan201100CE.NFO,07/01/2020,10:16:17,58.8,57.95,6000,64.35,600,0,1800
SRTRANSFIN30Jan201100CE.NFO,07/01/2020,10:16:21,58.8,57.95,6000,64.5,600,0,1800
SRTRANSFIN30Jan201100CE.NFO,07/01/2020,10:16:25,58.8,57.95,6000,64.45,1200,0,1800
SRTRANSFIN30Jan201100CE.NFO,07/01/2020,10:16:30,58.8,58.05,2400,64.7,3600,0,1800
SRTRANSFIN30Jan201100CE.NFO,07/01/2020,10:16:36,58.8,58.1,8400,64.65,1800,0,1800
SRTRANSFIN30Jan201100CE.NFO,07/01/2020,10:17:00,58.8,58.15,9000,64.8,6000,0,1800
SRTRANSFIN30Jan201100CE.NFO,07/01/2020,10:17:07,58.8,58.15,7800,64.75,3600,0,1800
SRTRANSFIN30Jan201100CE.NFO,07/01/2020,10:17:13,58.8,58.2,7800,64.75,3600,0,1800
SRTRANSFIN30Jan201100CE.NFO,07/01/2020,10:17:18,58.8,58.25,6600,64.6,1200,0,1800
SRTRANSFIN30Jan201100CE.NFO,07/01/2020,10:17:27,58.8,58.25,6000,64.6,1200,0,1800
SRTRANSFIN30Jan201100CE.NFO,07/01/2020,10:17:33,58.8,58.25,6000,64.3,1800,0,1800
SRTRANSFIN30Jan201100CE.NFO,07/01/2020,10:17:38,58.8,58.25,6000,64.6,1200,0,1800
SRTRANSFIN30Jan201100CE.NFO,07/01/2020,10:17:50,58.8,58.25,6000,64.7,4200,0,1800
SRTRANSFIN30Jan201100CE.NFO,07/01/2020,10:18:14,58.8,58.25,6000,64.3,1200,0,1800
SRTRANSFIN30Jan201100CE.NFO,07/01/2020,10:18:18,58.8,58.25,6000,64.7,3600,0,1800
SRTRANSFIN30Jan201100CE.NFO,07/01/2020,10:18:34,58.8,58.3,6000,64.65,2400,0,1800
SRTRANSFIN30Jan201100CE.NFO,07/01/2020,10:18:39,58.8,58.3,6000,64.05,4800,0,1800
SRTRANSFIN30Jan201100CE.NFO,07/01/2020,10:18:44,58.8,57.1,10800,64.15,5400,0,1800
SRTRANSFIN30Jan201100CE.NFO,07/01/2020,10:18:49,58.8,57.35,6000,64.1,4800,0,1800
SRTRANSFIN30Jan201100CE.NFO,07/01/2020,10:18:54,58.8,57.35,6000,64,5400,0,1800
SRTRANSFIN30Jan201100CE.NFO,07/01/2020,10:19:20,58.8,57.35,8400,64,5400,0,1800
SRTRANSFIN30Jan201100CE.NFO,07/01/2020,10:19:30,58.8,57.35,7200,63.95,5400,0,1800
SRTRANSFIN30Jan201100CE.NFO,07/01/2020,10:19:42,58.8,57.35,6000,63.95,5400,0,1800
SRTRANSFIN30Jan201100CE.NFO,07/01/2020,10:19:53,58.8,57.35,10800,64.55,7800,0,1800
SRTRANSFIN30Jan201100CE.NFO,07/01/2020,10:19:59,58.8,57.35,10800,64.8,6600,0,1800
SRTRANSFIN30Jan201100CE.NFO,07/01/2020,10:20:04,58.8,57.35,10800,64.35,3000,0,1800
SRTRANSFIN30Jan201100CE.NFO,07/01/2020,10:20:13,58.8,57.35,10800,64.45,4200,0,1800
SRTRANSFIN30Jan201100CE.NFO,07/01/2020,10:20:23,58.8,57.35,10800,64.35,3000,0,1800
SRTRANSFIN30Jan201100CE.NFO,07/01/2020,10:20:27,58.8,57.35,10800,64.35,7800,0,1800
SRTRANSFIN30Jan201100CE.NFO,07/01/2020,10:20:32,58.8,57.35,10800,64.25,7800,0,1800
SRTRANSFIN30Jan201100CE.NFO,07/01/2020,10:21:02,58.8,57.35,10800,66,12600,0,1800
SRTRANSFIN30Jan201100CE.NFO,07/01/2020,10:21:06,58.8,57.4,12600,66,12600,0,1800
SRTRANSFIN30Jan201100CE.NFO,07/01/2020,10:21:16,58.8,57.75,12600,65.8,18000,0,1800
SRTRANSFIN30Jan201100CE.NFO,07/01/2020,10:21:20,58.8,57.75,9600,64.6,3000,0,1800
SRTRANSFIN30Jan201100CE.NFO,07/01/2020,10:21:26,58.8,57.8,11400,64.05,1200,0,1800
SRTRANSFIN30Jan201100CE.NFO,07/01/2020,10:21:31,58.8,58.25,3000,65.85,12600,0,1800
SRTRANSFIN30Jan201100CE.NFO,07/01/2020,10:21:36,58.8,58.25,6600,65.85,12600,0,1800
SRTRANSFIN30Jan201100CE.NFO,07/01/2020,10:21:45,58.8,58.35,5400,65.85,12600,0,1800
SRTRANSFIN30Jan201100CE.NFO,07/01/2020,10:21:49,58.8,58.35,7200,65.85,12600,0,1800
SRTRANSFIN30Jan201100CE.NFO,07/01/2020,10:22:12,58.8,58.4,9000,65.85,12600,0,1800
SRTRANSFIN30Jan201100CE.NFO,07/01/2020,10:22:21,58.8,58.7,3600,64.9,3600,0,1800
SRTRANSFIN30Jan201100CE.NFO,07/01/2020,10:22:30,58.8,58.7,2400,64.9,3600,0,1800
SRTRANSFIN30Jan201100CE.NFO,07/01/2020,10:22:34,58.8,58.35,6000,64.9,3600,0,1800
SRTRANSFIN30Jan201100CE.NFO,07/01/2020,10:22:38,58.8,58.35,6000,64.9,4800,0,1800
SRTRANSFIN30Jan201100CE.NFO,07/01/2020,10:22:44,58.8,58.35,4800,64.85,5400,0,1800
SRTRANSFIN30Jan201100CE.NFO,07/01/2020,10:22:51,58.8,57.55,7800,64.85,6600,0,1800
SRTRANSFIN30Jan201100CE.NFO,07/01/2020,10:22:57,58.8,57.7,9000,65.15,9000,0,1800
SRTRANSFIN30Jan201100CE.NFO,07/01/2020,10:23:02,58.8,58,9600,64.8,2400,0,1800
SRTRANSFIN30Jan201100CE.NFO,07/01/2020,10:23:07,58.8,58,7200,64.8,2400,0,1800
SRTRANSFIN30Jan201100CE.NFO,07/01/2020,10:23:17,58.8,58,9600,64.8,2400,0,1800
SRTRANSFIN30Jan201100CE.NFO,07/01/2020,10:23:31,58.8,58,6000,64.8,3600,0,1800
SRTRANSFIN30Jan201100CE.NFO,07/01/2020,10:23:41,58.8,58,6000,64.8,4800,0,1800
SRTRANSFIN30Jan201100CE.NFO,07/01/2020,10:23:46,58.8,58,6000,64.75,6600,0,1800
SRTRANSFIN30Jan201100CE.NFO,07/01/2020,10:23:59,58.8,58,6000,64.6,1800,0,1800
SRTRANSFIN30Jan201100CE.NFO,07/01/2020,10:24:06,58.8,58,4800,64.5,4200,0,1800
SRTRANSFIN30Jan201100CE.NFO,07/01/2020,10:24:11,58.8,58,4800,64.5,5400,0,1800
SRTRANSFIN30Jan201100CE.NFO,07/01/2020,10:24:16,58.8,58,6000,65.45,10200,0,1800
SRTRANSFIN30Jan201100CE.NFO,07/01/2020,10:24:35,58.8,58,6000,65.45,12600,0,1800
SRTRANSFIN30Jan201100CE.NFO,07/01/2020,10:24:47,58.8,58,6000,64.5,7800,0,1800
SRTRANSFIN30Jan201100CE.NFO,07/01/2020,10:24:51,58.8,58,6000,64.75,7800,0,1800
SRTRANSFIN30Jan201100CE.NFO,07/01/2020,10:25:00,58.8,58,4800,64.75,6600,0,1800
SRTRANSFIN30Jan201100CE.NFO,07/01/2020,10:25:05,58.8,58.15,3600,64.75,6600,0,1800
SRTRANSFIN30Jan201100CE.NFO,07/01/2020,10:25:09,58.8,58.15,4800,64.75,6600,0,1800
SRTRANSFIN30Jan201100CE.NFO,07/01/2020,10:25:20,58.8,58.2,3600,64.75,7800,0,1800
SRTRANSFIN30Jan201100CE.NFO,07/01/2020,10:25:24,58.8,58.3,6000,64.75,7800,0,1800
SRTRANSFIN30Jan201100CE.NFO,07/01/2020,10:25:28,58.8,58.3,4800,64.75,7800,0,1800
SRTRANSFIN30Jan201100CE.NFO,07/01/2020,10:25:33,58.8,58.3,4800,64.2,4800,0,1800
SRTRANSFIN30Jan201100CE.NFO,07/01/2020,10:25:37,58.8,58.3,4800,64.2,2400,0,1800
SRTRANSFIN30Jan201100CE.NFO,07/01/2020,10:25:41,58.8,58.55,4800,64.55,6600,0,1800
SRTRANSFIN30Jan201100CE.NFO,07/01/2020,10:25:45,58.8,58.55,3600,64.4,4200,0,1800
SRTRANSFIN30Jan201100CE.NFO,07/01/2020,10:25:51,58.8,58.55,3600,65.15,3000,0,1800
SRTRANSFIN30Jan201100CE.NFO,07/01/2020,10:25:56,58.8,58.55,4800,65.15,10200,0,1800
SRTRANSFIN30Jan201100CE.NFO,07/01/2020,10:26:01,58.8,58.65,2400,65.15,7800,0,1800
SRTRANSFIN30Jan201100CE.NFO,07/01/2020,10:26:06,58.8,58.45,8400,65.15,6600,0,1800
SRTRANSFIN30Jan201100CE.NFO,07/01/2020,10:26:10,58.8,59.05,9600,66.1,6000,0,1800
SRTRANSFIN30Jan201100CE.NFO,07/01/2020,10:26:15,58.8,59.4,2400,66.05,7800,0,1800
SRTRANSFIN30Jan201100CE.NFO,07/01/2020,10:26:19,58.8,59.4,2400,66.05,9000,0,1800
SRTRANSFIN30Jan201100CE.NFO,07/01/2020,10:26:28,58.8,58.55,6000,66.05,7200,0,1800
SRTRANSFIN30Jan201100CE.NFO,07/01/2020,10:26:30,58.8,58.6,11400,66.05,7200,0,1800
SRTRANSFIN30Jan201100CE.NFO,07/01/2020,10:26:55,58.8,58.6,12600,66,7200,0,1800
SRTRANSFIN30Jan201100CE.NFO,07/01/2020,10:27:04,58.8,58.6,11400,65.95,8400,0,1800
SRTRANSFIN30Jan201100CE.NFO,07/01/2020,10:27:08,58.8,58.6,10200,65.95,8400,0,1800
SRTRANSFIN30Jan201100CE.NFO,07/01/2020,10:27:16,58.8,58.6,7800,65.55,6600,0,1800
SRTRANSFIN30Jan201100CE.NFO,07/01/2020,10:27:20,58.8,58.6,10200,65.55,6600,0,1800
SRTRANSFIN30Jan201100CE.NFO,07/01/2020,10:27:32,58.8,58.6,11400,65.55,6600,0,1800
SRTRANSFIN30Jan201100CE.NFO,07/01/2020,10:27:36,58.8,58.6,12600,65.55,6600,0,1800
SRTRANSFIN30Jan201100CE.NFO,07/01/2020,10:27:45,58.8,58.6,12600,65.5,4800,0,1800
SRTRANSFIN30Jan201100CE.NFO,07/01/2020,10:27:54,58.8,58.6,10200,65.25,600,0,1800
SRTRANSFIN30Jan201100CE.NFO,07/01/2020,10:28:02,58.8,58.6,7800,65.25,600,0,1800
SRTRANSFIN30Jan201100CE.NFO,07/01/2020,10:28:30,58.8,58.6,12600,65.35,1800,0,1800
SRTRANSFIN30Jan201100CE.NFO,07/01/2020,10:28:34,58.8,58.6,12600,65.25,600,0,1800
SRTRANSFIN30Jan201100CE.NFO,07/01/2020,10:28:48,58.8,59.35,6000,65.25,600,0,1800
SRTRANSFIN30Jan201100CE.NFO,07/01/2020,10:28:55,58.8,59.4,7800,65.25,600,0,1800
SRTRANSFIN30Jan201100CE.NFO,07/01/2020,10:29:01,58.8,59.55,6600,65.25,600,0,1800
SRTRANSFIN30Jan201100CE.NFO,07/01/2020,10:29:05,58.8,59.6,3000,65.25,600,0,1800
SRTRANSFIN30Jan201100CE.NFO,07/01/2020,10:29:08,58.8,58.85,10800,65.35,2400,0,1800
SRTRANSFIN30Jan201100CE.NFO,07/01/2020,10:29:12,58.8,59.05,9000,65.3,600,0,1800
SRTRANSFIN30Jan201100CE.NFO,07/01/2020,10:29:27,58.8,59.05,7800,65.3,600,0,1800
SRTRANSFIN30Jan201100CE.NFO,07/01/2020,10:30:27,58.8,59.15,7800,65.3,600,0,2400
SRTRANSFIN30Jan201100CE.NFO,07/01/2020,10:31:03,58.8,59.2,6000,65.3,600,0,2400
SRTRANSFIN30Jan201100CE.NFO,07/01/2020,10:31:06,58.8,59.2,6000,65.3,1200,0,2400
SRTRANSFIN30Jan201100CE.NFO,07/01/2020,10:31:11,58.8,59.2,7200,65.3,1200,0,2400
SRTRANSFIN30Jan201100CE.NFO,07/01/2020,10:31:34,58.8,59.2,6000,65.3,1200,0,2400
SRTRANSFIN30Jan201100CE.NFO,07/01/2020,10:31:38,58.8,59.25,4200,65.3,1200,0,2400
SRTRANSFIN30Jan201100CE.NFO,07/01/2020,10:31:41,58.8,59.25,600,65.3,1200,0,2400
SRTRANSFIN30Jan201100CE.NFO,07/01/2020,10:31:50,58.8,58.75,9000,65.25,4800,0,2400
SRTRANSFIN30Jan201100CE.NFO,07/01/2020,10:31:54,58.8,58.9,5400,65.25,4800,0,2400
SRTRANSFIN30Jan201100CE.NFO,07/01/2020,10:31:58,58.8,58.95,3600,65.25,4800,0,2400
SRTRANSFIN30Jan201100CE.NFO,07/01/2020,10:32:03,58.8,58.95,4800,65.25,4800,0,2400
SRTRANSFIN30Jan201100CE.NFO,07/01/2020,10:32:27,58.8,59,600,65.25,4800,0,2400
SRTRANSFIN30Jan201100CE.NFO,07/01/2020,10:32:35,58.8,58.75,4200,65.25,4800,0,2400
SRTRANSFIN30Jan201100CE.NFO,07/01/2020,10:32:40,58.8,58.75,3600,64.9,5400,0,2400
SRTRANSFIN30Jan201100CE.NFO,07/01/2020,10:33:31,58.8,58.45,5400,64.85,7800,0,2400
SRTRANSFIN30Jan201100CE.NFO,07/01/2020,10:33:35,58.8,58.45,6600,64.85,7800,0,2400
SRTRANSFIN30Jan201100CE.NFO,07/01/2020,10:34:08,58.8,58.45,6600,64.8,3000,0,2400
SRTRANSFIN30Jan201100CE.NFO,07/01/2020,10:34:12,58.8,58.45,6600,64.8,4200,0,2400
SRTRANSFIN30Jan201100CE.NFO,07/01/2020,10:34:23,58.8,58.6,8400,65.1,5400,0,2400
SRTRANSFIN30Jan201100CE.NFO,07/01/2020,10:34:28,58.8,58.8,6600,65.1,5400,0,2400
SRTRANSFIN30Jan201100CE.NFO,07/01/2020,10:34:39,58.8,58.9,6000,65.1,4800,0,2400
SRTRANSFIN30Jan201100CE.NFO,07/01/2020,10:34:44,58.8,59.15,7800,65.25,6000,0,2400
SRTRANSFIN30Jan201100CE.NFO,07/01/2020,10:34:49,58.8,59.15,7200,65.25,6000,0,2400
SRTRANSFIN30Jan201100CE.NFO,07/01/2020,10:35:09,58.8,59.2,4800,65.25,6000,0,2400
SRTRANSFIN30Jan201100CE.NFO,07/01/2020,10:35:12,58.8,59.25,4200,65.25,6000,0,2400
SRTRANSFIN30Jan201100CE.NFO,07/01/2020,10:36:07,58.8,58.8,3000,65.15,7800,0,2400
SRTRANSFIN30Jan201100CE.NFO,07/01/2020,10:36:10,58.8,58.85,1200,65.15,7800,0,2400
SRTRANSFIN30Jan201100CE.NFO,07/01/2020,10:36:14,58.8,58.85,3600,65.05,7800,0,2400
SRTRANSFIN30Jan201100CE.NFO,07/01/2020,10:36:18,58.8,58.85,4800,65.05,7800,0,2400
SRTRANSFIN30Jan201100CE.NFO,07/01/2020,10:36:21,58.8,58.85,2400,65.05,7800,0,2400
SRTRANSFIN30Jan201100CE.NFO,07/01/2020,10:36:45,58.8,58.85,4800,65.05,7800,0,2400
SRTRANSFIN30Jan201100CE.NFO,07/01/2020,10:36:48,58.8,58.85,3600,65.05,7800,0,2400
SRTRANSFIN30Jan201100CE.NFO,07/01/2020,10:36:52,58.8,58.85,4800,65.05,7800,0,2400
SRTRANSFIN30Jan201100CE.NFO,07/01/2020,10:37:03,58.8,58.85,4800,65.05,6000,0,2400
SRTRANSFIN30Jan201100CE.NFO,07/01/2020,10:37:21,58.8,58.9,3600,64.9,6000,0,2400
SRTRANSFIN30Jan201100CE.NFO,07/01/2020,10:37:24,58.8,58.9,2400,64.85,6000,0,2400
SRTRANSFIN30Jan201100CE.NFO,07/01/2020,10:37:28,58.8,58.9,3600,64.85,6000,0,2400
SRTRANSFIN30Jan201100CE.NFO,07/01/2020,10:37:35,58.8,58.9,3600,64.75,3600,0,2400
SRTRANSFIN30Jan201100CE.NFO,07/01/2020,10:38:41,58.8,58.1,8400,64.65,4200,0,2400
SRTRANSFIN30Jan201100CE.NFO,07/01/2020,10:38:44,58.8,58.15,6000,64.6,3000,0,2400
SRTRANSFIN30Jan201100CE.NFO,07/01/2020,10:38:47,58.8,58.2,8400,64.6,3000,0,2400
SRTRANSFIN30Jan201100CE.NFO,07/01/2020,10:38:54,58.8,58.2,8400,64.55,1800,0,2400
SRTRANSFIN30Jan201100CE.NFO,07/01/2020,10:38:57,58.8,58.25,9600,64.55,1800,0,2400
SRTRANSFIN30Jan201100CE.NFO,07/01/2020,10:39:01,58.8,58.45,9600,66.5,12000,0,2400
SRTRANSFIN30Jan201100CE.NFO,07/01/2020,10:39:05,58.8,58.7,9000,64.65,1800,0,2400
SRTRANSFIN30Jan201100CE.NFO,07/01/2020,10:39:14,58.8,58.75,9600,64.65,1800,0,2400
SRTRANSFIN30Jan201100CE.NFO,07/01/2020,10:39:19,58.8,58.85,4800,64.6,3600,0,2400
SRTRANSFIN30Jan201100CE.NFO,07/01/2020,10:39:23,58.8,58.85,3600,64.6,3600,0,2400
SRTRANSFIN30Jan201100CE.NFO,07/01/2020,10:39:30,58.8,58.85,3600,64.5,2400,0,2400
SRTRANSFIN30Jan201100CE.NFO,07/01/2020,10:40:15,58.8,58.85,3600,64.55,1200,0,2400
SRTRANSFIN30Jan201100CE.NFO,07/01/2020,10:40:23,58.8,58.85,4800,64.55,1200,0,2400
SRTRANSFIN30Jan201100CE.NFO,07/01/2020,10:40:35,58.8,58.9,5400,64.55,1200,0,2400
SRTRANSFIN30Jan201100CE.NFO,07/01/2020,10:40:38,58.8,58.9,4200,64.55,1200,0,2400
SRTRANSFIN30Jan201100CE.NFO,07/01/2020,10:40:51,58.8,58.9,5400,64.55,1200,0,2400
SRTRANSFIN30Jan201100CE.NFO,07/01/2020,10:40:55,58.8,58.9,4200,64.55,1200,0,2400
SRTRANSFIN30Jan201100CE.NFO,07/01/2020,10:41:26,58.8,59.5,15000,66,1800,0,2400
SRTRANSFIN30Jan201100CE.NFO,07/01/2020,10:41:33,58.8,59.5,15000,66,1200,0,2400
SRTRANSFIN30Jan201100CE.NFO,07/01/2020,10:41:48,58.8,59.55,6600,66.65,11400,0,2400
SRTRANSFIN30Jan201100CE.NFO,07/01/2020,10:41:52,58.8,59.55,4800,65.5,3000,0,2400
SRTRANSFIN30Jan201100CE.NFO,07/01/2020,10:41:56,58.8,59.55,4800,65.5,4200,0,2400
SRTRANSFIN30Jan201100CE.NFO,07/01/2020,10:42:04,58.8,60.05,8400,66.35,7800,0,2400
SRTRANSFIN30Jan201100CE.NFO,07/01/2020,10:42:09,58.8,60.2,9000,66.35,7800,0,2400
SRTRANSFIN30Jan201100CE.NFO,07/01/2020,10:42:18,58.8,59.85,4800,66.35,7800,0,2400
SRTRANSFIN30Jan201100CE.NFO,07/01/2020,10:42:22,58.8,59.85,3600,66.35,7800,0,2400
SRTRANSFIN30Jan201100CE.NFO,07/01/2020,10:42:31,58.8,59.85,3600,66.35,9000,0,2400
SRTRANSFIN30Jan201100CE.NFO,07/01/2020,10:42:45,58.8,59.9,9600,66.35,7800,0,2400
SRTRANSFIN30Jan201100CE.NFO,07/01/2020,10:42:47,58.8,60.1,7800,66.35,7800,0,2400
SRTRANSFIN30Jan201100CE.NFO,07/01/2020,10:42:57,58.8,60.1,2400,66.35,7800,0,2400
SRTRANSFIN30Jan201100CE.NFO,07/01/2020,10:42:59,58.8,60.1,3600,66.35,7800,0,2400
SRTRANSFIN30Jan201100CE.NFO,07/01/2020,10:43:01,58.8,60.1,2400,66.35,7800,0,2400
SRTRANSFIN30Jan201100CE.NFO,07/01/2020,10:43:11,58.8,58.6,17400,66.35,9000,0,2400
SRTRANSFIN30Jan201100CE.NFO,07/01/2020,10:43:14,58.8,58.6,17400,66.35,7800,0,2400
SRTRANSFIN30Jan201100CE.NFO,07/01/2020,10:43:21,58.8,59.6,5400,66.35,7800,0,2400
SRTRANSFIN30Jan201100CE.NFO,07/01/2020,10:43:24,58.8,59.6,4800,66.35,7800,0,2400
SRTRANSFIN30Jan201100CE.NFO,07/01/2020,10:43:28,58.8,59.6,6000,66.35,7800,0,2400
SRTRANSFIN30Jan201100CE.NFO,07/01/2020,10:43:39,58.8,59.6,3600,66.35,9000,0,2400
SRTRANSFIN30Jan201100CE.NFO,07/01/2020,10:43:43,58.8,59.15,6000,66.35,7800,0,2400
SRTRANSFIN30Jan201100CE.NFO,07/01/2020,10:43:57,58.8,59.25,10800,66.35,7800,0,2400
SRTRANSFIN30Jan201100CE.NFO,07/01/2020,10:44:00,58.8,59.3,10800,66.35,7800,0,2400
SRTRANSFIN30Jan201100CE.NFO,07/01/2020,10:44:02,58.8,59.35,7800,65.6,600,0,2400
SRTRANSFIN30Jan201100CE.NFO,07/01/2020,10:44:05,58.8,59.35,9000,65.6,600,0,2400
SRTRANSFIN30Jan201100CE.NFO,07/01/2020,10:44:08,58.8,59.35,11400,65.6,600,0,2400
SRTRANSFIN30Jan201100CE.NFO,07/01/2020,10:44:21,58.8,59.35,11400,65.8,1800,0,2400
SRTRANSFIN30Jan201100CE.NFO,07/01/2020,10:44:24,58.8,59.35,11400,65.7,1200,0,2400
SRTRANSFIN30Jan201100CE.NFO,07/01/2020,10:44:26,58.8,59.35,11400,65.6,1200,0,2400
SRTRANSFIN30Jan201100CE.NFO,07/01/2020,10:44:29,58.8,59.35,11400,65.9,1200,0,2400
SRTRANSFIN30Jan201100CE.NFO,07/01/2020,10:44:35,58.8,59.35,9600,65.6,1200,0,2400
SRTRANSFIN30Jan201100CE.NFO,07/01/2020,10:44:38,58.8,59.35,9600,65.9,1200,0,2400
SRTRANSFIN30Jan201100CE.NFO,07/01/2020,10:44:47,58.8,59.35,9600,65.8,1800,0,2400
SRTRANSFIN30Jan201100CE.NFO,07/01/2020,10:45:01,58.8,59.35,6000,65.7,4200,0,2400
SRTRANSFIN30Jan201100CE.NFO,07/01/2020,10:45:06,58.8,59.35,6000,65.7,600,0,2400
SRTRANSFIN30Jan201100CE.NFO,07/01/2020,10:45:16,58.8,59.35,7200,65.7,600,0,2400
SRTRANSFIN30Jan201100CE.NFO,07/01/2020,10:45:29,58.8,59.35,6000,65.6,1800,0,2400
SRTRANSFIN30Jan201100CE.NFO,07/01/2020,10:46:12,58.8,59.4,7200,65.6,1800,0,2400
SRTRANSFIN30Jan201100CE.NFO,07/01/2020,10:47:07,58.8,59.4,6000,65.5,1800,0,2400
SRTRANSFIN30Jan201100CE.NFO,07/01/2020,10:47:16,58.8,59.45,9000,65.5,600,0,2400
SRTRANSFIN30Jan201100CE.NFO,07/01/2020,10:47:21,58.8,59.45,7800,65.5,600,0,2400
SRTRANSFIN30Jan201100CE.NFO,07/01/2020,10:47:37,58.8,59.45,7800,65.55,1800,0,2400
SRTRANSFIN30Jan201100CE.NFO,07/01/2020,10:47:41,58.8,59.45,9000,65.35,1800,0,2400
SRTRANSFIN30Jan201100CE.NFO,07/01/2020,10:47:49,58.8,58.3,12000,65,600,0,2400
SRTRANSFIN30Jan201100CE.NFO,07/01/2020,10:47:52,58.8,58.35,12000,65.35,1800,0,2400
SRTRANSFIN30Jan201100CE.NFO,07/01/2020,10:47:56,58.8,58.35,12000,65,600,0,2400
SRTRANSFIN30Jan201100CE.NFO,07/01/2020,10:48:29,58.8,58.35,12000,64.9,600,0,2400
SRTRANSFIN30Jan201100CE.NFO,07/01/2020,10:48:38,58.8,58.35,6000,64.7,600,0,2400
SRTRANSFIN30Jan201100CE.NFO,07/01/2020,10:48:43,58.8,58.35,6000,65.2,1800,0,2400
SRTRANSFIN30Jan201100CE.NFO,07/01/2020,10:48:54,58.8,58.35,6000,64.8,600,0,2400
SRTRANSFIN30Jan201100CE.NFO,07/01/2020,10:48:59,58.8,58.35,6000,65.1,600,0,2400
SRTRANSFIN30Jan201100CE.NFO,07/01/2020,10:49:19,58.8,58.35,6000,64.55,600,0,2400
SRTRANSFIN30Jan201100CE.NFO,07/01/2020,10:49:25,58.8,58.45,10800,65.4,600,0,2400
SRTRANSFIN30Jan201100CE.NFO,07/01/2020,10:49:29,58.8,58.5,9000,65.15,600,0,2400
SRTRANSFIN30Jan201100CE.NFO,07/01/2020,10:49:32,58.8,58.55,6600,65.15,600,0,2400
SRTRANSFIN30Jan201100CE.NFO,07/01/2020,10:49:35,58.8,58.65,10200,65.15,600,0,2400
SRTRANSFIN30Jan201100CE.NFO,07/01/2020,10:49:37,58.8,58.7,11400,65.15,600,0,2400
SRTRANSFIN30Jan201100CE.NFO,07/01/2020,10:49:44,58.8,58.7,6600,65.15,600,0,2400
SRTRANSFIN30Jan201100CE.NFO,07/01/2020,10:50:00,58.8,58.75,10200,65.15,600,0,2400
SRTRANSFIN30Jan201100CE.NFO,07/01/2020,10:50:06,58.8,58.75,6000,64.7,600,0,2400
SRTRANSFIN30Jan201100CE.NFO,07/01/2020,10:50:11,58.8,58.9,6000,65.4,1800,0,2400
SRTRANSFIN30Jan201100CE.NFO,07/01/2020,10:50:17,58.8,58.9,4800,65.2,1200,0,2400
SRTRANSFIN30Jan201100CE.NFO,07/01/2020,10:50:22,58.8,58.9,6000,65.2,1200,0,2400
SRTRANSFIN30Jan201100CE.NFO,07/01/2020,10:50:33,58.8,58.9,6000,65.15,1200,0,2400
SRTRANSFIN30Jan201100CE.NFO,07/01/2020,10:50:38,58.8,58.5,7200,66.8,11400,0,2400
SRTRANSFIN30Jan201100CE.NFO,07/01/2020,10:50:44,58.8,58.55,4200,65.65,6600,0,2400
SRTRANSFIN30Jan201100CE.NFO,07/01/2020,10:50:48,58.8,58.55,3600,64.7,1200,0,2400
SRTRANSFIN30Jan201100CE.NFO,07/01/2020,10:50:56,58.8,57.9,5400,64.7,1200,0,2400
SRTRANSFIN30Jan201100CE.NFO,07/01/2020,10:51:01,58.8,58.3,3600,64.7,1200,0,2400
SRTRANSFIN30Jan201100CE.NFO,07/01/2020,10:51:12,58.8,57.9,4800,64.5,600,0,2400
SRTRANSFIN30Jan201100CE.NFO,07/01/2020,10:51:29,58.8,57.9,4800,64.4,5400,0,2400
SRTRANSFIN30Jan201100CE.NFO,07/01/2020,10:51:40,58.8,57.9,2400,63.7,5400,0,2400
SRTRANSFIN30Jan201100CE.NFO,07/01/2020,10:51:44,58.8,57.55,3600,63.7,4200,0,2400
SRTRANSFIN30Jan201100CE.NFO,07/01/2020,10:51:49,58.8,57.55,3600,63.7,5400,0,2400
SRTRANSFIN30Jan201100CE.NFO,07/01/2020,10:51:53,58.8,57.55,3600,63.7,6600,0,2400
SRTRANSFIN30Jan201100CE.NFO,07/01/2020,10:51:57,58.8,57.55,3600,62.7,600,0,2400
SRTRANSFIN30Jan201100CE.NFO,07/01/2020,10:52:09,58.8,56.4,2400,63.05,9000,0,2400
SRTRANSFIN30Jan201100CE.NFO,07/01/2020,10:52:14,58.8,56.4,3600,62.35,1800,0,2400
SRTRANSFIN30Jan201100CE.NFO,07/01/2020,10:52:33,58.8,56.4,3600,62.35,600,0,2400
SRTRANSFIN30Jan201100CE.NFO,07/01/2020,10:53:04,58.8,55.9,3600,61.75,3000,0,2400
SRTRANSFIN30Jan201100CE.NFO,07/01/2020,10:53:10,58.8,55.9,3600,61.65,3000,0,2400
SRTRANSFIN30Jan201100CE.NFO,07/01/2020,10:53:17,58.8,55.1,600,61.55,6600,0,2400
SRTRANSFIN30Jan201100CE.NFO,07/01/2020,10:53:24,58.8,55.1,600,60.55,600,0,2400
SRTRANSFIN30Jan201100CE.NFO,07/01/2020,10:53:29,58.8,55.1,600,60.5,1800,0,2400
SRTRANSFIN30Jan201100CE.NFO,07/01/2020,10:53:34,58.8,55.1,600,61,5400,0,2400
SRTRANSFIN30Jan201100CE.NFO,07/01/2020,10:53:40,58.8,55.1,600,60.45,600,0,2400
SRTRANSFIN30Jan201100CE.NFO,07/01/2020,10:53:52,58.8,55.1,600,60.8,6600,0,2400
SRTRANSFIN30Jan201100CE.NFO,07/01/2020,10:53:59,58.8,55.1,600,59.8,600,0,2400
SRTRANSFIN30Jan201100CE.NFO,07/01/2020,10:54:05,58.8,55.1,600,62.15,13200,0,2400
SRTRANSFIN30Jan201100CE.NFO,07/01/2020,10:54:17,58.8,55.1,4200,62.15,13200,0,2400
SRTRANSFIN30Jan201100CE.NFO,07/01/2020,10:54:23,58.8,55.1,600,62.15,13200,0,2400
SRTRANSFIN30Jan201100CE.NFO,07/01/2020,10:54:32,58.8,55.1,1800,62.15,13200,0,2400
SRTRANSFIN30Jan201100CE.NFO,07/01/2020,10:54:37,58.8,55.1,3000,62.15,13200,0,2400
SRTRANSFIN30Jan201100CE.NFO,07/01/2020,10:54:46,58.8,55.15,3600,62.15,13200,0,2400
SRTRANSFIN30Jan201100CE.NFO,07/01/2020,10:55:13,58.8,55.1,600,62.15,13200,0,2400
SRTRANSFIN30Jan201100CE.NFO,07/01/2020,10:55:47,58.8,55.1,600,62.05,17400,0,2400
SRTRANSFIN30Jan201100CE.NFO,07/01/2020,10:55:56,58.8,55.1,600,60.4,600,0,2400
SRTRANSFIN30Jan201100CE.NFO,07/01/2020,10:56:00,58.8,55.1,4200,60.8,600,0,2400
SRTRANSFIN30Jan201100CE.NFO,07/01/2020,10:56:11,58.8,55.1,600,60.8,600,0,2400
SRTRANSFIN30Jan201100CE.NFO,07/01/2020,10:56:17,58.8,55.1,1800,60.8,600,0,2400
SRTRANSFIN30Jan201100CE.NFO,07/01/2020,10:56:30,58.8,55.1,600,60.8,600,0,2400
SRTRANSFIN30Jan201100CE.NFO,07/01/2020,10:56:35,58.8,55.1,600,60.65,4800,0,2400
SRTRANSFIN30Jan201100CE.NFO,07/01/2020,10:56:40,58.8,55.1,600,60.65,2400,0,2400
SRTRANSFIN30Jan201100CE.NFO,07/01/2020,10:56:50,58.8,55.1,600,60.65,4800,0,2400
SRTRANSFIN30Jan201100CE.NFO,07/01/2020,10:56:54,58.8,55.1,600,60.3,600,0,2400
SRTRANSFIN30Jan201100CE.NFO,07/01/2020,10:56:59,58.8,55.1,600,60.3,1200,0,2400
SRTRANSFIN30Jan201100CE.NFO,07/01/2020,10:57:03,58.8,55.1,600,60.45,4200,0,2400
SRTRANSFIN30Jan201100CE.NFO,07/01/2020,10:57:13,58.8,55.1,600,60.45,5400,0,2400
SRTRANSFIN30Jan201100CE.NFO,07/01/2020,10:57:20,58.8,55.1,600,60.45,6600,0,2400
SRTRANSFIN30Jan201100CE.NFO,07/01/2020,10:57:26,58.8,55.1,600,60.45,5400,0,2400
SRTRANSFIN30Jan201100CE.NFO,07/01/2020,10:57:33,58.8,55.1,600,59.9,600,0,2400
SRTRANSFIN30Jan201100CE.NFO,07/01/2020,10:57:39,58.8,55.1,600,60.45,3000,0,2400
SRTRANSFIN30Jan201100CE.NFO,07/01/2020,10:57:45,58.8,55.1,600,60.45,1200,0,2400
SRTRANSFIN30Jan201100CE.NFO,07/01/2020,10:57:59,58.8,55.1,600,60.4,5400,0,2400
SRTRANSFIN30Jan201100CE.NFO,07/01/2020,10:58:04,58.8,55.1,600,60.4,4200,0,2400
SRTRANSFIN30Jan201100CE.NFO,07/01/2020,10:58:10,58.8,55.1,600,60.4,5400,0,2400
SRTRANSFIN30Jan201100CE.NFO,07/01/2020,10:58:14,58.8,55.1,600,60.4,3000,0,2400
SRTRANSFIN30Jan201100CE.NFO,07/01/2020,10:58:20,58.8,55.1,600,59.85,1800,0,2400
SRTRANSFIN30Jan201100CE.NFO,07/01/2020,10:58:25,58.8,55.1,600,59.35,600,0,2400
SRTRANSFIN30Jan201100CE.NFO,07/01/2020,10:58:31,58.8,55.1,600,59.5,600,0,2400
SRTRANSFIN30Jan201100CE.NFO,07/01/2020,10:58:37,58.8,55.1,600,59.35,600,0,2400
SRTRANSFIN30Jan201100CE.NFO,07/01/2020,10:58:59,58.8,55.1,600,60.1,1800,0,2400
SRTRANSFIN30Jan201100CE.NFO,07/01/2020,10:59:04,58.8,55.1,600,60.05,600,0,2400
SRTRANSFIN30Jan201100CE.NFO,07/01/2020,10:59:10,58.8,55.1,600,59.8,3000,0,2400
SRTRANSFIN30Jan201100CE.NFO,07/01/2020,10:59:15,58.8,55.1,600,59.8,1800,0,2400
SRTRANSFIN30Jan201100CE.NFO,07/01/2020,10:59:20,58.8,55.1,600,59.8,5400,0,2400
SRTRANSFIN30Jan201100CE.NFO,07/01/2020,10:59:25,58.8,55.1,600,59.75,1200,0,2400
SRTRANSFIN30Jan201100CE.NFO,07/01/2020,10:59:30,58.8,55.1,600,60.4,3600,0,2400
SRTRANSFIN30Jan201100CE.NFO,07/01/2020,10:59:36,58.8,55.1,600,61,5400,0,2400
SRTRANSFIN30Jan201100CE.NFO,07/01/2020,10:59:42,58.8,55.1,600,60.5,600,0,2400
SRTRANSFIN30Jan201100CE.NFO,07/01/2020,10:59:52,58.8,55.1,4200,60.5,600,0,2400
SRTRANSFIN30Jan201100CE.NFO,07/01/2020,10:59:57,58.8,55.1,6600,61,1800,0,2400
SRTRANSFIN30Jan201100CE.NFO,07/01/2020,11:00:03,58.8,55.3,5400,61.2,600,0,2400
SRTRANSFIN30Jan201100CE.NFO,07/01/2020,11:00:09,58.8,55.3,4800,61.25,1800,0,2400
SRTRANSFIN30Jan201100CE.NFO,07/01/2020,11:00:16,58.8,55.1,3000,61.15,5400,0,2400
SRTRANSFIN30Jan201100CE.NFO,07/01/2020,11:00:23,58.8,55.1,3000,61.05,600,0,2400
SRTRANSFIN30Jan201100CE.NFO,07/01/2020,11:00:29,58.8,55.1,3000,60.9,1200,0,2400
SRTRANSFIN30Jan201100CE.NFO,07/01/2020,11:00:37,58.8,55.1,5400,60.85,600,0,2400
SRTRANSFIN30Jan201100CE.NFO,07/01/2020,11:00:44,58.8,55.1,5400,60.75,1200,0,2400
SRTRANSFIN30Jan201100CE.NFO,07/01/2020,11:00:50,58.8,55.15,6000,61.05,1200,0,2400
SRTRANSFIN30Jan201100CE.NFO,07/01/2020,11:00:57,58.8,55.15,6000,61.05,600,0,2400
SRTRANSFIN30Jan201100CE.NFO,07/01/2020,11:01:05,58.8,55.1,600,60.6,6600,0,2400
SRTRANSFIN30Jan201100CE.NFO,07/01/2020,11:01:13,58.8,55.1,600,60.45,4800,0,2400
SRTRANSFIN30Jan201100CE.NFO,07/01/2020,11:01:20,58.8,55.1,600,60.4,6000,0,2400
SRTRANSFIN30Jan201100CE.NFO,07/01/2020,11:01:28,58.8,55.1,600,60.05,4800,0,2400
SRTRANSFIN30Jan201100CE.NFO,07/01/2020,11:01:51,58.8,55.1,600,60.05,1200,0,2400
SRTRANSFIN30Jan201100CE.NFO,07/01/2020,11:01:58,58.8,55.1,600,60.05,2400,0,2400
SRTRANSFIN30Jan201100CE.NFO,07/01/2020,11:02:05,58.8,55.1,600,60.05,1200,0,2400
SRTRANSFIN30Jan201100CE.NFO,07/01/2020,11:02:26,58.8,55.1,600,60.2,1200,0,2400
SRTRANSFIN30Jan201100CE.NFO,07/01/2020,11:02:33,58.8,55.1,600,60.1,4800,0,2400
SRTRANSFIN30Jan201100CE.NFO,07/01/2020,11:02:39,58.8,55.1,600,60.05,7200,0,2400
SRTRANSFIN30Jan201100CE.NFO,07/01/2020,11:02:52,58.8,55.1,600,60.05,6000,0,2400
SRTRANSFIN30Jan201100CE.NFO,07/01/2020,11:03:36,58.8,55.1,600,59.35,600,0,2400
SRTRANSFIN30Jan201100CE.NFO,07/01/2020,11:03:43,58.8,55.1,600,59.25,600,0,2400
SRTRANSFIN30Jan201100CE.NFO,07/01/2020,11:03:51,58.8,55.1,600,60.95,11400,0,2400
SRTRANSFIN30Jan201100CE.NFO,07/01/2020,11:04:04,58.8,55.1,600,59.45,600,0,2400
SRTRANSFIN30Jan201100CE.NFO,07/01/2020,11:04:17,58.8,55.1,600,59.8,1200,0,2400
SRTRANSFIN30Jan201100CE.NFO,07/01/2020,11:04:23,58.8,55.1,600,60.3,4200,0,2400
SRTRANSFIN30Jan201100CE.NFO,07/01/2020,11:04:30,58.8,55.1,600,60.05,1200,0,2400
SRTRANSFIN30Jan201100CE.NFO,07/01/2020,11:04:36,58.8,55.1,600,59.55,3000,0,2400
SRTRANSFIN30Jan201100CE.NFO,07/01/2020,11:04:43,58.8,55.1,600,59.35,1800,0,2400
SRTRANSFIN30Jan201100CE.NFO,07/01/2020,11:04:58,58.8,55.1,600,59.35,1200,0,2400
SRTRANSFIN30Jan201100CE.NFO,07/01/2020,11:05:04,58.8,55.1,600,59.5,2400,0,2400
SRTRANSFIN30Jan201100CE.NFO,07/01/2020,11:05:11,58.8,55.1,600,59.45,4200,0,2400
SRTRANSFIN30Jan201100CE.NFO,07/01/2020,11:05:18,58.8,55.1,600,59.1,2400,0,2400
SRTRANSFIN30Jan201100CE.NFO,07/01/2020,11:05:31,58.8,55.1,600,59.75,6000,0,2400
SRTRANSFIN30Jan201100CE.NFO,07/01/2020,11:05:37,58.8,55.1,600,59.75,2400,0,2400
SRTRANSFIN30Jan201100CE.NFO,07/01/2020,11:05:50,58.8,55.1,600,59.75,1200,0,2400
SRTRANSFIN30Jan201100CE.NFO,07/01/2020,11:06:04,58.8,55.1,600,60.95,3600,0,2400
SRTRANSFIN30Jan201100CE.NFO,07/01/2020,11:06:17,58.8,55.25,5400,60.95,1200,0,2400
SRTRANSFIN30Jan201100CE.NFO,07/01/2020,11:06:24,58.8,55.3,1800,61.75,9600,0,2400
SRTRANSFIN30Jan201100CE.NFO,07/01/2020,11:06:41,58.8,55.65,4200,61.75,6000,0,2400
SRTRANSFIN30Jan201100CE.NFO,07/01/2020,11:06:46,58.8,55.65,3000,61.75,6000,0,2400
SRTRANSFIN30Jan201100CE.NFO,07/01/2020,11:06:51,58.8,55.15,600,61.75,6000,0,2400
SRTRANSFIN30Jan201100CE.NFO,07/01/2020,11:07:08,58.8,55.15,600,61.75,10800,0,2400
SRTRANSFIN30Jan201100CE.NFO,07/01/2020,11:07:19,58.8,55.15,1800,61.75,10800,0,2400
SRTRANSFIN30Jan201100CE.NFO,07/01/2020,11:07:29,58.8,55.15,3000,61.75,8400,0,2400
SRTRANSFIN30Jan201100CE.NFO,07/01/2020,11:07:45,58.8,55.15,600,61.75,8400,0,2400
SRTRANSFIN30Jan201100CE.NFO,07/01/2020,11:07:59,58.8,55.1,600,61.75,10800,0,2400
SRTRANSFIN30Jan201100CE.NFO,07/01/2020,11:08:53,58.8,55.1,600,61.65,10800,0,2400
SRTRANSFIN30Jan201100CE.NFO,07/01/2020,11:09:27,58.8,55.1,600,61.5,10800,0,2400
SRTRANSFIN30Jan201100CE.NFO,07/01/2020,11:09:55,58.8,55.1,600,61.1,9000,0,2400
SRTRANSFIN30Jan201100CE.NFO,07/01/2020,11:10:04,58.8,55.1,600,60.45,5400,0,2400
SRTRANSFIN30Jan201100CE.NFO,07/01/2020,11:10:09,58.8,55.1,600,60.3,4200,0,2400
SRTRANSFIN30Jan201100CE.NFO,07/01/2020,11:10:13,58.8,55.1,600,60.2,1800,0,2400
SRTRANSFIN30Jan201100CE.NFO,07/01/2020,11:10:18,58.8,55.1,600,60.65,4800,0,2400
SRTRANSFIN30Jan201100CE.NFO,07/01/2020,11:10:23,58.8,55.1,600,60.6,7800,0,2400
SRTRANSFIN30Jan201100CE.NFO,07/01/2020,11:10:28,58.8,55.1,600,60.55,8400,0,2400
SRTRANSFIN30Jan201100CE.NFO,07/01/2020,11:10:38,58.8,55.1,600,60.5,3000,0,2400
SRTRANSFIN30Jan201100CE.NFO,07/01/2020,11:10:52,58.8,55.1,600,60.45,4200,0,2400
SRTRANSFIN30Jan201100CE.NFO,07/01/2020,11:10:56,58.8,55.1,600,60.45,3000,0,2400
SRTRANSFIN30Jan201100CE.NFO,07/01/2020,11:11:03,58.8,55.1,600,60,1200,0,2400
SRTRANSFIN30Jan201100CE.NFO,07/01/2020,11:11:08,58.8,55.1,600,59.95,1800,0,2400
SRTRANSFIN30Jan201100CE.NFO,07/01/2020,11:11:28,58.8,55.1,600,59.85,3000,0,2400
SRTRANSFIN30Jan201100CE.NFO,07/01/2020,11:11:36,58.8,55.1,600,59.85,1200,0,2400
SRTRANSFIN30Jan201100CE.NFO,07/01/2020,11:11:43,58.8,55.1,600,59.8,1800,0,2400
SRTRANSFIN30Jan201100CE.NFO,07/01/2020,11:11:50,58.8,55.1,600,60.35,6000,0,2400
SRTRANSFIN30Jan201100CE.NFO,07/01/2020,11:11:56,58.8,55.1,600,60.35,8400,0,2400
SRTRANSFIN30Jan201100CE.NFO,07/01/2020,11:12:04,58.8,55.1,600,60.35,13200,0,2400
SRTRANSFIN30Jan201100CE.NFO,07/01/2020,11:12:36,58.8,55.1,600,59.55,3600,0,2400
SRTRANSFIN30Jan201100CE.NFO,07/01/2020,11:12:48,58.8,55.1,600,59.55,1200,0,2400
SRTRANSFIN30Jan201100CE.NFO,07/01/2020,11:12:53,58.8,55.1,600,59.95,3000,0,2400
SRTRANSFIN30Jan201100CE.NFO,07/01/2020,11:12:58,58.8,55.1,600,59.95,4200,0,2400
SRTRANSFIN30Jan201100CE.NFO,07/01/2020,11:13:03,58.8,55.1,600,59.35,1200,0,2400
SRTRANSFIN30Jan201100CE.NFO,07/01/2020,11:13:08,58.8,55.1,600,59.3,1800,0,2400
SRTRANSFIN30Jan201100CE.NFO,07/01/2020,11:13:19,58.8,55.1,600,59.6,4200,0,2400
SRTRANSFIN30Jan201100CE.NFO,07/01/2020,11:13:25,58.8,55.1,600,59.55,1200,0,2400
SRTRANSFIN30Jan201100CE.NFO,07/01/2020,11:13:30,58.8,55.1,600,59.45,2400,0,2400
SRTRANSFIN30Jan201100CE.NFO,07/01/2020,11:13:36,58.8,55.1,600,59.4,2400,0,2400
SRTRANSFIN30Jan201100CE.NFO,07/01/2020,11:13:42,58.8,55.1,600,59.4,1200,0,2400
SRTRANSFIN30Jan201100CE.NFO,07/01/2020,11:13:48,58.8,55.1,600,59.6,600,0,2400
SRTRANSFIN30Jan201100CE.NFO,07/01/2020,11:13:59,58.8,55.1,600,60.1,2400,0,2400
SRTRANSFIN30Jan201100CE.NFO,07/01/2020,11:14:04,58.8,55.1,600,60.35,3600,0,2400
SRTRANSFIN30Jan201100CE.NFO,07/01/2020,11:14:14,58.8,55.1,600,60.35,6000,0,2400
SRTRANSFIN30Jan201100CE.NFO,07/01/2020,11:14:42,58.8,55.1,600,60.35,8400,0,2400
SRTRANSFIN30Jan201100CE.NFO,07/01/2020,11:15:04,58.8,55.1,600,59.5,600,0,2400
SRTRANSFIN30Jan201100CE.NFO,07/01/2020,11:15:17,58.8,55.1,600,60.3,4200,0,2400
SRTRANSFIN30Jan201100CE.NFO,07/01/2020,11:15:22,58.8,55.1,600,59.9,600,0,2400
SRTRANSFIN30Jan201100CE.NFO,07/01/2020,11:15:27,58.8,55.1,600,59.9,3000,0,2400
SRTRANSFIN30Jan201100CE.NFO,07/01/2020,11:15:47,58.8,55.1,600,59.9,4200,0,2400
SRTRANSFIN30Jan201100CE.NFO,07/01/2020,11:15:51,58.8,55.1,600,59.2,600,0,2400
SRTRANSFIN30Jan201100CE.NFO,07/01/2020,11:16:06,58.8,55.1,600,59.1,600,0,2400
SRTRANSFIN30Jan201100CE.NFO,07/01/2020,11:16:12,58.8,55.1,600,59.85,6600,0,2400
SRTRANSFIN30Jan201100CE.NFO,07/01/2020,11:16:18,58.8,55.1,600,60.05,2400,0,2400
SRTRANSFIN30Jan201100CE.NFO,07/01/2020,11:16:24,58.8,55.1,600,59.95,1800,0,2400
SRTRANSFIN30Jan201100CE.NFO,07/01/2020,11:16:30,58.8,55.1,600,59.9,3000,0,2400
SRTRANSFIN30Jan201100CE.NFO,07/01/2020,11:16:45,58.8,55.1,600,59.75,1200,0,2400
SRTRANSFIN30Jan201100CE.NFO,07/01/2020,11:16:50,58.8,55.1,600,59.5,1800,0,2400
SRTRANSFIN30Jan201100CE.NFO,07/01/2020,11:16:56,58.8,55.1,600,59.5,600,0,2400
SRTRANSFIN30Jan201100CE.NFO,07/01/2020,11:17:01,58.8,55.1,600,59.9,3000,0,2400
SRTRANSFIN30Jan201100CE.NFO,07/01/2020,11:17:11,58.8,55.1,600,59.85,1800,0,2400
SRTRANSFIN30Jan201100CE.NFO,07/01/2020,11:17:16,58.8,55.1,600,59.8,3000,0,2400
SRTRANSFIN30Jan201100CE.NFO,07/01/2020,11:17:33,58.8,55.1,600,59.8,4200,0,2400
SRTRANSFIN30Jan201100CE.NFO,07/01/2020,11:17:39,58.8,55.1,600,60.5,600,0,2400
SRTRANSFIN30Jan201100CE.NFO,07/01/2020,11:17:45,58.8,55.1,600,60.4,1800,0,2400
SRTRANSFIN30Jan201100CE.NFO,07/01/2020,11:18:14,58.8,55.1,600,61.15,6600,0,2400
SRTRANSFIN30Jan201100CE.NFO,07/01/2020,11:18:23,58.8,55.1,600,60.5,1200,0,2400
SRTRANSFIN30Jan201100CE.NFO,07/01/2020,11:18:28,58.8,55.1,600,60.45,1200,0,2400
SRTRANSFIN30Jan201100CE.NFO,07/01/2020,11:18:33,58.8,55.1,600,60.4,600,0,2400
SRTRANSFIN30Jan201100CE.NFO,07/01/2020,11:18:39,58.8,55.1,600,60.7,1200,0,2400
SRTRANSFIN30Jan201100CE.NFO,07/01/2020,11:19:17,58.8,55.1,600,60.65,1800,0,2400
SRTRANSFIN30Jan201100CE.NFO,07/01/2020,11:19:26,58.8,55.1,600,60.5,4200,0,2400
SRTRANSFIN30Jan201100CE.NFO,07/01/2020,11:19:33,58.8,55.1,600,60.7,4800,0,2400
SRTRANSFIN30Jan201100CE.NFO,07/01/2020,11:19:44,58.8,55.1,600,60.6,3000,0,2400
SRTRANSFIN30Jan201100CE.NFO,07/01/2020,11:19:50,58.8,55.1,600,60.1,600,0,2400
SRTRANSFIN30Jan201100CE.NFO,07/01/2020,11:19:55,58.8,55.1,600,60.5,1800,0,2400
SRTRANSFIN30Jan201100CE.NFO,07/01/2020,11:20:02,58.8,55.1,600,60.5,3000,0,2400
SRTRANSFIN30Jan201100CE.NFO,07/01/2020,11:20:08,58.8,55.1,600,60.35,3000,0,2400
SRTRANSFIN30Jan201100CE.NFO,07/01/2020,11:20:14,58.8,55.1,600,60.35,1800,0,2400
SRTRANSFIN30Jan201100CE.NFO,07/01/2020,11:20:30,58.8,55.15,1800,61.65,3600,0,2400
SRTRANSFIN30Jan201100CE.NFO,07/01/2020,11:20:36,58.8,55.15,3000,61.65,3600,0,2400
SRTRANSFIN30Jan201100CE.NFO,07/01/2020,11:20:41,58.8,55.15,1800,61.65,3600,0,2400
SRTRANSFIN30Jan201100CE.NFO,07/01/2020,11:20:47,58.8,55.4,4200,61.65,3600,0,2400
SRTRANSFIN30Jan201100CE.NFO,07/01/2020,11:20:53,58.8,55.15,6600,61.65,2400,0,2400
SRTRANSFIN30Jan201100CE.NFO,07/01/2020,11:20:59,58.8,55.2,7200,61.65,2400,0,2400
SRTRANSFIN30Jan201100CE.NFO,07/01/2020,11:21:04,58.8,55.45,600,61.65,1200,0,2400
SRTRANSFIN30Jan201100CE.NFO,07/01/2020,11:21:09,58.8,55.4,5400,61.65,1200,0,2400
SRTRANSFIN30Jan201100CE.NFO,07/01/2020,11:21:14,58.8,55.35,2400,61.65,1200,0,2400
SRTRANSFIN30Jan201100CE.NFO,07/01/2020,11:21:18,58.8,55.4,600,61.65,1200,0,2400
SRTRANSFIN30Jan201100CE.NFO,07/01/2020,11:21:32,58.8,55.4,600,61.4,6000,0,2400
SRTRANSFIN30Jan201100CE.NFO,07/01/2020,11:21:38,58.8,55.1,600,61.25,3000,0,2400
SRTRANSFIN30Jan201100CE.NFO,07/01/2020,11:21:43,58.8,55.1,600,61.25,1200,0,2400
SRTRANSFIN30Jan201100CE.NFO,07/01/2020,11:22:01,58.8,55.15,2400,62.9,6600,0,2400
SRTRANSFIN30Jan201100CE.NFO,07/01/2020,11:22:06,58.8,55.1,600,61.15,2400,0,2400
SRTRANSFIN30Jan201100CE.NFO,07/01/2020,11:22:10,58.8,55.1,600,61.15,1200,0,2400
SRTRANSFIN30Jan201100CE.NFO,07/01/2020,11:22:14,58.8,55.1,600,61.15,2400,0,2400
SRTRANSFIN30Jan201100CE.NFO,07/01/2020,11:22:17,58.8,55.1,600,61.15,1200,0,2400
SRTRANSFIN30Jan201100CE.NFO,07/01/2020,11:22:21,58.8,55.1,600,61.1,3000,0,2400
SRTRANSFIN30Jan201100CE.NFO,07/01/2020,11:22:45,58.8,55.1,600,61,3000,0,2400
SRTRANSFIN30Jan201100CE.NFO,07/01/2020,11:22:56,58.8,55.15,600,61.7,3600,0,2400
SRTRANSFIN30Jan201100CE.NFO,07/01/2020,11:23:15,58.8,55.45,600,61.7,3600,0,2400
SRTRANSFIN30Jan201100CE.NFO,07/01/2020,11:23:20,58.8,55.15,600,61.7,3600,0,2400
SRTRANSFIN30Jan201100CE.NFO,07/01/2020,11:23:29,58.8,55.15,7800,61.7,3600,0,2400
SRTRANSFIN30Jan201100CE.NFO,07/01/2020,11:23:34,58.8,55.15,5400,61.7,3600,0,2400
SRTRANSFIN30Jan201100CE.NFO,07/01/2020,11:23:38,58.8,55.15,7800,61.7,3600,0,2400
SRTRANSFIN30Jan201100CE.NFO,07/01/2020,11:23:44,58.8,55.5,2400,61.7,3600,0,2400
SRTRANSFIN30Jan201100CE.NFO,07/01/2020,11:23:48,58.8,55.5,3600,61.7,3600,0,2400
SRTRANSFIN30Jan201100CE.NFO,07/01/2020,11:23:52,58.8,55.55,1200,61.7,3600,0,2400
SRTRANSFIN30Jan201100CE.NFO,07/01/2020,11:24:00,58.8,55.75,4200,61.7,1200,0,2400
SRTRANSFIN30Jan201100CE.NFO,07/01/2020,11:24:05,58.8,55.45,7200,61.7,1200,0,2400
SRTRANSFIN30Jan201100CE.NFO,07/01/2020,11:24:24,58.8,55.8,600,61.7,2400,0,2400
SRTRANSFIN30Jan201100CE.NFO,07/01/2020,11:24:33,58.8,55.75,7200,62.75,10200,0,2400
SRTRANSFIN30Jan201100CE.NFO,07/01/2020,11:24:43,58.8,55.75,2400,62.75,10200,0,2400
SRTRANSFIN30Jan201100CE.NFO,07/01/2020,11:25:06,58.8,55.75,600,62.65,13200,0,2400
SRTRANSFIN30Jan201100CE.NFO,07/01/2020,11:25:10,58.8,55.75,600,62.5,11400,0,2400
SRTRANSFIN30Jan201100CE.NFO,07/01/2020,11:25:15,58.8,55.5,3000,62.4,9000,0,2400
SRTRANSFIN30Jan201100CE.NFO,07/01/2020,11:25:19,58.8,55.55,1800,62.35,6600,0,2400
SRTRANSFIN30Jan201100CE.NFO,07/01/2020,11:25:24,58.8,55.5,600,61.75,5400,0,2400
SRTRANSFIN30Jan201100CE.NFO,07/01/2020,11:25:30,58.8,55.2,7800,61.7,7800,0,2400
SRTRANSFIN30Jan201100CE.NFO,07/01/2020,11:25:43,58.8,55.45,5400,62.1,3000,0,2400
SRTRANSFIN30Jan201100CE.NFO,07/01/2020,11:25:48,58.8,55.6,600,62,3600,0,2400
SRTRANSFIN30Jan201100CE.NFO,07/01/2020,11:25:53,58.8,55.6,600,61.9,7200,0,2400
SRTRANSFIN30Jan201100CE.NFO,07/01/2020,11:25:57,58.8,55.6,600,61.85,7800,0,2400
SRTRANSFIN30Jan201100CE.NFO,07/01/2020,11:26:00,58.8,55.6,600,61.75,5400,0,2400
SRTRANSFIN30Jan201100CE.NFO,07/01/2020,11:26:04,58.8,55.15,5400,61.6,7800,0,2400
SRTRANSFIN30Jan201100CE.NFO,07/01/2020,11:26:08,58.8,55.15,5400,61.4,3600,0,2400
SRTRANSFIN30Jan201100CE.NFO,07/01/2020,11:26:12,58.8,55.15,5400,61.4,2400,0,2400
SRTRANSFIN30Jan201100CE.NFO,07/01/2020,11:26:20,58.8,55.15,7800,61.5,4800,0,2400
SRTRANSFIN30Jan201100CE.NFO,07/01/2020,11:26:24,58.8,55.15,7800,61.4,2400,0,2400
SRTRANSFIN30Jan201100CE.NFO,07/01/2020,11:26:32,58.8,55.15,9000,61.95,4200,0,2400
SRTRANSFIN30Jan201100CE.NFO,07/01/2020,11:26:37,58.8,55.15,7800,61.95,4200,0,2400
SRTRANSFIN30Jan201100CE.NFO,07/01/2020,11:26:41,58.8,55.15,7800,61.95,11400,0,2400
SRTRANSFIN30Jan201100CE.NFO,07/01/2020,11:26:46,58.8,55.15,7800,61.95,9000,0,2400
SRTRANSFIN30Jan201100CE.NFO,07/01/2020,11:26:51,58.8,55.15,7800,61.95,11400,0,2400
SRTRANSFIN30Jan201100CE.NFO,07/01/2020,11:26:54,58.8,55.15,7800,61.55,4200,0,2400
SRTRANSFIN30Jan201100CE.NFO,07/01/2020,11:26:58,58.8,55.15,7800,61.3,2400,0,2400
SRTRANSFIN30Jan201100CE.NFO,07/01/2020,11:27:02,58.8,55.15,7800,61.1,1200,0,2400
SRTRANSFIN30Jan201100CE.NFO,07/01/2020,11:27:05,58.8,55.15,7800,61.4,4200,0,2400
SRTRANSFIN30Jan201100CE.NFO,07/01/2020,11:27:11,58.8,55.15,7800,61.25,1800,0,2400
SRTRANSFIN30Jan201100CE.NFO,07/01/2020,11:27:14,58.8,55.15,7800,60.8,600,0,2400
SRTRANSFIN30Jan201100CE.NFO,07/01/2020,11:27:18,58.8,55.1,600,61.15,2400,0,2400
SRTRANSFIN30Jan201100CE.NFO,07/01/2020,11:27:25,58.8,55.1,600,61.1,3000,0,2400
SRTRANSFIN30Jan201100CE.NFO,07/01/2020,11:27:31,58.8,55.15,600,61.1,3000,0,2400
SRTRANSFIN30Jan201100CE.NFO,07/01/2020,11:27:33,58.8,55.15,600,61.1,4200,0,2400
SRTRANSFIN30Jan201100CE.NFO,07/01/2020,11:27:38,58.8,55.15,600,60.6,600,0,2400
SRTRANSFIN30Jan201100CE.NFO,07/01/2020,11:28:12,58.8,55.35,600,60.6,600,0,2400
SRTRANSFIN30Jan201100CE.NFO,07/01/2020,11:28:15,58.8,55.1,600,60.6,600,0,2400
SRTRANSFIN30Jan201100CE.NFO,07/01/2020,11:28:20,58.8,55.1,600,60.6,1800,0,2400
SRTRANSFIN30Jan201100CE.NFO,07/01/2020,11:28:45,58.8,55.1,600,60.6,3000,0,2400
SRTRANSFIN30Jan201100CE.NFO,07/01/2020,11:28:51,58.8,55.1,600,60.25,600,0,2400
SRTRANSFIN30Jan201100CE.NFO,07/01/2020,11:28:54,58.8,55.15,600,60.55,3000,0,2400
SRTRANSFIN30Jan201100CE.NFO,07/01/2020,11:28:58,58.8,55.15,600,60.45,600,0,2400
SRTRANSFIN30Jan201100CE.NFO,07/01/2020,11:29:02,58.8,55.15,600,60.4,600,0,2400
SRTRANSFIN30Jan201100CE.NFO,07/01/2020,11:29:14,58.8,55.15,600,60.2,600,0,2400
SRTRANSFIN30Jan201100CE.NFO,07/01/2020,11:29:21,58.8,55.1,600,60.2,600,0,2400
SRTRANSFIN30Jan201100CE.NFO,07/01/2020,11:29:28,58.8,55.15,600,60.2,600,0,2400
SRTRANSFIN30Jan201100CE.NFO,07/01/2020,11:29:46,58.8,55.25,600,60.15,600,0,2400
SRTRANSFIN30Jan201100CE.NFO,07/01/2020,11:29:50,58.8,55.25,600,60.1,600,0,2400
SRTRANSFIN30Jan201100CE.NFO,07/01/2020,11:30:02,58.8,55.1,600,60,600,0,2400
SRTRANSFIN30Jan201100CE.NFO,07/01/2020,11:30:10,58.8,55.1,600,60.1,600,0,2400
SRTRANSFIN30Jan201100CE.NFO,07/01/2020,11:30:13,58.8,55.1,600,60.8,11400,0,2400
SRTRANSFIN30Jan201100CE.NFO,07/01/2020,11:30:17,58.8,55.1,600,60.8,9000,0,2400
SRTRANSFIN30Jan201100CE.NFO,07/01/2020,11:30:21,58.8,55.1,600,60.8,11400,0,2400
SRTRANSFIN30Jan201100CE.NFO,07/01/2020,11:31:05,58.8,55.1,600,60.75,4200,0,2400
SRTRANSFIN30Jan201100CE.NFO,07/01/2020,11:31:11,58.8,55.1,600,59.75,600,0,2400
SRTRANSFIN30Jan201100CE.NFO,07/01/2020,11:31:35,58.8,55.1,600,60.5,4200,0,2400
SRTRANSFIN30Jan201100CE.NFO,07/01/2020,11:31:53,58.8,55.1,600,60.1,600,0,2400
SRTRANSFIN30Jan201100CE.NFO,07/01/2020,11:31:59,58.8,55.1,600,60.15,600,0,2400
SRTRANSFIN30Jan201100CE.NFO,07/01/2020,11:32:05,58.8,55.15,600,60.3,600,0,2400
SRTRANSFIN30Jan201100CE.NFO,07/01/2020,11:32:11,58.8,55.1,600,60.1,600,0,2400
SRTRANSFIN30Jan201100CE.NFO,07/01/2020,11:32:16,58.8,55.1,600,59.9,600,0,2400
SRTRANSFIN30Jan201100CE.NFO,07/01/2020,11:32:36,58.8,55.1,600,59.9,1800,0,2400
SRTRANSFIN30Jan201100CE.NFO,07/01/2020,11:32:41,58.8,55.1,600,60.15,4200,0,2400
SRTRANSFIN30Jan201100CE.NFO,07/01/2020,11:32:45,58.8,55.1,600,59.6,600,0,2400
SRTRANSFIN30Jan201100CE.NFO,07/01/2020,11:32:49,58.8,55.1,600,59.4,600,0,2400
SRTRANSFIN30Jan201100CE.NFO,07/01/2020,11:32:52,58.8,55.1,600,59.65,600,0,2400
SRTRANSFIN30Jan201100CE.NFO,07/01/2020,11:33:00,58.8,55.1,600,59.55,600,0,2400
SRTRANSFIN30Jan201100CE.NFO,07/01/2020,11:33:57,58.8,55.1,600,60.4,600,0,2400
SRTRANSFIN30Jan201100CE.NFO,07/01/2020,11:34:10,58.8,55.35,600,60.55,600,0,2400
SRTRANSFIN30Jan201100CE.NFO,07/01/2020,11:34:17,58.8,55.1,600,60.55,600,0,2400
SRTRANSFIN30Jan201100CE.NFO,07/01/2020,11:34:23,58.8,55.15,600,60.55,600,0,2400
SRTRANSFIN30Jan201100CE.NFO,07/01/2020,11:34:29,58.8,55.1,600,61,600,0,2400
SRTRANSFIN30Jan201100CE.NFO,07/01/2020,11:34:36,58.8,55.1,600,60.9,1800,0,2400
SRTRANSFIN30Jan201100CE.NFO,07/01/2020,11:34:42,58.8,55.15,600,60.65,600,0,2400
SRTRANSFIN30Jan201100CE.NFO,07/01/2020,11:34:49,58.8,55.1,600,60.5,4200,0,2400
SRTRANSFIN30Jan201100CE.NFO,07/01/2020,11:34:55,58.8,55.1,600,59.95,600,0,2400
SRTRANSFIN30Jan201100CE.NFO,07/01/2020,11:35:06,58.8,55.1,600,60.8,3000,0,2400
SRTRANSFIN30Jan201100CE.NFO,07/01/2020,11:35:13,58.8,55.1,600,60.7,3000,0,2400
SRTRANSFIN30Jan201100CE.NFO,07/01/2020,11:35:20,58.8,55.15,600,61.2,1800,0,2400
SRTRANSFIN30Jan201100CE.NFO,07/01/2020,11:35:31,58.8,55.15,600,61.2,2400,0,2400
SRTRANSFIN30Jan201100CE.NFO,07/01/2020,11:35:37,58.8,55.35,600,61.2,1200,0,2400
SRTRANSFIN30Jan201100CE.NFO,07/01/2020,11:35:44,58.8,55.35,600,61.15,1800,0,2400
SRTRANSFIN30Jan201100CE.NFO,07/01/2020,11:36:05,58.8,55.5,600,61.15,1200,0,2400
SRTRANSFIN30Jan201100CE.NFO,07/01/2020,11:36:51,58.8,55.6,600,61.1,4200,0,2400
SRTRANSFIN30Jan201100CE.NFO,07/01/2020,11:36:58,58.8,55.6,600,61.1,3000,0,2400
SRTRANSFIN30Jan201100CE.NFO,07/01/2020,11:37:05,58.8,55.6,600,61.1,1800,0,2400
SRTRANSFIN30Jan201100CE.NFO,07/01/2020,11:37:10,58.8,55.6,600,61,1800,0,2400
SRTRANSFIN30Jan201100CE.NFO,07/01/2020,11:37:24,58.8,55.7,600,61.5,1800,0,2400
SRTRANSFIN30Jan201100CE.NFO,07/01/2020,11:37:28,58.8,55.7,600,61.5,600,0,2400
SRTRANSFIN30Jan201100CE.NFO,07/01/2020,11:37:43,58.8,55.8,600,62.35,6600,0,2400
SRTRANSFIN30Jan201100CE.NFO,07/01/2020,11:37:48,58.8,55.9,600,62.25,8400,0,2400
SRTRANSFIN30Jan201100CE.NFO,07/01/2020,11:37:53,58.8,55.9,600,62.05,6600,0,2400
SRTRANSFIN30Jan201100CE.NFO,07/01/2020,11:38:00,58.8,55.9,600,62.05,3000,0,2400
SRTRANSFIN30Jan201100CE.NFO,07/01/2020,11:38:11,58.8,55.9,600,62.05,4200,0,2400
SRTRANSFIN30Jan201100CE.NFO,07/01/2020,11:38:20,58.8,55.9,600,62.05,6600,0,2400
SRTRANSFIN30Jan201100CE.NFO,07/01/2020,11:38:24,58.8,56,600,61.85,6600,0,2400
SRTRANSFIN30Jan201100CE.NFO,07/01/2020,11:38:32,58.8,56,600,61.85,4200,0,2400
SRTRANSFIN30Jan201100CE.NFO,07/01/2020,11:38:36,58.8,56,600,61.85,6600,0,2400
SRTRANSFIN30Jan201100CE.NFO,07/01/2020,11:38:46,58.8,56,600,61.5,2400,0,2400
SRTRANSFIN30Jan201100CE.NFO,07/01/2020,11:39:24,58.8,55.15,7800,61.3,3000,0,2400
SRTRANSFIN30Jan201100CE.NFO,07/01/2020,11:39:34,58.8,55.65,600,61.3,2400,0,2400
SRTRANSFIN30Jan201100CE.NFO,07/01/2020,11:39:49,58.8,55.65,600,61.25,3000,0,2400
SRTRANSFIN30Jan201100CE.NFO,07/01/2020,11:39:57,58.8,55.1,600,60.55,3000,0,2400
SRTRANSFIN30Jan201100CE.NFO,07/01/2020,11:40:15,58.8,55.1,600,60.25,3000,0,2400
SRTRANSFIN30Jan201100CE.NFO,07/01/2020,11:40:28,58.8,55.1,600,60.15,3000,0,2400
SRTRANSFIN30Jan201100CE.NFO,07/01/2020,11:40:32,58.8,55.1,600,60.15,4200,0,2400
SRTRANSFIN30Jan201100CE.NFO,07/01/2020,11:40:48,58.8,55.1,600,59.75,1800,0,2400
SRTRANSFIN30Jan201100CE.NFO,07/01/2020,11:41:04,58.8,55.1,600,59.65,1800,0,2400
SRTRANSFIN30Jan201100CE.NFO,07/01/2020,11:41:08,58.8,55.1,600,59.65,600,0,2400
SRTRANSFIN30Jan201100CE.NFO,07/01/2020,11:41:12,58.8,55.1,600,59.45,600,0,2400
SRTRANSFIN30Jan201100CE.NFO,07/01/2020,11:41:50,58.8,55.1,600,59.35,600,0,2400
SRTRANSFIN30Jan201100CE.NFO,07/01/2020,11:42:00,58.8,55.1,600,59.25,600,0,2400
SRTRANSFIN30Jan201100CE.NFO,07/01/2020,11:42:04,58.8,55.1,600,59.3,600,0,2400
SRTRANSFIN30Jan201100CE.NFO,07/01/2020,11:42:08,58.8,55.1,600,59.85,3000,0,2400
SRTRANSFIN30Jan201100CE.NFO,07/01/2020,11:42:12,58.8,55.15,600,59.85,3000,0,2400
SRTRANSFIN30Jan201100CE.NFO,07/01/2020,11:42:16,58.8,55.1,600,59.8,3000,0,2400
SRTRANSFIN30Jan201100CE.NFO,07/01/2020,11:42:33,58.8,55.1,600,59.75,3000,0,2400
SRTRANSFIN30Jan201100CE.NFO,07/01/2020,11:42:37,58.8,55.1,600,60.2,1800,0,2400
SRTRANSFIN30Jan201100CE.NFO,07/01/2020,11:42:44,58.8,55.1,600,60.2,4200,0,2400
SRTRANSFIN30Jan201100CE.NFO,07/01/2020,11:42:52,58.8,55.1,600,60,3000,0,2400
SRTRANSFIN30Jan201100CE.NFO,07/01/2020,11:43:28,58.8,55.1,600,60,4200,0,2400
SRTRANSFIN30Jan201100CE.NFO,07/01/2020,11:43:32,58.8,55.1,600,60,3000,0,2400
SRTRANSFIN30Jan201100CE.NFO,07/01/2020,11:44:39,58.8,55.1,600,59.9,3000,0,2400
SRTRANSFIN30Jan201100CE.NFO,07/01/2020,11:45:07,58.8,55.1,600,60.15,3000,0,2400
SRTRANSFIN30Jan201100CE.NFO,07/01/2020,11:45:14,58.8,55.1,600,59.75,3000,0,2400
SRTRANSFIN30Jan201100CE.NFO,07/01/2020,11:45:17,58.8,55.1,600,60.55,10200,0,2400
SRTRANSFIN30Jan201100CE.NFO,07/01/2020,11:45:22,58.8,55.1,600,59.95,3000,0,2400
SRTRANSFIN30Jan201100CE.NFO,07/01/2020,11:46:36,58.8,55.1,600,59.9,2400,0,2400
SRTRANSFIN30Jan201100CE.NFO,07/01/2020,11:46:43,58.8,55.1,600,59.85,2400,0,2400
SRTRANSFIN30Jan201100CE.NFO,07/01/2020,11:46:47,58.8,55.1,600,60.2,4200,0,2400
SRTRANSFIN30Jan201100CE.NFO,07/01/2020,11:47:34,58.8,55.1,600,59.45,600,0,2400
SRTRANSFIN30Jan201100CE.NFO,07/01/2020,11:47:56,58.8,55.1,600,60.05,3000,0,2400
SRTRANSFIN30Jan201100CE.NFO,07/01/2020,11:47:59,58.8,55.1,600,59.95,3000,0,2400
SRTRANSFIN30Jan201100CE.NFO,07/01/2020,11:48:12,58.8,55.1,600,59.7,3000,0,2400
SRTRANSFIN30Jan201100CE.NFO,07/01/2020,11:48:17,58.8,55.1,600,59.6,3000,0,2400
SRTRANSFIN30Jan201100CE.NFO,07/01/2020,11:49:22,58.8,55.1,600,59.6,1800,0,2400
SRTRANSFIN30Jan201100CE.NFO,07/01/2020,11:49:38,58.8,55.1,600,59.6,600,0,2400
SRTRANSFIN30Jan201100CE.NFO,07/01/2020,11:50:01,58.8,55.1,600,59.45,1800,0,2400
SRTRANSFIN30Jan201100CE.NFO,07/01/2020,11:50:06,58.8,55.1,600,59.45,600,0,2400
SRTRANSFIN30Jan201100CE.NFO,07/01/2020,11:50:10,58.8,55.1,600,59.45,1800,0,2400
SRTRANSFIN30Jan201100CE.NFO,07/01/2020,11:50:14,58.8,55.1,600,59.1,600,0,2400
SRTRANSFIN30Jan201100CE.NFO,07/01/2020,11:50:20,58.8,55.1,600,59.3,4200,0,2400
SRTRANSFIN30Jan201100CE.NFO,07/01/2020,11:50:41,58.8,55.1,600,58.85,600,0,2400
SRTRANSFIN30Jan201100CE.NFO,07/01/2020,11:50:48,58.8,55.1,600,58.45,600,0,2400
SRTRANSFIN30Jan201100CE.NFO,07/01/2020,11:50:57,58.8,55.1,600,58.2,600,0,2400
SRTRANSFIN30Jan201100CE.NFO,07/01/2020,11:51:01,58.8,55.1,600,58.75,600,0,2400
SRTRANSFIN30Jan201100CE.NFO,07/01/2020,11:51:10,58.8,55.1,600,58.75,1800,0,2400
SRTRANSFIN30Jan201100CE.NFO,07/01/2020,11:51:20,58.8,55.1,600,58.75,3000,0,2400
SRTRANSFIN30Jan201100CE.NFO,07/01/2020,11:51:25,58.8,55.1,600,58.75,600,0,2400
SRTRANSFIN30Jan201100CE.NFO,07/01/2020,11:51:29,58.8,55.1,600,58.65,600,0,2400
SRTRANSFIN30Jan201100CE.NFO,07/01/2020,11:51:35,58.8,55.1,600,58.35,1800,0,2400
SRTRANSFIN30Jan201100CE.NFO,07/01/2020,11:51:40,58.8,55.1,600,58.5,600,0,2400
SRTRANSFIN30Jan201100CE.NFO,07/01/2020,11:51:44,58.8,55.1,600,58.5,4200,0,2400
SRTRANSFIN30Jan201100CE.NFO,07/01/2020,11:51:49,58.8,55.1,600,57.9,600,0,2400
SRTRANSFIN30Jan201100CE.NFO,07/01/2020,11:51:53,58.8,55.1,600,57.9,1800,0,2400
SRTRANSFIN30Jan201100CE.NFO,07/01/2020,11:51:58,58.8,55.1,600,57.9,600,0,2400
SRTRANSFIN30Jan201100CE.NFO,07/01/2020,11:52:02,58.8,55.1,600,57.9,1800,0,2400
SRTRANSFIN30Jan201100CE.NFO,07/01/2020,11:52:10,58.8,55.1,600,57.85,600,0,2400
SRTRANSFIN30Jan201100CE.NFO,07/01/2020,11:53:07,58.8,55.1,600,57.75,600,0,2400
SRTRANSFIN30Jan201100CE.NFO,07/01/2020,11:53:12,58.8,55.1,600,57.65,600,0,2400
SRTRANSFIN30Jan201100CE.NFO,07/01/2020,11:54:20,58.8,55.1,600,57.5,600,0,2400
SRTRANSFIN30Jan201100CE.NFO,07/01/2020,11:54:49,58.8,55.1,600,57.4,600,0,2400
SRTRANSFIN30Jan201100CE.NFO,07/01/2020,11:54:52,58.8,55.1,600,57.1,600,0,2400
SRTRANSFIN30Jan201100CE.NFO,07/01/2020,11:54:54,58.8,55.1,600,57,600,0,2400
SRTRANSFIN30Jan201100CE.NFO,07/01/2020,11:55:04,58.8,55.1,600,57.65,600,0,2400
SRTRANSFIN30Jan201100CE.NFO,07/01/2020,11:55:11,58.8,55.1,600,57.55,600,0,2400
SRTRANSFIN30Jan201100CE.NFO,07/01/2020,11:55:27,58.8,55.1,600,57.65,600,0,2400
SRTRANSFIN30Jan201100CE.NFO,07/01/2020,11:56:04,58.8,55.1,600,57.75,600,0,2400
SRTRANSFIN30Jan201100CE.NFO,07/01/2020,11:56:08,58.8,55.1,600,57.6,600,0,2400
SRTRANSFIN30Jan201100CE.NFO,07/01/2020,11:56:15,58.8,55.1,600,57.5,600,0,2400
SRTRANSFIN30Jan201100CE.NFO,07/01/2020,11:56:21,58.8,55.1,600,57.4,600,0,2400
SRTRANSFIN30Jan201100CE.NFO,07/01/2020,11:56:24,58.8,55.1,600,58.3,4800,0,2400
SRTRANSFIN30Jan201100CE.NFO,07/01/2020,11:56:38,58.8,55.1,600,58.45,1800,0,2400
SRTRANSFIN30Jan201100CE.NFO,07/01/2020,11:56:42,58.8,55.1,600,58.35,600,0,2400
SRTRANSFIN30Jan201100CE.NFO,07/01/2020,11:56:45,58.8,55.1,600,58.1,600,0,2400
SRTRANSFIN30Jan201100CE.NFO,07/01/2020,11:56:54,58.8,55.1,600,58.25,1800,0,2400
SRTRANSFIN30Jan201100CE.NFO,07/01/2020,11:56:58,58.8,55.1,600,58.25,600,0,2400
SRTRANSFIN30Jan201100CE.NFO,07/01/2020,11:57:26,58.8,55.1,600,57.8,600,0,2400
SRTRANSFIN30Jan201100CE.NFO,07/01/2020,11:57:30,58.8,55.1,600,57.45,600,0,2400
SRTRANSFIN30Jan201100CE.NFO,07/01/2020,11:57:35,55.1,51.45,4200,56.85,600,600,2400
SRTRANSFIN30Jan201100CE.NFO,07/01/2020,11:57:35,55.1,51.45,4200,56.85,600,0,2400
SRTRANSFIN30Jan201100CE.NFO,07/01/2020,11:57:40,55.1,51.65,3000,57.4,1800,0,2400
SRTRANSFIN30Jan201100CE.NFO,07/01/2020,11:57:45,55.1,51.65,1800,57,600,0,2400
SRTRANSFIN30Jan201100CE.NFO,07/01/2020,11:57:50,55.1,51.5,3000,56.8,600,0,2400
SRTRANSFIN30Jan201100CE.NFO,07/01/2020,11:57:55,55.1,51.65,600,57.25,600,0,2400
SRTRANSFIN30Jan201100CE.NFO,07/01/2020,11:58:00,55.1,51.7,600,57.25,600,0,2400
SRTRANSFIN30Jan201100CE.NFO,07/01/2020,11:58:05,55.1,51.8,3000,57.15,600,0,2400
SRTRANSFIN30Jan201100CE.NFO,07/01/2020,11:58:09,55.1,52.05,3000,57.6,600,0,2400
SRTRANSFIN30Jan201100CE.NFO,07/01/2020,11:58:13,55.1,52.2,600,56.9,600,0,2400
SRTRANSFIN30Jan201100CE.NFO,07/01/2020,11:58:17,55.1,52.3,600,56.75,600,0,2400
SRTRANSFIN30Jan201100CE.NFO,07/01/2020,11:58:20,55.1,52.3,600,57.3,1800,0,2400
SRTRANSFIN30Jan201100CE.NFO,07/01/2020,11:58:24,55.1,52.3,600,57.2,1800,0,2400
SRTRANSFIN30Jan201100CE.NFO,07/01/2020,11:58:32,55.1,52.3,600,57.2,3000,0,2400
SRTRANSFIN30Jan201100CE.NFO,07/01/2020,11:58:35,55.1,52.2,600,57.75,4800,0,2400
SRTRANSFIN30Jan201100CE.NFO,07/01/2020,11:58:40,55.1,52.4,600,58.7,9600,0,2400
SRTRANSFIN30Jan201100CE.NFO,07/01/2020,11:58:44,55.1,52.9,600,58.5,3000,0,2400
SRTRANSFIN30Jan201100CE.NFO,07/01/2020,11:58:52,55.1,53.2,600,58.35,1800,0,2400
SRTRANSFIN30Jan201100CE.NFO,07/01/2020,11:58:59,55.1,52,6000,58.35,3000,0,2400
SRTRANSFIN30Jan201100CE.NFO,07/01/2020,11:59:12,55.1,52.15,600,58.25,4200,0,2400
SRTRANSFIN30Jan201100CE.NFO,07/01/2020,11:59:15,55.1,52.25,600,58.25,3000,0,2400
SRTRANSFIN30Jan201100CE.NFO,07/01/2020,11:59:31,55.1,51.75,6600,58.2,3000,0,2400
SRTRANSFIN30Jan201100CE.NFO,07/01/2020,11:59:35,55.1,51.95,6600,58.2,1800,0,2400
SRTRANSFIN30Jan201100CE.NFO,07/01/2020,11:59:39,55.1,51.95,3000,58.2,3000,0,2400
SRTRANSFIN30Jan201100CE.NFO,07/01/2020,11:59:42,55.1,52,4200,58.1,3000,0,2400
SRTRANSFIN30Jan201100CE.NFO,07/01/2020,11:59:46,55.1,52,6600,58,1800,0,2400
SRTRANSFIN30Jan201100CE.NFO,07/01/2020,11:59:51,55.1,52,3000,58,3000,0,2400
SRTRANSFIN30Jan201100CE.NFO,07/01/2020,11:59:55,55.1,52,600,57.8,3000,0,2400
SRTRANSFIN30Jan201100CE.NFO,07/01/2020,11:59:59,55.1,51.3,7800,57.7,600,0,2400
SRTRANSFIN30Jan201100CE.NFO,07/01/2020,12:00:03,55.1,51.4,6600,57.7,600,0,2400
SRTRANSFIN30Jan201100CE.NFO,07/01/2020,12:00:06,55.1,51.5,4200,57.7,600,0,2400
SRTRANSFIN30Jan201100CE.NFO,07/01/2020,12:00:10,55.1,51.6,6600,57.7,600,0,2400
SRTRANSFIN30Jan201100CE.NFO,07/01/2020,12:00:22,55.1,51.65,4200,57.7,600,0,2400
SRTRANSFIN30Jan201100CE.NFO,07/01/2020,12:00:26,55.1,52.05,3000,58.15,3600,0,2400
SRTRANSFIN30Jan201100CE.NFO,07/01/2020,12:00:43,55.1,52.05,4200,58.15,3600,0,2400
SRTRANSFIN30Jan201100CE.NFO,07/01/2020,12:00:50,55.1,52.05,4200,58.15,2400,0,2400
SRTRANSFIN30Jan201100CE.NFO,07/01/2020,12:00:56,55.1,52.05,4200,58.15,1200,0,2400
SRTRANSFIN30Jan201100CE.NFO,07/01/2020,12:01:10,55.1,52.05,4200,58.1,1200,0,2400
SRTRANSFIN30Jan201100CE.NFO,07/01/2020,12:01:25,55.1,52.05,4200,58.1,2400,0,2400
SRTRANSFIN30Jan201100CE.NFO,07/01/2020,12:01:27,55.1,52.05,4200,58.1,1200,0,2400
SRTRANSFIN30Jan201100CE.NFO,07/01/2020,12:01:30,55.1,52.05,4200,58.55,4200,0,2400
SRTRANSFIN30Jan201100CE.NFO,07/01/2020,12:01:36,55.1,52.05,4200,58.45,5400,0,2400
SRTRANSFIN30Jan201100CE.NFO,07/01/2020,12:02:00,55.1,52.65,600,58.45,4200,0,2400
SRTRANSFIN30Jan201100CE.NFO,07/01/2020,12:02:14,55.1,52.75,600,58.05,3000,0,2400
SRTRANSFIN30Jan201100CE.NFO,07/01/2020,12:02:17,55.1,52.35,600,57.9,3000,0,2400
SRTRANSFIN30Jan201100CE.NFO,07/01/2020,12:02:30,55.1,52.35,600,57.7,3000,0,2400
SRTRANSFIN30Jan201100CE.NFO,07/01/2020,12:02:36,55.1,52.85,600,58.25,1800,0,2400
SRTRANSFIN30Jan201100CE.NFO,07/01/2020,12:02:43,55.1,53.1,600,58.8,4200,0,2400
SRTRANSFIN30Jan201100CE.NFO,07/01/2020,12:02:50,55.1,53.2,600,59.25,4200,0,2400
SRTRANSFIN30Jan201100CE.NFO,07/01/2020,12:02:55,55.1,53.15,600,59.05,6600,0,2400
SRTRANSFIN30Jan201100CE.NFO,07/01/2020,12:03:00,55.1,53.2,600,59.05,6600,0,2400
SRTRANSFIN30Jan201100CE.NFO,07/01/2020,12:03:05,55.1,53.2,600,58.9,4200,0,2400
SRTRANSFIN30Jan201100CE.NFO,07/01/2020,12:03:11,55.1,52.55,6600,58.6,2400,0,2400
SRTRANSFIN30Jan201100CE.NFO,07/01/2020,12:03:17,55.1,53.05,600,59.55,5400,0,2400
SRTRANSFIN30Jan201100CE.NFO,07/01/2020,12:03:22,55.1,52.75,4200,58.9,4200,0,2400
SRTRANSFIN30Jan201100CE.NFO,07/01/2020,12:03:28,55.1,52.75,600,58.8,6600,0,2400
SRTRANSFIN30Jan201100CE.NFO,07/01/2020,12:03:34,55.1,51.35,10200,58.8,6600,0,2400
SRTRANSFIN30Jan201100CE.NFO,07/01/2020,12:03:38,55.1,52.25,7800,58.55,2400,0,2400
SRTRANSFIN30Jan201100CE.NFO,07/01/2020,12:03:43,55.1,52.55,6600,58.55,2400,0,2400
SRTRANSFIN30Jan201100CE.NFO,07/01/2020,12:03:53,55.1,52.65,6600,58.5,2400,0,2400
SRTRANSFIN30Jan201100CE.NFO,07/01/2020,12:03:57,55.1,52.65,6600,58.5,1200,0,2400
SRTRANSFIN30Jan201100CE.NFO,07/01/2020,12:04:07,55.1,52.65,7800,58.5,1200,0,2400
SRTRANSFIN30Jan201100CE.NFO,07/01/2020,12:04:11,55.1,52.65,9000,58.5,1200,0,2400
SRTRANSFIN30Jan201100CE.NFO,07/01/2020,12:04:14,55.1,52.65,9000,60.25,11400,0,2400
SRTRANSFIN30Jan201100CE.NFO,07/01/2020,12:04:17,55.1,52.85,7800,59.55,11400,0,2400
SRTRANSFIN30Jan201100CE.NFO,07/01/2020,12:04:20,55.1,52.85,7800,59.55,9000,0,2400
SRTRANSFIN30Jan201100CE.NFO,07/01/2020,12:04:30,55.1,52.85,5400,59.55,9000,0,2400
SRTRANSFIN30Jan201100CE.NFO,07/01/2020,12:04:51,55.1,52.95,7800,59.55,6600,0,2400
SRTRANSFIN30Jan201100CE.NFO,07/01/2020,12:04:53,55.1,52.95,7800,59.55,4200,0,2400
SRTRANSFIN30Jan201100CE.NFO,07/01/2020,12:04:59,55.1,52.95,9000,59.55,4200,0,2400
SRTRANSFIN30Jan201100CE.NFO,07/01/2020,12:05:02,55.1,53.55,600,59.55,3600,0,2400
SRTRANSFIN30Jan201100CE.NFO,07/01/2020,12:05:07,55.1,53.55,3000,59.55,2400,0,2400
SRTRANSFIN30Jan201100CE.NFO,07/01/2020,12:05:21,55.1,53.55,1800,59.55,2400,0,2400
SRTRANSFIN30Jan201100CE.NFO,07/01/2020,12:05:29,55.1,53.65,600,61.35,13200,0,2400
SRTRANSFIN30Jan201100CE.NFO,07/01/2020,12:05:33,55.1,53.65,600,60.2,11400,0,2400
SRTRANSFIN30Jan201100CE.NFO,07/01/2020,12:05:37,55.1,53.2,5400,60.2,11400,0,2400
SRTRANSFIN30Jan201100CE.NFO,07/01/2020,12:05:40,55.1,53.5,3000,60.2,11400,0,2400
SRTRANSFIN30Jan201100CE.NFO,07/01/2020,12:05:42,55.1,53.7,600,60.2,11400,0,2400
SRTRANSFIN30Jan201100CE.NFO,07/01/2020,12:05:45,55.1,53.7,600,60,10200,0,2400
SRTRANSFIN30Jan201100CE.NFO,07/01/2020,12:05:48,55.1,53.75,600,59.85,6000,0,2400
SRTRANSFIN30Jan201100CE.NFO,07/01/2020,12:05:51,55.1,53.55,600,59.75,6600,0,2400
SRTRANSFIN30Jan201100CE.NFO,07/01/2020,12:05:55,55.1,53.65,600,59.25,6000,0,2400
SRTRANSFIN30Jan201100CE.NFO,07/01/2020,12:05:59,55.1,53.65,600,59.2,4200,0,2400
SRTRANSFIN30Jan201100CE.NFO,07/01/2020,12:06:03,55.1,53.75,600,59.15,3600,0,2400
SRTRANSFIN30Jan201100CE.NFO,07/01/2020,12:06:06,55.1,53.75,600,59.1,2400,0,2400
SRTRANSFIN30Jan201100CE.NFO,07/01/2020,12:06:20,55.1,53.85,600,59.6,3600,0,2400
SRTRANSFIN30Jan201100CE.NFO,07/01/2020,12:06:33,55.1,53.85,600,59.55,3600,0,2400
SRTRANSFIN30Jan201100CE.NFO,07/01/2020,12:06:45,55.1,53.85,600,58.95,1200,0,2400
SRTRANSFIN30Jan201100CE.NFO,07/01/2020,12:06:49,55.1,53.3,4800,58.9,3000,0,2400
SRTRANSFIN30Jan201100CE.NFO,07/01/2020,12:06:54,55.1,53.3,4800,58.9,1800,0,2400
SRTRANSFIN30Jan201100CE.NFO,07/01/2020,12:06:56,55.1,53.3,4800,58.7,2400,0,2400
SRTRANSFIN30Jan201100CE.NFO,07/01/2020,12:07:03,55.1,53.6,600,59.5,6000,0,2400
SRTRANSFIN30Jan201100CE.NFO,07/01/2020,12:07:07,55.1,53.8,600,59.2,3000,0,2400
SRTRANSFIN30Jan201100CE.NFO,07/01/2020,12:07:10,55.1,53.05,10800,59.1,3000,0,2400
SRTRANSFIN30Jan201100CE.NFO,07/01/2020,12:07:13,55.1,53.65,600,59.35,4200,0,2400
SRTRANSFIN30Jan201100CE.NFO,07/01/2020,12:07:16,55.1,53.65,600,59.15,5400,0,2400
SRTRANSFIN30Jan201100CE.NFO,07/01/2020,12:07:19,55.1,53.65,600,59,3600,0,2400
SRTRANSFIN30Jan201100CE.NFO,07/01/2020,12:07:21,55.1,53.65,600,58.7,1800,0,2400
SRTRANSFIN30Jan201100CE.NFO,07/01/2020,12:07:24,55.1,53,600,58.1,600,0,2400
SRTRANSFIN30Jan201100CE.NFO,07/01/2020,12:07:28,55.1,53.1,600,58.1,600,0,2400
SRTRANSFIN30Jan201100CE.NFO,07/01/2020,12:07:38,55.1,53.2,600,58.1,600,0,2400
SRTRANSFIN30Jan201100CE.NFO,07/01/2020,12:07:56,55.1,52.55,9000,58.1,600,0,2400
SRTRANSFIN30Jan201100CE.NFO,07/01/2020,12:08:00,55.1,53.05,1800,58.1,600,0,2400
SRTRANSFIN30Jan201100CE.NFO,07/01/2020,12:08:03,55.1,53.15,600,58.35,1800,0,2400
SRTRANSFIN30Jan201100CE.NFO,07/01/2020,12:08:14,55.1,52.8,5400,58.35,1800,0,2400
SRTRANSFIN30Jan201100CE.NFO,07/01/2020,12:08:21,55.1,53,600,58.9,3600,0,2400
SRTRANSFIN30Jan201100CE.NFO,07/01/2020,12:08:27,55.1,52.3,7800,58.65,4200,0,2400
SRTRANSFIN30Jan201100CE.NFO,07/01/2020,12:08:32,55.1,52.4,5400,58.55,3000,0,2400
SRTRANSFIN30Jan201100CE.NFO,07/01/2020,12:08:40,55.1,52.4,600,58.55,2400,0,2400
SRTRANSFIN30Jan201100CE.NFO,07/01/2020,12:08:43,55.1,52.4,3000,58.55,2400,0,2400
SRTRANSFIN30Jan201100CE.NFO,07/01/2020,12:08:47,55.1,52.4,600,58.45,2400,0,2400
SRTRANSFIN30Jan201100CE.NFO,07/01/2020,12:08:50,55.1,52.4,5400,58.4,1200,0,2400
SRTRANSFIN30Jan201100CE.NFO,07/01/2020,12:08:54,55.1,52.4,3000,58.3,3000,0,2400
SRTRANSFIN30Jan201100CE.NFO,07/01/2020,12:08:58,55.1,52.4,600,58.25,3000,0,2400
SRTRANSFIN30Jan201100CE.NFO,07/01/2020,12:09:01,55.1,52.4,3000,59.5,13200,0,2400
SRTRANSFIN30Jan201100CE.NFO,07/01/2020,12:09:05,55.1,52.4,600,59.5,13200,0,2400
SRTRANSFIN30Jan201100CE.NFO,07/01/2020,12:09:08,55.1,52.4,5400,59.5,13200,0,2400
SRTRANSFIN30Jan201100CE.NFO,07/01/2020,12:09:11,55.1,52.4,600,59.5,13200,0,2400
SRTRANSFIN30Jan201100CE.NFO,07/01/2020,12:09:13,55.1,52.4,3000,59.5,13200,0,2400
SRTRANSFIN30Jan201100CE.NFO,07/01/2020,12:09:16,55.1,51.5,9000,59.5,13200,0,2400
SRTRANSFIN30Jan201100CE.NFO,07/01/2020,12:09:22,55.1,51.5,9000,59.5,15000,0,2400
SRTRANSFIN30Jan201100CE.NFO,07/01/2020,12:09:27,55.1,51.8,5400,59.5,15000,0,2400
SRTRANSFIN30Jan201100CE.NFO,07/01/2020,12:09:53,55.1,51.8,5400,57.8,3000,0,2400
SRTRANSFIN30Jan201100CE.NFO,07/01/2020,12:09:56,55.1,51.85,7800,58.15,5400,0,2400
SRTRANSFIN30Jan201100CE.NFO,07/01/2020,12:10:00,55.1,51.85,5400,57.55,1800,0,2400
SRTRANSFIN30Jan201100CE.NFO,07/01/2020,12:10:02,55.1,51.9,9000,58.05,2400,0,2400
SRTRANSFIN30Jan201100CE.NFO,07/01/2020,12:10:05,55.1,51.9,7800,58.3,3000,0,2400
SRTRANSFIN30Jan201100CE.NFO,07/01/2020,12:10:08,55.1,51.9,5400,58.1,3000,0,2400
SRTRANSFIN30Jan201100CE.NFO,07/01/2020,12:10:14,55.1,51.9,5400,58,1800,0,2400
SRTRANSFIN30Jan201100CE.NFO,07/01/2020,12:10:15,55.1,51.9,5400,58,3000,0,2400
SRTRANSFIN30Jan201100CE.NFO,07/01/2020,12:10:36,55.1,51.95,6600,58,1800,0,2400
SRTRANSFIN30Jan201100CE.NFO,07/01/2020,12:10:37,55.1,51.95,7800,58,1800,0,2400
SRTRANSFIN30Jan201100CE.NFO,07/01/2020,12:10:46,55.1,52,7800,58,1800,0,2400
SRTRANSFIN30Jan201100CE.NFO,07/01/2020,12:10:51,55.1,52.3,3000,58,1800,0,2400
SRTRANSFIN30Jan201100CE.NFO,07/01/2020,12:11:04,55.1,52.4,600,58,1800,0,2400
SRTRANSFIN30Jan201100CE.NFO,07/01/2020,12:11:08,55.1,52.4,1800,58,1200,0,2400
SRTRANSFIN30Jan201100CE.NFO,07/01/2020,12:11:09,55.1,52.4,3000,58,1200,0,2400
SRTRANSFIN30Jan201100CE.NFO,07/01/2020,12:11:10,55.1,52.6,6600,58.55,1800,0,2400
SRTRANSFIN30Jan201100CE.NFO,07/01/2020,12:11:11,55.1,52.6,6600,58.55,3000,0,2400
SRTRANSFIN30Jan201100CE.NFO,07/01/2020,12:11:16,55.1,52.6,4200,58.55,3000,0,2400
SRTRANSFIN30Jan201100CE.NFO,07/01/2020,12:11:21,55.1,52.85,1200,58.55,3000,0,2400
SRTRANSFIN30Jan201100CE.NFO,07/01/2020,12:11:28,55.1,53,600,58.55,4200,0,2400
SRTRANSFIN30Jan201100CE.NFO,07/01/2020,12:11:42,55.1,53,600,58.55,3000,0,2400
SRTRANSFIN30Jan201100CE.NFO,07/01/2020,12:11:46,55.1,53,600,58.55,4200,0,2400
SRTRANSFIN30Jan201100CE.NFO,07/01/2020,12:11:50,55.1,53,600,58.55,3000,0,2400
SRTRANSFIN30Jan201100CE.NFO,07/01/2020,12:12:34,55.1,53,600,58.35,3000,0,2400
SRTRANSFIN30Jan201100CE.NFO,07/01/2020,12:12:37,55.1,53,600,58.25,5400,0,2400
SRTRANSFIN30Jan201100CE.NFO,07/01/2020,12:12:40,55.1,53,600,58.15,3600,0,2400
SRTRANSFIN30Jan201100CE.NFO,07/01/2020,12:13:09,55.1,52.65,1800,57.95,600,0,2400
SRTRANSFIN30Jan201100CE.NFO,07/01/2020,12:13:17,55.1,53.5,600,59.05,2400,0,2400
SRTRANSFIN30Jan201100CE.NFO,07/01/2020,12:13:23,55.1,53.7,600,60.45,12600,0,2400
SRTRANSFIN30Jan201100CE.NFO,07/01/2020,12:13:29,55.1,53.7,600,59.5,3000,0,2400
SRTRANSFIN30Jan201100CE.NFO,07/01/2020,12:13:34,55.1,53.7,600,59.3,600,0,2400
SRTRANSFIN30Jan201100CE.NFO,07/01/2020,12:13:43,55.1,53.7,600,59.1,3000,0,2400
SRTRANSFIN30Jan201100CE.NFO,07/01/2020,12:13:47,55.1,53.7,600,59.1,1800,0,2400
SRTRANSFIN30Jan201100CE.NFO,07/01/2020,12:13:51,55.1,53.7,600,59,600,0,2400
SRTRANSFIN30Jan201100CE.NFO,07/01/2020,12:13:55,55.1,53.85,600,59,600,0,2400
SRTRANSFIN30Jan201100CE.NFO,07/01/2020,12:14:05,55.1,53.05,600,58.15,1800,0,2400
SRTRANSFIN30Jan201100CE.NFO,07/01/2020,12:14:11,55.1,53.15,600,58.6,3000,0,2400
SRTRANSFIN30Jan201100CE.NFO,07/01/2020,12:14:16,55.1,53.15,600,58.2,600,0,2400
SRTRANSFIN30Jan201100CE.NFO,07/01/2020,12:14:30,55.1,52.7,6600,58.4,3000,0,2400
SRTRANSFIN30Jan201100CE.NFO,07/01/2020,12:14:34,55.1,52.9,600,58.3,3000,0,2400
SRTRANSFIN30Jan201100CE.NFO,07/01/2020,12:14:43,55.1,52.9,600,58.15,1800,0,2400
SRTRANSFIN30Jan201100CE.NFO,07/01/2020,12:14:56,55.1,53,600,58.1,600,0,2400
SRTRANSFIN30Jan201100CE.NFO,07/01/2020,12:15:12,55.1,53,600,58.8,8400,0,2400
SRTRANSFIN30Jan201100CE.NFO,07/01/2020,12:15:19,55.1,53.1,600,58.8,8400,0,2400
SRTRANSFIN30Jan201100CE.NFO,07/01/2020,12:15:24,55.1,52.9,600,58.8,10800,0,2400
SRTRANSFIN30Jan201100CE.NFO,07/01/2020,12:15:28,55.1,53,600,58.8,6000,0,2400
SRTRANSFIN30Jan201100CE.NFO,07/01/2020,12:15:32,55.1,53,600,58.8,8400,0,2400
SRTRANSFIN30Jan201100CE.NFO,07/01/2020,12:16:00,55.1,52.55,600,58.8,10800,0,2400
SRTRANSFIN30Jan201100CE.NFO,07/01/2020,12:16:11,55.1,52.55,600,58.8,13200,0,2400
SRTRANSFIN30Jan201100CE.NFO,07/01/2020,12:16:50,55.1,52.55,600,57.7,600,0,2400
SRTRANSFIN30Jan201100CE.NFO,07/01/2020,12:17:01,55.1,52.55,600,57.6,600,0,2400
SRTRANSFIN30Jan201100CE.NFO,07/01/2020,12:17:10,55.1,51.85,10200,57.5,600,0,2400
SRTRANSFIN30Jan201100CE.NFO,07/01/2020,12:17:12,55.1,52.05,3000,57.5,600,0,2400
SRTRANSFIN30Jan201100CE.NFO,07/01/2020,12:17:14,55.1,52.05,5400,57.5,600,0,2400
SRTRANSFIN30Jan201100CE.NFO,07/01/2020,12:17:19,55.1,52.35,5400,58.4,7200,0,2400
SRTRANSFIN30Jan201100CE.NFO,07/01/2020,12:17:22,55.1,52.35,3000,57.8,600,0,2400
SRTRANSFIN30Jan201100CE.NFO,07/01/2020,12:17:24,55.1,52.35,3000,58,1800,0,2400
SRTRANSFIN30Jan201100CE.NFO,07/01/2020,12:17:31,55.1,52.35,3000,57.9,600,0,2400
SRTRANSFIN30Jan201100CE.NFO,07/01/2020,12:17:45,55.1,52.35,3000,57.7,600,0,2400
SRTRANSFIN30Jan201100CE.NFO,07/01/2020,12:17:52,55.1,52.35,3000,57.55,600,0,2400
SRTRANSFIN30Jan201100CE.NFO,07/01/2020,12:17:54,55.1,52.35,3000,57.3,600,0,2400
SRTRANSFIN30Jan201100CE.NFO,07/01/2020,12:18:00,55.1,52.4,600,57.2,600,0,2400
SRTRANSFIN30Jan201100CE.NFO,07/01/2020,12:18:03,55.1,52.45,1200,57.4,600,0,2400
SRTRANSFIN30Jan201100CE.NFO,07/01/2020,12:18:07,55.1,51.3,9000,57.05,600,0,2400
SRTRANSFIN30Jan201100CE.NFO,07/01/2020,12:18:09,55.1,51.3,9000,56.95,600,0,2400
SRTRANSFIN30Jan201100CE.NFO,07/01/2020,12:18:14,55.1,51.3,9000,56.85,600,0,2400
SRTRANSFIN30Jan201100CE.NFO,07/01/2020,12:18:17,55.1,51.3,9000,57.75,3000,0,2400
SRTRANSFIN30Jan201100CE.NFO,07/01/2020,12:18:20,55.1,51.3,9000,57.55,1800,0,2400
SRTRANSFIN30Jan201100CE.NFO,07/01/2020,12:18:24,55.1,51.3,9000,57.55,3000,0,2400
SRTRANSFIN30Jan201100CE.NFO,07/01/2020,12:18:31,55.1,51.3,9000,57.25,600,0,2400
SRTRANSFIN30Jan201100CE.NFO,07/01/2020,12:18:34,55.1,51.3,9000,57.15,600,0,2400
SRTRANSFIN30Jan201100CE.NFO,07/01/2020,12:18:37,55.1,51.3,9000,57.05,600,0,2400
SRTRANSFIN30Jan201100CE.NFO,07/01/2020,12:18:59,55.1,51.5,7800,56.95,600,0,2400
SRTRANSFIN30Jan201100CE.NFO,07/01/2020,12:19:06,55.1,51.5,9000,56.95,600,0,2400
SRTRANSFIN30Jan201100CE.NFO,07/01/2020,12:19:11,55.1,51.5,7800,56.95,600,0,2400
SRTRANSFIN30Jan201100CE.NFO,07/01/2020,12:19:25,55.1,51.75,7800,57.9,1800,0,2400
SRTRANSFIN30Jan201100CE.NFO,07/01/2020,12:19:29,55.1,51.75,5400,57.9,3000,0,2400
SRTRANSFIN30Jan201100CE.NFO,07/01/2020,12:19:32,55.1,51.75,5400,57.4,600,0,2400
SRTRANSFIN30Jan201100CE.NFO,07/01/2020,12:19:52,55.1,51.95,1800,57.4,1800,0,2400
SRTRANSFIN30Jan201100CE.NFO,07/01/2020,12:19:56,55.1,51.95,1800,57.3,600,0,2400
SRTRANSFIN30Jan201100CE.NFO,07/01/2020,12:20:00,55.1,52.05,600,57.2,600,0,2400
SRTRANSFIN30Jan201100CE.NFO,07/01/2020,12:20:18,55.1,52.25,600,56.9,600,0,2400
SRTRANSFIN30Jan201100CE.NFO,07/01/2020,12:20:22,55.1,51.5,5400,56.8,600,0,2400
SRTRANSFIN30Jan201100CE.NFO,07/01/2020,12:20:26,55.1,51.6,1800,56.8,600,0,2400
SRTRANSFIN30Jan201100CE.NFO,07/01/2020,12:20:33,55.1,51.6,1800,56.7,600,0,2400
SRTRANSFIN30Jan201100CE.NFO,07/01/2020,12:20:41,55.1,51.7,3000,56.7,600,0,2400
SRTRANSFIN30Jan201100CE.NFO,07/01/2020,12:20:51,55.1,51.7,600,56.3,600,0,2400
SRTRANSFIN30Jan201100CE.NFO,07/01/2020,12:20:54,55.1,51.7,600,56.05,600,0,2400
SRTRANSFIN30Jan201100CE.NFO,07/01/2020,12:21:19,55.1,51.7,600,55.95,600,0,2400
SRTRANSFIN30Jan201100CE.NFO,07/01/2020,12:21:25,55.1,51.4,5400,55.95,600,0,2400
SRTRANSFIN30Jan201100CE.NFO,07/01/2020,12:21:30,55.1,51.4,5400,55.65,600,0,2400
SRTRANSFIN30Jan201100CE.NFO,07/01/2020,12:21:33,55.1,51.4,1800,55.65,600,0,2400
SRTRANSFIN30Jan201100CE.NFO,07/01/2020,12:21:36,55.1,51.05,4800,55.45,600,0,2400
SRTRANSFIN30Jan201100CE.NFO,07/01/2020,12:21:39,55.1,51.4,600,55.4,600,0,2400
SRTRANSFIN30Jan201100CE.NFO,07/01/2020,12:21:43,55.1,51.4,600,55.35,600,0,2400
SRTRANSFIN30Jan201100CE.NFO,07/01/2020,12:21:50,55.1,51,600,55.35,600,0,2400
SRTRANSFIN30Jan201100CE.NFO,07/01/2020,12:21:53,55.1,51.25,600,55.35,600,0,2400
SRTRANSFIN30Jan201100CE.NFO,07/01/2020,12:22:05,55.1,51.1,600,55.1,600,0,2400
SRTRANSFIN30Jan201100CE.NFO,07/01/2020,12:22:08,55.1,50.45,3000,55.1,600,0,2400
SRTRANSFIN30Jan201100CE.NFO,07/01/2020,12:22:12,55.1,50.45,5400,55.1,600,0,2400
SRTRANSFIN30Jan201100CE.NFO,07/01/2020,12:22:19,55.1,50.45,3000,55.1,600,0,2400
SRTRANSFIN30Jan201100CE.NFO,07/01/2020,12:22:21,55.1,50.55,3000,55.1,600,0,2400
SRTRANSFIN30Jan201100CE.NFO,07/01/2020,12:22:32,55.1,50.6,1800,55.05,600,0,2400
SRTRANSFIN30Jan201100CE.NFO,07/01/2020,12:22:34,55.1,50.6,3000,55.05,600,0,2400
SRTRANSFIN30Jan201100CE.NFO,07/01/2020,12:22:38,55.1,50.65,3000,55.05,600,0,2400
SRTRANSFIN30Jan201100CE.NFO,07/01/2020,12:22:42,55.1,50.65,1800,55.05,600,0,2400
SRTRANSFIN30Jan201100CE.NFO,07/01/2020,12:22:48,55.1,50.65,600,54.95,600,0,2400
SRTRANSFIN30Jan201100CE.NFO,07/01/2020,12:23:02,55.1,50.65,600,54.75,600,0,2400
SRTRANSFIN30Jan201100CE.NFO,07/01/2020,12:23:06,55.1,49.85,4800,54.55,600,0,2400
SRTRANSFIN30Jan201100CE.NFO,07/01/2020,12:23:09,55.1,49.9,1200,54.55,600,0,2400
SRTRANSFIN30Jan201100CE.NFO,07/01/2020,12:23:12,55.1,49.45,7800,54.5,600,0,2400
SRTRANSFIN30Jan201100CE.NFO,07/01/2020,12:23:15,55.1,49.75,6000,55.85,3000,0,2400
SRTRANSFIN30Jan201100CE.NFO,07/01/2020,12:23:18,55.1,50.45,600,55.45,600,0,2400
SRTRANSFIN30Jan201100CE.NFO,07/01/2020,12:23:29,55.1,50.45,600,55.5,600,0,2400
SRTRANSFIN30Jan201100CE.NFO,07/01/2020,12:23:46,55.1,50.6,5400,56.75,4200,0,2400
SRTRANSFIN30Jan201100CE.NFO,07/01/2020,12:23:48,55.1,50.65,5400,56.35,3000,0,2400
SRTRANSFIN30Jan201100CE.NFO,07/01/2020,12:23:52,55.1,50.7,2400,56.35,3000,0,2400
SRTRANSFIN30Jan201100CE.NFO,07/01/2020,12:23:59,55.1,50.7,1200,56.35,3000,0,2400
SRTRANSFIN30Jan201100CE.NFO,07/01/2020,12:24:01,55.1,50.7,2400,56.35,3000,0,2400
SRTRANSFIN30Jan201100CE.NFO,07/01/2020,12:24:05,55.1,50.7,2400,56.25,3000,0,2400
SRTRANSFIN30Jan201100CE.NFO,07/01/2020,12:24:07,55.1,50.5,4800,56.25,3000,0,2400
SRTRANSFIN30Jan201100CE.NFO,07/01/2020,12:24:10,55.1,50.8,6600,56.65,3000,0,2400
SRTRANSFIN30Jan201100CE.NFO,07/01/2020,12:24:14,55.1,51.15,5400,57.3,3000,0,2400
SRTRANSFIN30Jan201100CE.NFO,07/01/2020,12:24:20,55.1,51,5400,57.1,3000,0,2400
SRTRANSFIN30Jan201100CE.NFO,07/01/2020,12:24:25,55.1,51,5400,56.9,3000,0,2400
SRTRANSFIN30Jan201100CE.NFO,07/01/2020,12:24:28,55.1,51.1,5400,56.85,1200,0,2400
SRTRANSFIN30Jan201100CE.NFO,07/01/2020,12:24:40,55.1,51.6,600,56.85,3000,0,2400
SRTRANSFIN30Jan201100CE.NFO,07/01/2020,12:24:51,55.1,50.15,13200,56.35,600,0,2400
SRTRANSFIN30Jan201100CE.NFO,07/01/2020,12:24:53,55.1,50.45,6600,56.75,3000,0,2400
SRTRANSFIN30Jan201100CE.NFO,07/01/2020,12:24:56,55.1,50.45,9000,56.75,1800,0,2400
SRTRANSFIN30Jan201100CE.NFO,07/01/2020,12:25:00,55.1,50.55,9000,56.7,1800,0,2400
SRTRANSFIN30Jan201100CE.NFO,07/01/2020,12:25:02,55.1,51.15,7800,57.25,2400,0,2400
SRTRANSFIN30Jan201100CE.NFO,07/01/2020,12:25:04,55.1,51.15,7800,57,3000,0,2400
SRTRANSFIN30Jan201100CE.NFO,07/01/2020,12:25:06,55.1,51.15,7800,56.9,1800,0,2400
SRTRANSFIN30Jan201100CE.NFO,07/01/2020,12:25:12,55.1,51.25,5400,56.85,600,0,2400
SRTRANSFIN30Jan201100CE.NFO,07/01/2020,12:25:16,55.1,51.25,5400,56.85,1800,0,2400
SRTRANSFIN30Jan201100CE.NFO,07/01/2020,12:25:18,55.1,51.25,5400,56.65,600,0,2400
SRTRANSFIN30Jan201100CE.NFO,07/01/2020,12:25:29,55.1,51.25,7800,56.65,600,0,2400
SRTRANSFIN30Jan201100CE.NFO,07/01/2020,12:25:43,55.1,51.25,6600,56.65,600,0,2400
SRTRANSFIN30Jan201100CE.NFO,07/01/2020,12:25:46,55.1,51.25,7800,56.65,600,0,2400
SRTRANSFIN30Jan201100CE.NFO,07/01/2020,12:25:54,55.1,51.25,9000,57.5,1800,0,2400
SRTRANSFIN30Jan201100CE.NFO,07/01/2020,12:25:58,55.1,51.35,5400,57.4,1200,0,2400
SRTRANSFIN30Jan201100CE.NFO,07/01/2020,12:26:07,55.1,51.35,7800,57.4,1200,0,2400
SRTRANSFIN30Jan201100CE.NFO,07/01/2020,12:26:10,55.1,51.35,6600,56.7,600,0,2400
SRTRANSFIN30Jan201100CE.NFO,07/01/2020,12:26:14,55.1,51.35,7800,56.7,600,0,2400
SRTRANSFIN30Jan201100CE.NFO,07/01/2020,12:26:17,55.1,51.35,5400,56.7,600,0,2400
SRTRANSFIN30Jan201100CE.NFO,07/01/2020,12:26:23,55.1,51.35,7800,56.7,600,0,2400
SRTRANSFIN30Jan201100CE.NFO,07/01/2020,12:26:31,55.1,51.35,5400,56.5,600,0,2400
SRTRANSFIN30Jan201100CE.NFO,07/01/2020,12:26:41,55.1,51.35,3000,56.4,600,0,2400
SRTRANSFIN30Jan201100CE.NFO,07/01/2020,12:26:46,55.1,51.35,3000,56.35,600,0,2400
SRTRANSFIN30Jan201100CE.NFO,07/01/2020,12:26:57,55.1,51.35,3000,56.3,600,0,2400
SRTRANSFIN30Jan201100CE.NFO,07/01/2020,12:27:01,55.1,51.35,3000,56.2,600,0,2400
SRTRANSFIN30Jan201100CE.NFO,07/01/2020,12:27:04,55.1,51.35,3000,56.05,600,0,2400
SRTRANSFIN30Jan201100CE.NFO,07/01/2020,12:27:11,55.1,51.35,5400,56.05,600,0,2400
SRTRANSFIN30Jan201100CE.NFO,07/01/2020,12:27:19,55.1,51.35,3000,56.05,600,0,2400
SRTRANSFIN30Jan201100CE.NFO,07/01/2020,12:27:35,55.1,51.5,3600,56.05,600,0,2400
SRTRANSFIN30Jan201100CE.NFO,07/01/2020,12:27:37,55.1,51.55,1800,56.05,600,0,2400
SRTRANSFIN30Jan201100CE.NFO,07/01/2020,12:27:57,55.1,51.65,600,56.05,600,0,2400
SRTRANSFIN30Jan201100CE.NFO,07/01/2020,12:28:08,55.1,51.25,3000,55.65,600,0,2400
SRTRANSFIN30Jan201100CE.NFO,07/01/2020,12:28:18,55.1,51.25,1800,56.9,1800,0,2400
SRTRANSFIN30Jan201100CE.NFO,07/01/2020,12:28:28,55.1,51.25,1800,56.9,3000,0,2400
SRTRANSFIN30Jan201100CE.NFO,07/01/2020,12:28:42,55.1,51.25,600,56.6,600,0,2400
SRTRANSFIN30Jan201100CE.NFO,07/01/2020,12:28:49,55.1,51.25,600,56.5,600,0,2400
SRTRANSFIN30Jan201100CE.NFO,07/01/2020,12:28:53,55.1,51.25,600,56.5,1800,0,2400
SRTRANSFIN30Jan201100CE.NFO,07/01/2020,12:28:59,55.1,50.8,600,55.7,600,0,2400
SRTRANSFIN30Jan201100CE.NFO,07/01/2020,12:29:06,55.1,50.9,600,57.3,11400,0,2400
SRTRANSFIN30Jan201100CE.NFO,07/01/2020,12:29:11,55.1,50.9,600,57.25,10200,0,2400
SRTRANSFIN30Jan201100CE.NFO,07/01/2020,12:29:24,55.1,50,1800,55.45,600,0,2400
SRTRANSFIN30Jan201100CE.NFO,07/01/2020,12:29:34,55.1,50,3000,55.45,600,0,2400
SRTRANSFIN30Jan201100CE.NFO,07/01/2020,12:29:48,55.1,50,3000,56.4,6600,0,2400
SRTRANSFIN30Jan201100CE.NFO,07/01/2020,12:29:53,55.1,50.5,600,56.4,6000,0,2400
SRTRANSFIN30Jan201100CE.NFO,07/01/2020,12:29:57,55.1,50.5,600,56.25,5400,0,2400
SRTRANSFIN30Jan201100CE.NFO,07/01/2020,12:30:02,55.1,50.5,600,56.25,4200,0,2400
SRTRANSFIN30Jan201100CE.NFO,07/01/2020,12:30:07,55.1,49.8,3000,55.95,4200,0,2400
SRTRANSFIN30Jan201100CE.NFO,07/01/2020,12:30:18,55.1,49.85,5400,55.95,4200,0,2400
SRTRANSFIN30Jan201100CE.NFO,07/01/2020,12:30:22,55.1,49.85,3000,55.55,3000,0,2400
SRTRANSFIN30Jan201100CE.NFO,07/01/2020,12:30:28,55.1,49.45,6600,55.55,3000,0,2400
SRTRANSFIN30Jan201100CE.NFO,07/01/2020,12:30:32,55.1,49.95,3000,55.45,1800,0,2400
SRTRANSFIN30Jan201100CE.NFO,07/01/2020,12:30:37,55.1,49.95,3000,55.4,600,0,2400
SRTRANSFIN30Jan201100CE.NFO,07/01/2020,12:30:42,55.1,49.95,3000,55.35,600,0,2400
SRTRANSFIN30Jan201100CE.NFO,07/01/2020,12:30:58,55.1,50.05,1800,55.25,600,0,2400
SRTRANSFIN30Jan201100CE.NFO,07/01/2020,12:31:12,55.1,50.15,3000,55.45,1800,0,2400
SRTRANSFIN30Jan201100CE.NFO,07/01/2020,12:31:19,55.1,50,5400,55.4,600,0,2400
SRTRANSFIN30Jan201100CE.NFO,07/01/2020,12:31:23,55.1,50.4,600,55.65,3000,0,2400
SRTRANSFIN30Jan201100CE.NFO,07/01/2020,12:31:59,55.1,50.4,600,55.35,600,0,2400
SRTRANSFIN30Jan201100CE.NFO,07/01/2020,12:32:04,55.1,50.05,600,55.25,600,0,2400
SRTRANSFIN30Jan201100CE.NFO,07/01/2020,12:32:08,55.1,50.05,600,55.25,1800,0,2400
SRTRANSFIN30Jan201100CE.NFO,07/01/2020,12:32:23,55.1,49.15,9600,55.15,1800,0,2400
SRTRANSFIN30Jan201100CE.NFO,07/01/2020,12:32:26,55.1,49.15,9600,55.05,1800,0,2400
SRTRANSFIN30Jan201100CE.NFO,07/01/2020,12:32:30,55.1,49.15,9600,55.05,1200,0,2400
SRTRANSFIN30Jan201100CE.NFO,07/01/2020,12:32:36,55.1,49.25,5400,54.7,600,0,2400
SRTRANSFIN30Jan201100CE.NFO,07/01/2020,12:32:42,55.1,49.25,1200,54.4,600,0,2400
SRTRANSFIN30Jan201100CE.NFO,07/01/2020,12:32:47,55.1,48.55,5400,53.8,600,0,2400
SRTRANSFIN30Jan201100CE.NFO,07/01/2020,12:32:56,55.1,48.55,7800,54.2,600,0,2400
SRTRANSFIN30Jan201100CE.NFO,07/01/2020,12:33:00,55.1,48.75,7800,54.2,600,0,2400
SRTRANSFIN30Jan201100CE.NFO,07/01/2020,12:33:05,55.1,48.75,9000,54.2,600,0,2400
SRTRANSFIN30Jan201100CE.NFO,07/01/2020,12:33:10,55.1,48.85,7800,54.2,600,0,2400
SRTRANSFIN30Jan201100CE.NFO,07/01/2020,12:33:41,55.1,48.85,5400,54.2,600,0,2400
SRTRANSFIN30Jan201100CE.NFO,07/01/2020,12:33:47,55.1,48.85,5400,54.65,600,0,2400
SRTRANSFIN30Jan201100CE.NFO,07/01/2020,12:33:50,55.1,48.85,5400,54.5,600,0,2400
SRTRANSFIN30Jan201100CE.NFO,07/01/2020,12:34:02,55.1,48.85,7800,54.4,600,0,2400
SRTRANSFIN30Jan201100CE.NFO,07/01/2020,12:34:33,55.1,48.95,7800,54.75,600,0,2400
SRTRANSFIN30Jan201100CE.NFO,07/01/2020,12:34:38,55.1,48.95,9000,55.05,600,0,2400
SRTRANSFIN30Jan201100CE.NFO,07/01/2020,12:34:53,55.1,49.25,9000,55.45,600,0,2400
SRTRANSFIN30Jan201100CE.NFO,07/01/2020,12:35:06,55.1,49.75,4200,55.45,600,0,2400
SRTRANSFIN30Jan201100CE.NFO,07/01/2020,12:35:09,55.1,49.85,3000,55.45,1800,0,2400
SRTRANSFIN30Jan201100CE.NFO,07/01/2020,12:35:12,55.1,49.85,2400,55.45,600,0,2400
SRTRANSFIN30Jan201100CE.NFO,07/01/2020,12:35:15,55.1,49.9,1200,55.45,600,0,2400
SRTRANSFIN30Jan201100CE.NFO,07/01/2020,12:35:22,55.1,50,600,55.45,1800,0,2400
SRTRANSFIN30Jan201100CE.NFO,07/01/2020,12:35:34,55.1,49.95,1200,55.45,1800,0,2400
SRTRANSFIN30Jan201100CE.NFO,07/01/2020,12:35:36,55.1,50,600,55.45,1800,0,2400
SRTRANSFIN30Jan201100CE.NFO,07/01/2020,12:35:45,55.1,49.95,1200,55.45,1800,0,2400
SRTRANSFIN30Jan201100CE.NFO,07/01/2020,12:35:53,55.1,49.75,3600,55.35,600,0,2400
SRTRANSFIN30Jan201100CE.NFO,07/01/2020,12:35:55,55.1,49.8,3000,55.35,600,0,2400
SRTRANSFIN30Jan201100CE.NFO,07/01/2020,12:36:02,55.1,49.8,4200,55.35,600,0,2400
SRTRANSFIN30Jan201100CE.NFO,07/01/2020,12:36:06,55.1,50.15,600,55.35,600,0,2400
SRTRANSFIN30Jan201100CE.NFO,07/01/2020,12:36:14,55.1,50,600,55.35,600,0,2400
SRTRANSFIN30Jan201100CE.NFO,07/01/2020,12:36:19,55.1,49.65,5400,55.35,600,0,2400
SRTRANSFIN30Jan201100CE.NFO,07/01/2020,12:36:23,55.1,49.65,5400,55.2,600,0,2400
SRTRANSFIN30Jan201100CE.NFO,07/01/2020,12:36:31,55.1,49.65,4200,55.2,600,0,2400
SRTRANSFIN30Jan201100CE.NFO,07/01/2020,12:36:34,55.1,49.65,5400,54.95,600,0,2400
SRTRANSFIN30Jan201100CE.NFO,07/01/2020,12:36:37,55.1,49.65,5400,54.7,600,0,2400
SRTRANSFIN30Jan201100CE.NFO,07/01/2020,12:36:42,55.1,49.65,5400,55.4,1800,0,2400
SRTRANSFIN30Jan201100CE.NFO,07/01/2020,12:36:47,55.1,49.65,4200,55.3,1800,0,2400
SRTRANSFIN30Jan201100CE.NFO,07/01/2020,12:36:54,55.1,49.65,4200,55.3,2400,0,2400
SRTRANSFIN30Jan201100CE.NFO,07/01/2020,12:36:56,55.1,49.75,3000,55.25,3000,0,2400
SRTRANSFIN30Jan201100CE.NFO,07/01/2020,12:36:59,55.1,48.65,13200,55.25,3000,0,2400
SRTRANSFIN30Jan201100CE.NFO,07/01/2020,12:37:03,55.1,49.95,600,55.2,1800,0,2400
SRTRANSFIN30Jan201100CE.NFO,07/01/2020,12:37:08,55.1,49.95,600,55.2,3000,0,2400
SRTRANSFIN30Jan201100CE.NFO,07/01/2020,12:37:32,55.1,49.95,600,55.2,600,0,2400
SRTRANSFIN30Jan201100CE.NFO,07/01/2020,12:37:40,55.1,49.85,4200,56.1,4200,0,2400
SRTRANSFIN30Jan201100CE.NFO,07/01/2020,12:37:45,55.1,49.85,1800,55.9,3000,0,2400
SRTRANSFIN30Jan201100CE.NFO,07/01/2020,12:37:50,55.1,49.85,1800,55.85,3000,0,2400
SRTRANSFIN30Jan201100CE.NFO,07/01/2020,12:37:53,55.1,49.95,4200,55.85,3000,0,2400
SRTRANSFIN30Jan201100CE.NFO,07/01/2020,12:37:56,55.1,50.25,600,55.85,3000,0,2400
SRTRANSFIN30Jan201100CE.NFO,07/01/2020,12:38:15,55.1,50.35,600,55.85,3000,0,2400
SRTRANSFIN30Jan201100CE.NFO,07/01/2020,12:38:25,55.1,50.75,600,55.85,3000,0,2400
SRTRANSFIN30Jan201100CE.NFO,07/01/2020,12:38:34,55.1,50.3,600,55.85,3000,0,2400
SRTRANSFIN30Jan201100CE.NFO,07/01/2020,12:38:42,55.1,50.5,600,55.85,600,0,2400
SRTRANSFIN30Jan201100CE.NFO,07/01/2020,12:38:45,55.1,50.65,600,55.85,600,0,2400
SRTRANSFIN30Jan201100CE.NFO,07/01/2020,12:38:50,55.1,50.5,4200,56.7,5400,0,2400
SRTRANSFIN30Jan201100CE.NFO,07/01/2020,12:38:54,55.1,50.75,600,56.05,600,0,2400
SRTRANSFIN30Jan201100CE.NFO,07/01/2020,12:39:10,55.1,50.75,600,55.95,600,0,2400
SRTRANSFIN30Jan201100CE.NFO,07/01/2020,12:39:17,55.1,50.75,600,55.85,600,0,2400
SRTRANSFIN30Jan201100CE.NFO,07/01/2020,12:39:22,55.1,50.75,600,55.65,600,0,2400
SRTRANSFIN30Jan201100CE.NFO,07/01/2020,12:39:27,55.1,50.75,600,55.45,600,0,2400
SRTRANSFIN30Jan201100CE.NFO,07/01/2020,12:39:42,55.1,50.7,600,55.6,600,0,2400
SRTRANSFIN30Jan201100CE.NFO,07/01/2020,12:39:52,55.1,50.7,600,55.5,600,0,2400
SRTRANSFIN30Jan201100CE.NFO,07/01/2020,12:40:05,55.1,50.7,600,55.75,600,0,2400
SRTRANSFIN30Jan201100CE.NFO,07/01/2020,12:40:29,55.1,50.7,3000,56.7,4800,0,2400
SRTRANSFIN30Jan201100CE.NFO,07/01/2020,12:40:33,55.1,50.8,1800,56.7,4800,0,2400
SRTRANSFIN30Jan201100CE.NFO,07/01/2020,12:40:39,55.1,50.8,600,56.5,3000,0,2400
SRTRANSFIN30Jan201100CE.NFO,07/01/2020,12:40:56,55.1,50.8,1800,56.25,600,0,2400
SRTRANSFIN30Jan201100CE.NFO,07/01/2020,12:41:00,55.1,50.8,1800,56.1,600,0,2400
SRTRANSFIN30Jan201100CE.NFO,07/01/2020,12:41:04,55.1,50.9,600,56.1,600,0,2400
SRTRANSFIN30Jan201100CE.NFO,07/01/2020,12:41:12,55.1,50.35,4800,56.1,600,0,2400
SRTRANSFIN30Jan201100CE.NFO,07/01/2020,12:41:15,55.1,50.4,5400,55.8,600,0,2400
SRTRANSFIN30Jan201100CE.NFO,07/01/2020,12:41:17,55.1,50.4,6600,55.8,600,0,2400
SRTRANSFIN30Jan201100CE.NFO,07/01/2020,12:41:21,55.1,50.5,7200,55.95,600,0,2400
SRTRANSFIN30Jan201100CE.NFO,07/01/2020,12:41:24,55.1,50.8,600,55.95,600,0,2400
SRTRANSFIN30Jan201100CE.NFO,07/01/2020,12:41:27,55.1,50.9,600,55.95,600,0,2400
SRTRANSFIN30Jan201100CE.NFO,07/01/2020,12:41:40,55.1,50.9,600,56.25,1800,0,2400
SRTRANSFIN30Jan201100CE.NFO,07/01/2020,12:41:42,55.1,50.9,600,56.25,600,0,2400
SRTRANSFIN30Jan201100CE.NFO,07/01/2020,12:42:41,55.1,50.4,5400,56.25,600,0,2400
SRTRANSFIN30Jan201100CE.NFO,07/01/2020,12:42:44,55.1,50.4,5400,56.15,600,0,2400
SRTRANSFIN30Jan201100CE.NFO,07/01/2020,12:42:54,55.1,50.7,600,56.05,600,0,2400
SRTRANSFIN30Jan201100CE.NFO,07/01/2020,12:43:00,55.1,50.7,600,55.95,600,0,2400
SRTRANSFIN30Jan201100CE.NFO,07/01/2020,12:43:41,55.1,50.85,1800,55.95,600,0,2400
SRTRANSFIN30Jan201100CE.NFO,07/01/2020,12:43:45,55.1,50.9,600,55.95,600,0,2400
SRTRANSFIN30Jan201100CE.NFO,07/01/2020,12:44:21,55.1,51.25,1200,56.9,1200,0,2400
SRTRANSFIN30Jan201100CE.NFO,07/01/2020,12:44:24,55.1,51.3,600,56.9,1200,0,2400
SRTRANSFIN30Jan201100CE.NFO,07/01/2020,12:44:30,55.1,51.3,600,56.75,600,0,2400
SRTRANSFIN30Jan201100CE.NFO,07/01/2020,12:44:41,55.1,50.6,4800,56.55,1800,0,2400
SRTRANSFIN30Jan201100CE.NFO,07/01/2020,12:44:43,55.1,50.65,5400,56.55,3000,0,2400
SRTRANSFIN30Jan201100CE.NFO,07/01/2020,12:44:45,55.1,50.65,5400,56.55,1800,0,2400
SRTRANSFIN30Jan201100CE.NFO,07/01/2020,12:44:48,55.1,51.05,600,56.55,600,0,2400
SRTRANSFIN30Jan201100CE.NFO,07/01/2020,12:44:52,55.1,51.05,600,56.55,1800,0,2400
SRTRANSFIN30Jan201100CE.NFO,07/01/2020,12:44:54,55.1,51.05,600,56.55,600,0,2400
SRTRANSFIN30Jan201100CE.NFO,07/01/2020,12:45:01,55.1,51.05,600,56.55,1800,0,2400
SRTRANSFIN30Jan201100CE.NFO,07/01/2020,12:45:07,55.1,51.05,600,56.55,600,0,2400
SRTRANSFIN30Jan201100CE.NFO,07/01/2020,12:45:19,55.1,51.05,600,56.55,1800,0,2400
SRTRANSFIN30Jan201100CE.NFO,07/01/2020,12:45:24,55.1,51.05,600,56.55,600,0,2400
SRTRANSFIN30Jan201100CE.NFO,07/01/2020,12:45:30,55.1,51.05,600,56.35,1800,0,2400
SRTRANSFIN30Jan201100CE.NFO,07/01/2020,12:45:52,55.1,51.55,4200,57.25,1200,0,2400
SRTRANSFIN30Jan201100CE.NFO,07/01/2020,12:45:59,55.1,51.65,600,57.25,2400,0,2400
SRTRANSFIN30Jan201100CE.NFO,07/01/2020,12:46:19,55.1,51.75,600,57.55,1800,0,2400
SRTRANSFIN30Jan201100CE.NFO,07/01/2020,12:46:32,55.1,51.75,600,56.75,600,0,2400
SRTRANSFIN30Jan201100CE.NFO,07/01/2020,12:47:52,55.1,51.75,600,56.55,600,0,2400
SRTRANSFIN30Jan201100CE.NFO,07/01/2020,12:48:10,55.1,52.05,4200,57.4,600,0,2400
SRTRANSFIN30Jan201100CE.NFO,07/01/2020,12:48:15,55.1,52.55,600,57.4,600,0,2400
SRTRANSFIN30Jan201100CE.NFO,07/01/2020,12:48:28,55.1,52.15,600,57.3,600,0,2400
SRTRANSFIN30Jan201100CE.NFO,07/01/2020,12:48:38,55.1,52.15,600,58.25,6600,0,2400
SRTRANSFIN30Jan201100CE.NFO,07/01/2020,12:48:42,55.1,52.15,600,57.65,1800,0,2400
SRTRANSFIN30Jan201100CE.NFO,07/01/2020,12:48:47,55.1,52.25,600,57.65,1800,0,2400
SRTRANSFIN30Jan201100CE.NFO,07/01/2020,12:48:51,55.1,52.3,600,57.65,1800,0,2400
SRTRANSFIN30Jan201100CE.NFO,07/01/2020,12:48:59,55.1,51.95,3000,57.55,1800,0,2400
SRTRANSFIN30Jan201100CE.NFO,07/01/2020,12:49:04,55.1,51.7,5400,57.05,600,0,2400
SRTRANSFIN30Jan201100CE.NFO,07/01/2020,12:49:10,55.1,51.7,5400,58.05,9000,0,2400
SRTRANSFIN30Jan201100CE.NFO,07/01/2020,12:49:14,55.1,51.7,5400,57.95,9000,0,2400
SRTRANSFIN30Jan201100CE.NFO,07/01/2020,12:49:19,55.1,51.7,5400,57,600,0,2400
SRTRANSFIN30Jan201100CE.NFO,07/01/2020,12:49:24,55.1,51.9,600,57,600,0,2400
SRTRANSFIN30Jan201100CE.NFO,07/01/2020,12:49:28,55.1,51.9,600,56.9,600,0,2400
SRTRANSFIN30Jan201100CE.NFO,07/01/2020,12:49:31,55.1,51.9,1800,57.1,600,0,2400
SRTRANSFIN30Jan201100CE.NFO,07/01/2020,12:49:34,55.1,51.9,1800,56.95,600,0,2400
SRTRANSFIN30Jan201100CE.NFO,07/01/2020,12:49:37,55.1,52,2400,56.95,600,0,2400
SRTRANSFIN30Jan201100CE.NFO,07/01/2020,12:49:50,55.1,52.2,600,56.95,600,0,2400
SRTRANSFIN30Jan201100CE.NFO,07/01/2020,12:49:54,55.1,52.2,600,57.25,600,0,2400
SRTRANSFIN30Jan201100CE.NFO,07/01/2020,12:50:31,55.1,52.4,600,57.15,600,0,2400
SRTRANSFIN30Jan201100CE.NFO,07/01/2020,12:51:07,55.1,52.5,600,57.15,600,0,2400
SRTRANSFIN30Jan201100CE.NFO,07/01/2020,12:51:13,55.1,52.1,2400,57.15,600,0,2400
SRTRANSFIN30Jan201100CE.NFO,07/01/2020,12:51:16,55.1,52.2,4200,57.6,600,0,2400
SRTRANSFIN30Jan201100CE.NFO,07/01/2020,12:51:22,55.1,52.2,5400,57.6,600,0,2400
SRTRANSFIN30Jan201100CE.NFO,07/01/2020,12:51:28,55.1,52.2,600,57.5,600,0,2400
SRTRANSFIN30Jan201100CE.NFO,07/01/2020,12:51:53,55.1,52.2,1800,57.5,600,0,2400
SRTRANSFIN30Jan201100CE.NFO,07/01/2020,12:51:56,55.1,52.2,5400,57.5,600,0,2400
SRTRANSFIN30Jan201100CE.NFO,07/01/2020,12:51:59,55.1,52.2,600,57.5,600,0,2400
SRTRANSFIN30Jan201100CE.NFO,07/01/2020,12:52:09,55.1,51.9,600,57.3,600,0,2400
SRTRANSFIN30Jan201100CE.NFO,07/01/2020,12:52:24,55.1,51.9,600,57.1,600,0,2400
SRTRANSFIN30Jan201100CE.NFO,07/01/2020,12:52:44,55.1,51.9,600,56.9,600,0,2400
SRTRANSFIN30Jan201100CE.NFO,07/01/2020,12:53:00,55.1,50.95,7800,56.8,600,0,2400
SRTRANSFIN30Jan201100CE.NFO,07/01/2020,12:53:10,55.1,50.95,7800,56.7,600,0,2400
SRTRANSFIN30Jan201100CE.NFO,07/01/2020,12:53:22,55.1,50.95,7800,56.6,600,0,2400
SRTRANSFIN30Jan201100CE.NFO,07/01/2020,12:53:25,55.1,50.95,7800,56.5,600,0,2400
SRTRANSFIN30Jan201100CE.NFO,07/01/2020,12:53:35,55.1,50.95,9000,56.5,600,0,2400
SRTRANSFIN30Jan201100CE.NFO,07/01/2020,12:53:48,55.1,51.65,600,56.2,600,0,2400
SRTRANSFIN30Jan201100CE.NFO,07/01/2020,12:54:27,55.1,51.65,600,56,600,0,2400
SRTRANSFIN30Jan201100CE.NFO,07/01/2020,12:54:43,55.1,51.75,600,56.4,600,0,2400
SRTRANSFIN30Jan201100CE.NFO,07/01/2020,12:54:52,55.1,51.9,600,56.4,600,0,2400
SRTRANSFIN30Jan201100CE.NFO,07/01/2020,12:55:08,55.1,50.55,12600,56.3,600,0,2400
SRTRANSFIN30Jan201100CE.NFO,07/01/2020,12:55:11,55.1,51.65,600,56.2,600,0,2400
SRTRANSFIN30Jan201100CE.NFO,07/01/2020,12:55:16,55.1,51.65,600,56.25,600,0,2400
SRTRANSFIN30Jan201100CE.NFO,07/01/2020,12:55:20,55.1,51.65,600,56.15,600,0,2400
SRTRANSFIN30Jan201100CE.NFO,07/01/2020,12:55:23,55.1,51.4,1800,56.15,600,0,2400
SRTRANSFIN30Jan201100CE.NFO,07/01/2020,12:55:27,55.1,51.4,1800,56.05,600,0,2400
SRTRANSFIN30Jan201100CE.NFO,07/01/2020,12:55:33,55.1,51.4,1800,55.95,600,0,2400
SRTRANSFIN30Jan201100CE.NFO,07/01/2020,12:55:36,55.1,51.5,600,56.15,600,0,2400
SRTRANSFIN30Jan201100CE.NFO,07/01/2020,12:55:38,55.1,51.5,600,56.05,600,0,2400
SRTRANSFIN30Jan201100CE.NFO,07/01/2020,12:55:43,55.1,51.6,600,56.6,600,0,2400
SRTRANSFIN30Jan201100CE.NFO,07/01/2020,12:55:49,55.1,51.6,600,56.4,600,0,2400
SRTRANSFIN30Jan201100CE.NFO,07/01/2020,12:56:12,55.1,51.6,600,56.3,600,0,2400
SRTRANSFIN30Jan201100CE.NFO,07/01/2020,12:56:14,55.1,51.8,600,56.3,600,0,2400
SRTRANSFIN30Jan201100CE.NFO,07/01/2020,12:57:21,55.1,51.45,3000,56.3,600,0,2400
SRTRANSFIN30Jan201100CE.NFO,07/01/2020,12:57:37,55.1,51.55,1800,55.9,600,0,2400
SRTRANSFIN30Jan201100CE.NFO,07/01/2020,12:57:40,55.1,51.55,1800,56.75,600,0,2400
SRTRANSFIN30Jan201100CE.NFO,07/01/2020,12:57:45,55.1,51.45,3000,56.65,600,0,2400
SRTRANSFIN30Jan201100CE.NFO,07/01/2020,12:57:51,55.1,51.75,600,57,600,0,2400
SRTRANSFIN30Jan201100CE.NFO,07/01/2020,12:58:13,55.1,51.5,4800,56.9,600,0,2400
SRTRANSFIN30Jan201100CE.NFO,07/01/2020,12:58:19,55.1,51.6,600,56.9,600,0,2400
SRTRANSFIN30Jan201100CE.NFO,07/01/2020,12:59:21,55.1,51.7,600,56.7,600,0,2400
SRTRANSFIN30Jan201100CE.NFO,07/01/2020,12:59:31,55.1,51.55,600,56.7,600,0,2400
SRTRANSFIN30Jan201100CE.NFO,07/01/2020,12:59:42,55.1,51.45,4200,56.8,600,0,2400
SRTRANSFIN30Jan201100CE.NFO,07/01/2020,12:59:49,55.1,51.45,1800,56.6,600,0,2400
SRTRANSFIN30Jan201100CE.NFO,07/01/2020,12:59:52,55.1,51.45,4200,57.25,3000,0,2400
SRTRANSFIN30Jan201100CE.NFO,07/01/2020,12:59:55,55.1,51.45,3600,57.1,4800,0,2400
SRTRANSFIN30Jan201100CE.NFO,07/01/2020,12:59:58,55.1,51.45,1200,57.1,3600,0,2400
SRTRANSFIN30Jan201100CE.NFO,07/01/2020,13:00:01,55.1,51.45,4800,57.25,600,0,2400
SRTRANSFIN30Jan201100CE.NFO,07/01/2020,13:00:04,55.1,51.15,4800,56.85,1200,0,2400
SRTRANSFIN30Jan201100CE.NFO,07/01/2020,13:00:09,55.1,51.15,6000,57.05,3000,0,2400
SRTRANSFIN30Jan201100CE.NFO,07/01/2020,13:00:17,55.1,50.2,9600,57.05,4200,0,2400
SRTRANSFIN30Jan201100CE.NFO,07/01/2020,13:00:24,55.1,50.25,11400,57.05,3000,0,2400
SRTRANSFIN30Jan201100CE.NFO,07/01/2020,13:00:30,55.1,50.25,11400,57.05,1200,0,2400
SRTRANSFIN30Jan201100CE.NFO,07/01/2020,13:00:34,55.1,50.25,11400,57,4200,0,2400
SRTRANSFIN30Jan201100CE.NFO,07/01/2020,13:00:39,55.1,50.5,7800,56.9,3600,0,2400
SRTRANSFIN30Jan201100CE.NFO,07/01/2020,13:00:53,55.1,50.7,3000,56.8,6600,0,2400
SRTRANSFIN30Jan201100CE.NFO,07/01/2020,13:00:58,55.1,50.8,3000,56.7,1200,0,2400
SRTRANSFIN30Jan201100CE.NFO,07/01/2020,13:01:09,55.1,49.35,11400,56.65,9000,0,2400
SRTRANSFIN30Jan201100CE.NFO,07/01/2020,13:01:22,55.1,49.35,9600,56.6,7800,0,2400
SRTRANSFIN30Jan201100CE.NFO,07/01/2020,13:01:30,55.1,49.4,11400,56.6,8400,0,2400
SRTRANSFIN30Jan201100CE.NFO,07/01/2020,13:01:37,55.1,49.4,11400,56.55,7800,0,2400
SRTRANSFIN30Jan201100CE.NFO,07/01/2020,13:01:59,55.1,49.4,9600,56.55,7800,0,2400
SRTRANSFIN30Jan201100CE.NFO,07/01/2020,13:02:05,55.1,49.5,6600,56.5,1800,0,2400
SRTRANSFIN30Jan201100CE.NFO,07/01/2020,13:02:11,55.1,50.05,1800,56.45,5400,0,2400
SRTRANSFIN30Jan201100CE.NFO,07/01/2020,13:02:16,55.1,50.1,6600,56.45,5400,0,2400
SRTRANSFIN30Jan201100CE.NFO,07/01/2020,13:02:20,55.1,50.25,3600,56.45,5400,0,2400
SRTRANSFIN30Jan201100CE.NFO,07/01/2020,13:02:25,55.1,49.35,12600,56.4,6600,0,2400
SRTRANSFIN30Jan201100CE.NFO,07/01/2020,13:02:30,55.1,49.45,12600,56.4,4200,0,2400
SRTRANSFIN30Jan201100CE.NFO,07/01/2020,13:02:35,55.1,49.7,13200,56.4,4200,0,2400
SRTRANSFIN30Jan201100CE.NFO,07/01/2020,13:02:40,55.1,49.7,12000,56.2,1200,0,2400
SRTRANSFIN30Jan201100CE.NFO,07/01/2020,13:02:51,55.1,50.15,9600,56.15,1800,0,2400
SRTRANSFIN30Jan201100CE.NFO,07/01/2020,13:02:55,55.1,50.2,7800,56.15,1800,0,2400
SRTRANSFIN30Jan201100CE.NFO,07/01/2020,13:03:08,55.1,50.35,7200,56.8,7200,0,2400
SRTRANSFIN30Jan201100CE.NFO,07/01/2020,13:03:12,55.1,50.5,6600,56.75,6000,0,2400
SRTRANSFIN30Jan201100CE.NFO,07/01/2020,13:03:22,55.1,50.55,6600,56.75,4800,0,2400
SRTRANSFIN30Jan201100CE.NFO,07/01/2020,13:03:27,55.1,50.55,7800,56.75,4800,0,2400
SRTRANSFIN30Jan201100CE.NFO,07/01/2020,13:04:01,55.1,50.6,8400,56.75,2400,0,2400
SRTRANSFIN30Jan201100CE.NFO,07/01/2020,13:04:23,55.1,50.45,1800,56.5,2400,0,2400
SRTRANSFIN30Jan201100CE.NFO,07/01/2020,13:04:30,55.1,50.55,5400,56.5,2400,0,2400
SRTRANSFIN30Jan201100CE.NFO,07/01/2020,13:04:32,55.1,49.15,15000,56.5,2400,0,2400
SRTRANSFIN30Jan201100CE.NFO,07/01/2020,13:04:36,55.1,50.55,1800,56.5,2400,0,2400
SRTRANSFIN30Jan201100CE.NFO,07/01/2020,13:04:44,55.1,49.95,3600,56.3,4800,0,2400
SRTRANSFIN30Jan201100CE.NFO,07/01/2020,13:04:52,55.1,49.95,3600,56.05,4800,0,2400
SRTRANSFIN30Jan201100CE.NFO,07/01/2020,13:04:58,55.1,49.2,11400,56,3000,0,2400
SRTRANSFIN30Jan201100CE.NFO,07/01/2020,13:05:04,55.1,49.2,6000,55.4,1800,0,2400
SRTRANSFIN30Jan201100CE.NFO,07/01/2020,13:05:10,55.1,49.25,3000,55.55,1800,0,2400
SRTRANSFIN30Jan201100CE.NFO,07/01/2020,13:05:16,55.1,49.35,4800,55.55,1200,0,2400
SRTRANSFIN30Jan201100CE.NFO,07/01/2020,13:05:21,55.1,49.35,4800,55.5,1200,0,2400
SRTRANSFIN30Jan201100CE.NFO,07/01/2020,13:05:32,55.1,49.4,10200,56.05,3600,0,2400
SRTRANSFIN30Jan201100CE.NFO,07/01/2020,13:05:37,55.1,49.5,7200,56,4200,0,2400
SRTRANSFIN30Jan201100CE.NFO,07/01/2020,13:05:42,55.1,49.55,11400,56,3000,0,2400
SRTRANSFIN30Jan201100CE.NFO,07/01/2020,13:05:47,55.1,49.55,9000,56,4200,0,2400
SRTRANSFIN30Jan201100CE.NFO,07/01/2020,13:05:52,55.1,49.55,4800,55.9,4800,0,2400
SRTRANSFIN30Jan201100CE.NFO,07/01/2020,13:05:59,55.1,48.4,11400,55.65,7800,0,2400
SRTRANSFIN30Jan201100CE.NFO,07/01/2020,13:06:04,55.1,48.4,12600,55.65,7800,0,2400
SRTRANSFIN30Jan201100CE.NFO,07/01/2020,13:06:10,55.1,48.4,12600,55.65,1200,0,2400
SRTRANSFIN30Jan201100CE.NFO,07/01/2020,13:06:16,55.1,48.4,11400,55.6,5400,0,2400
SRTRANSFIN30Jan201100CE.NFO,07/01/2020,13:06:21,55.1,48.4,11400,55.5,6000,0,2400
