Ticker,Date,Time,LTP,BuyPrice,BuyQty,SellPrice,SellQty,LTQ,OpenInterest
SUNPHARMA27Feb20420PE.NFO,07/01/2020,09:56:46,12,10.35,15000,13.75,1250,5000,10000
SUNPHARMA27Feb20420PE.NFO,07/01/2020,09:56:46,12,10.35,15000,13.75,1250,0,10000
SUNPHARMA27Feb20420PE.NFO,07/01/2020,09:56:46,12,10.35,15000,13.75,1250,0,10000
SUNPHARMA27Feb20420PE.NFO,07/01/2020,09:56:46,12,10.35,15000,13.75,1250,0,10000
SUNPHARMA27Feb20420PE.NFO,07/01/2020,09:56:54,12,10.35,15000,13.75,1250,0,10000
SUNPHARMA27Feb20420PE.NFO,07/01/2020,09:57:03,12,10.35,16250,13.75,1250,0,10000
SUNPHARMA27Feb20420PE.NFO,07/01/2020,09:57:07,12,10.35,15000,13.75,1250,0,10000
SUNPHARMA27Feb20420PE.NFO,07/01/2020,09:57:23,12,10.35,15000,13.8,1250,0,10000
SUNPHARMA27Feb20420PE.NFO,07/01/2020,09:57:29,12,10.35,15000,13.75,1250,0,10000
SUNPHARMA27Feb20420PE.NFO,07/01/2020,09:57:48,12,10.35,15000,13.7,1250,0,10000
SUNPHARMA27Feb20420PE.NFO,07/01/2020,09:57:52,12,10.35,16250,13.75,1250,0,10000
SUNPHARMA27Feb20420PE.NFO,07/01/2020,09:58:06,12,10.35,15000,13.8,1250,0,10000
SUNPHARMA27Feb20420PE.NFO,07/01/2020,09:58:27,12,10.35,16250,13.8,1250,0,10000
SUNPHARMA27Feb20420PE.NFO,07/01/2020,09:58:31,12,10.35,15000,13.8,1250,0,10000
SUNPHARMA27Feb20420PE.NFO,07/01/2020,09:58:50,12,10.35,16250,13.8,1250,0,10000
SUNPHARMA27Feb20420PE.NFO,07/01/2020,09:58:56,12,10.35,15000,13.8,1250,0,10000
SUNPHARMA27Feb20420PE.NFO,07/01/2020,09:59:20,12,10.35,16250,13.8,1250,0,10000
SUNPHARMA27Feb20420PE.NFO,07/01/2020,09:59:26,12,10.35,16250,14.05,1250,0,10000
SUNPHARMA27Feb20420PE.NFO,07/01/2020,09:59:32,12,10.35,16250,13.75,1250,0,10000
SUNPHARMA27Feb20420PE.NFO,07/01/2020,09:59:36,12,10.35,15000,13.75,1250,0,10000
SUNPHARMA27Feb20420PE.NFO,07/01/2020,09:59:54,12,10.35,16250,13.8,1250,0,10000
SUNPHARMA27Feb20420PE.NFO,07/01/2020,10:00:43,12,10.4,11250,14.3,1250,0,10000
SUNPHARMA27Feb20420PE.NFO,07/01/2020,10:00:50,12,10.45,16250,13.95,1250,0,10000
SUNPHARMA27Feb20420PE.NFO,07/01/2020,10:00:57,12,10.5,15000,13.95,1250,0,10000
SUNPHARMA27Feb20420PE.NFO,07/01/2020,10:01:22,12,10.5,15000,13.9,1250,0,10000
SUNPHARMA27Feb20420PE.NFO,07/01/2020,10:01:34,12,10.5,15000,13.95,1250,0,10000
SUNPHARMA27Feb20420PE.NFO,07/01/2020,10:01:51,12,10.5,16250,13.95,1250,0,10000
SUNPHARMA27Feb20420PE.NFO,07/01/2020,10:02:03,12,10.5,15000,13.95,1250,0,10000
SUNPHARMA27Feb20420PE.NFO,07/01/2020,10:02:19,12,10.5,15000,13.9,1250,0,10000
SUNPHARMA27Feb20420PE.NFO,07/01/2020,10:02:49,12,10.5,15000,13.95,1250,0,10000
SUNPHARMA27Feb20420PE.NFO,07/01/2020,10:02:59,12,10.5,16250,13.95,1250,0,10000
SUNPHARMA27Feb20420PE.NFO,07/01/2020,10:03:05,12,10.5,15000,13.9,1250,0,10000
SUNPHARMA27Feb20420PE.NFO,07/01/2020,10:03:17,12,10.5,15000,13.95,1250,0,10000
SUNPHARMA27Feb20420PE.NFO,07/01/2020,10:03:22,12,10.5,15000,13.9,1250,0,10000
SUNPHARMA27Feb20420PE.NFO,07/01/2020,10:03:28,12,10.5,15000,14.05,1250,0,10000
SUNPHARMA27Feb20420PE.NFO,07/01/2020,10:03:33,12,10.5,15000,13.9,1250,0,10000
SUNPHARMA27Feb20420PE.NFO,07/01/2020,10:03:38,12,10.5,12500,13.9,1250,0,10000
SUNPHARMA27Feb20420PE.NFO,07/01/2020,10:03:43,12,10.5,12500,13.8,1250,0,10000
SUNPHARMA27Feb20420PE.NFO,07/01/2020,10:03:49,12,10.5,12500,13.85,1250,0,10000
SUNPHARMA27Feb20420PE.NFO,07/01/2020,10:05:03,12,10.5,12500,13.9,1250,0,10000
SUNPHARMA27Feb20420PE.NFO,07/01/2020,10:05:14,12,10.5,12500,13.85,1250,0,10000
SUNPHARMA27Feb20420PE.NFO,07/01/2020,10:05:41,12,10.5,12500,13.8,1250,0,10000
SUNPHARMA27Feb20420PE.NFO,07/01/2020,10:06:10,12,10.5,12500,13.85,1250,0,10000
SUNPHARMA27Feb20420PE.NFO,07/01/2020,10:06:16,12,10.5,12500,13.8,1250,0,10000
SUNPHARMA27Feb20420PE.NFO,07/01/2020,10:06:22,12,10.5,12500,13.85,1250,0,10000
SUNPHARMA27Feb20420PE.NFO,07/01/2020,10:06:28,12,10.5,13750,13.9,1250,0,10000
SUNPHARMA27Feb20420PE.NFO,07/01/2020,10:06:33,12,10.5,12500,13.85,1250,0,10000
SUNPHARMA27Feb20420PE.NFO,07/01/2020,10:06:48,12,10.5,12500,13.9,1250,0,10000
SUNPHARMA27Feb20420PE.NFO,07/01/2020,10:06:54,12,10.5,12500,13.85,1250,0,10000
SUNPHARMA27Feb20420PE.NFO,07/01/2020,10:07:19,12,10.5,13750,13.85,1250,0,10000
SUNPHARMA27Feb20420PE.NFO,07/01/2020,10:07:32,12,10.5,13750,13.95,1250,0,10000
SUNPHARMA27Feb20420PE.NFO,07/01/2020,10:07:38,12,10.55,13750,14,1250,0,10000
SUNPHARMA27Feb20420PE.NFO,07/01/2020,10:07:44,12,10.6,12500,13.95,1250,0,10000
SUNPHARMA27Feb20420PE.NFO,07/01/2020,10:07:56,12,10.6,12500,13.9,1250,0,10000
SUNPHARMA27Feb20420PE.NFO,07/01/2020,10:08:01,12,10.6,12500,14,1250,0,10000
SUNPHARMA27Feb20420PE.NFO,07/01/2020,10:08:27,12,10.65,13750,14,1250,0,10000
SUNPHARMA27Feb20420PE.NFO,07/01/2020,10:08:34,12,10.65,12500,14.05,1250,0,10000
SUNPHARMA27Feb20420PE.NFO,07/01/2020,10:08:41,12,10.65,13750,14.05,1250,0,10000
SUNPHARMA27Feb20420PE.NFO,07/01/2020,10:08:47,12,10.65,13750,13.95,1250,0,10000
SUNPHARMA27Feb20420PE.NFO,07/01/2020,10:10:45,12,10.7,13750,14,1250,0,10000
SUNPHARMA27Feb20420PE.NFO,07/01/2020,10:10:50,12,10.75,12500,14,1250,0,10000
SUNPHARMA27Feb20420PE.NFO,07/01/2020,10:10:55,12,10.75,13750,14,1250,0,10000
SUNPHARMA27Feb20420PE.NFO,07/01/2020,10:11:00,12,10.75,12500,14,1250,0,10000
SUNPHARMA27Feb20420PE.NFO,07/01/2020,10:11:09,12,10.75,13750,14.1,1250,0,10000
SUNPHARMA27Feb20420PE.NFO,07/01/2020,10:11:20,12,10.8,13750,14.15,1250,0,10000
SUNPHARMA27Feb20420PE.NFO,07/01/2020,10:11:25,12,10.85,13750,14.15,1250,0,10000
SUNPHARMA27Feb20420PE.NFO,07/01/2020,10:11:31,12,10.85,13750,14.2,1250,0,10000
SUNPHARMA27Feb20420PE.NFO,07/01/2020,10:11:42,12,10.85,12500,14.15,1250,0,10000
SUNPHARMA27Feb20420PE.NFO,07/01/2020,10:12:00,12,10.85,12500,14.1,1250,0,10000
SUNPHARMA27Feb20420PE.NFO,07/01/2020,10:12:06,12,10.85,13750,14.1,1250,0,10000
SUNPHARMA27Feb20420PE.NFO,07/01/2020,10:12:22,12,10.85,13750,14.15,1250,0,10000
SUNPHARMA27Feb20420PE.NFO,07/01/2020,10:12:27,12,10.85,13750,14.2,1250,0,10000
SUNPHARMA27Feb20420PE.NFO,07/01/2020,10:12:44,12,10.85,13750,14.05,1250,0,10000
SUNPHARMA27Feb20420PE.NFO,07/01/2020,10:12:49,12,10.9,13750,14.2,1250,0,10000
SUNPHARMA27Feb20420PE.NFO,07/01/2020,10:12:54,12,10.9,12500,14.2,1250,0,10000
SUNPHARMA27Feb20420PE.NFO,07/01/2020,10:13:00,12,10.9,12500,14.15,1250,0,10000
SUNPHARMA27Feb20420PE.NFO,07/01/2020,10:13:05,12,10.9,10000,14.1,1250,0,10000
SUNPHARMA27Feb20420PE.NFO,07/01/2020,10:13:12,12,10.9,10000,14.15,1250,0,10000
SUNPHARMA27Feb20420PE.NFO,07/01/2020,10:13:18,12,10.9,10000,14.1,1250,0,10000
SUNPHARMA27Feb20420PE.NFO,07/01/2020,10:13:36,12,10.9,5000,14,1250,0,10000
SUNPHARMA27Feb20420PE.NFO,07/01/2020,10:13:41,12,10.9,5000,14.1,1250,0,10000
SUNPHARMA27Feb20420PE.NFO,07/01/2020,10:13:53,12,10.9,5000,14,1250,0,10000
SUNPHARMA27Feb20420PE.NFO,07/01/2020,10:13:59,12,10.9,5000,14.05,1250,0,10000
SUNPHARMA27Feb20420PE.NFO,07/01/2020,10:14:04,12,10.9,5000,13.95,1250,0,10000
SUNPHARMA27Feb20420PE.NFO,07/01/2020,10:14:32,12,10.9,2500,13.95,1250,0,10000
SUNPHARMA27Feb20420PE.NFO,07/01/2020,10:14:54,12,10.9,2500,13.9,1250,0,10000
SUNPHARMA27Feb20420PE.NFO,07/01/2020,10:15:00,12,10.9,5000,13.95,1250,0,10000
SUNPHARMA27Feb20420PE.NFO,07/01/2020,10:15:07,12,10.9,2500,13.95,1250,0,10000
SUNPHARMA27Feb20420PE.NFO,07/01/2020,10:15:22,12,10.9,5000,13.95,1250,0,10000
SUNPHARMA27Feb20420PE.NFO,07/01/2020,10:15:43,12,10.9,5000,14,1250,0,10000
SUNPHARMA27Feb20420PE.NFO,07/01/2020,10:15:49,12,10.9,10000,14.05,1250,0,10000
SUNPHARMA27Feb20420PE.NFO,07/01/2020,10:17:15,12,10.9,10000,13.85,1250,0,10000
SUNPHARMA27Feb20420PE.NFO,07/01/2020,10:17:20,12,10.9,10000,14.05,1250,0,10000
SUNPHARMA27Feb20420PE.NFO,07/01/2020,10:17:35,12,10.9,10000,14.1,1250,0,10000
SUNPHARMA27Feb20420PE.NFO,07/01/2020,10:17:40,12,10.9,10000,14.05,1250,0,10000
SUNPHARMA27Feb20420PE.NFO,07/01/2020,10:17:44,12,10.9,10000,14.1,1250,0,10000
SUNPHARMA27Feb20420PE.NFO,07/01/2020,10:18:00,12,12,6250,13.4,1250,0,10000
SUNPHARMA27Feb20420PE.NFO,07/01/2020,10:18:27,12,12,6250,13.45,1250,0,10000
SUNPHARMA27Feb20420PE.NFO,07/01/2020,10:18:31,12,10.9,10000,14.1,1250,0,10000
SUNPHARMA27Feb20420PE.NFO,07/01/2020,10:18:56,12,10.9,10000,14.05,1250,0,10000
SUNPHARMA27Feb20420PE.NFO,07/01/2020,10:19:01,12,12,6250,13.4,1250,0,10000
SUNPHARMA27Feb20420PE.NFO,07/01/2020,10:19:09,12,12,6250,13.45,1250,0,10000
SUNPHARMA27Feb20420PE.NFO,07/01/2020,10:19:22,12,11.95,6250,13.45,1250,0,10000
SUNPHARMA27Feb20420PE.NFO,07/01/2020,10:19:55,12,11.95,6250,13.5,1250,0,10000
SUNPHARMA27Feb20420PE.NFO,07/01/2020,10:21:04,12,11.95,6250,13.6,1250,0,10000
SUNPHARMA27Feb20420PE.NFO,07/01/2020,10:21:13,12,10.9,10000,14.15,1250,0,10000
SUNPHARMA27Feb20420PE.NFO,07/01/2020,10:21:22,12,11,11250,14.25,1250,0,10000
SUNPHARMA27Feb20420PE.NFO,07/01/2020,10:21:28,12,11.05,10000,14.3,1250,0,10000
SUNPHARMA27Feb20420PE.NFO,07/01/2020,10:21:33,12,11.05,10000,14.25,1250,0,10000
SUNPHARMA27Feb20420PE.NFO,07/01/2020,10:21:42,12,11.05,11250,14.25,1250,0,10000
SUNPHARMA27Feb20420PE.NFO,07/01/2020,10:21:51,12,11.4,11250,14.55,1250,0,10000
SUNPHARMA27Feb20420PE.NFO,07/01/2020,10:21:56,12,11.45,6250,14.55,1250,0,10000
SUNPHARMA27Feb20420PE.NFO,07/01/2020,10:22:01,12,11.6,2500,14.55,1250,0,10000
SUNPHARMA27Feb20420PE.NFO,07/01/2020,10:22:04,12,11.6,2500,14.65,1250,0,10000
SUNPHARMA27Feb20420PE.NFO,07/01/2020,10:22:09,12,11.6,2500,14.55,1250,0,10000
SUNPHARMA27Feb20420PE.NFO,07/01/2020,10:22:14,12,11.6,2500,14.45,1250,0,10000
SUNPHARMA27Feb20420PE.NFO,07/01/2020,10:22:19,12,11.6,2500,14.5,1250,0,10000
SUNPHARMA27Feb20420PE.NFO,07/01/2020,10:22:23,12,11.6,2500,14.9,1250,0,10000
SUNPHARMA27Feb20420PE.NFO,07/01/2020,10:22:27,12,11.6,2500,14.5,1250,0,10000
SUNPHARMA27Feb20420PE.NFO,07/01/2020,10:22:31,12,11.6,2500,14.55,1250,0,10000
SUNPHARMA27Feb20420PE.NFO,07/01/2020,10:22:36,12,11.6,2500,14.65,6250,0,10000
SUNPHARMA27Feb20420PE.NFO,07/01/2020,10:22:40,12,11.6,2500,14.5,1250,0,10000
SUNPHARMA27Feb20420PE.NFO,07/01/2020,10:22:47,12,11.6,2500,14.55,1250,0,10000
SUNPHARMA27Feb20420PE.NFO,07/01/2020,10:22:54,12,11.6,2500,14.5,1250,0,10000
SUNPHARMA27Feb20420PE.NFO,07/01/2020,10:23:09,12,11.6,2500,14.3,1250,0,10000
SUNPHARMA27Feb20420PE.NFO,07/01/2020,10:23:14,12,11.6,2500,14.45,1250,0,10000
SUNPHARMA27Feb20420PE.NFO,07/01/2020,10:23:19,12,11.6,2500,14.3,1250,0,10000
SUNPHARMA27Feb20420PE.NFO,07/01/2020,10:23:24,12,11.6,2500,14.95,6250,0,10000
SUNPHARMA27Feb20420PE.NFO,07/01/2020,10:23:28,12,11.6,2500,14.4,1250,0,10000
SUNPHARMA27Feb20420PE.NFO,07/01/2020,10:23:34,12,11.6,2500,14.45,1250,0,10000
SUNPHARMA27Feb20420PE.NFO,07/01/2020,10:23:38,12,11.6,2500,14.4,1250,0,10000
SUNPHARMA27Feb20420PE.NFO,07/01/2020,10:23:48,12,11.6,2500,14.45,1250,0,10000
SUNPHARMA27Feb20420PE.NFO,07/01/2020,10:24:00,12,11.6,2500,14.6,1250,0,10000
SUNPHARMA27Feb20420PE.NFO,07/01/2020,10:24:04,12,11.6,2500,14.45,1250,0,10000
SUNPHARMA27Feb20420PE.NFO,07/01/2020,10:24:13,12,11.6,2500,14.5,1250,0,10000
SUNPHARMA27Feb20420PE.NFO,07/01/2020,10:24:18,12,11.6,2500,14.45,1250,0,10000
SUNPHARMA27Feb20420PE.NFO,07/01/2020,10:24:22,12,11.6,2500,14.65,6250,0,10000
SUNPHARMA27Feb20420PE.NFO,07/01/2020,10:24:26,12,11.6,2500,14.5,1250,0,10000
SUNPHARMA27Feb20420PE.NFO,07/01/2020,10:24:33,12,11.6,2500,14.4,1250,0,10000
SUNPHARMA27Feb20420PE.NFO,07/01/2020,10:24:37,12,11.6,2500,14.5,1250,0,10000
SUNPHARMA27Feb20420PE.NFO,07/01/2020,10:24:41,12,11.6,2500,14.45,1250,0,10000
SUNPHARMA27Feb20420PE.NFO,07/01/2020,10:24:53,12,11.6,2500,14.5,1250,0,10000
SUNPHARMA27Feb20420PE.NFO,07/01/2020,10:24:57,12,11.6,2500,14.45,1250,0,10000
SUNPHARMA27Feb20420PE.NFO,07/01/2020,10:25:06,12,11.6,2500,14.55,1250,0,10000
SUNPHARMA27Feb20420PE.NFO,07/01/2020,10:25:14,12,11.6,2500,14.6,1250,0,10000
SUNPHARMA27Feb20420PE.NFO,07/01/2020,10:25:18,12,11.6,2500,14.55,1250,0,10000
SUNPHARMA27Feb20420PE.NFO,07/01/2020,10:25:26,12,11.6,2500,14.6,1250,0,10000
SUNPHARMA27Feb20420PE.NFO,07/01/2020,10:25:43,12,11.6,2500,14.4,1250,0,10000
SUNPHARMA27Feb20420PE.NFO,07/01/2020,10:25:48,12,11.6,2500,14.8,1250,0,10000
SUNPHARMA27Feb20420PE.NFO,07/01/2020,10:25:53,12,11.6,2500,14.6,1250,0,10000
SUNPHARMA27Feb20420PE.NFO,07/01/2020,10:26:03,12,11.6,5000,14.6,1250,0,10000
SUNPHARMA27Feb20420PE.NFO,07/01/2020,10:26:07,12,11.6,5000,14.7,3750,0,10000
SUNPHARMA27Feb20420PE.NFO,07/01/2020,10:26:12,12,11.6,5000,14.6,1250,0,10000
SUNPHARMA27Feb20420PE.NFO,07/01/2020,10:26:17,12,11.6,5000,14.55,1250,0,10000
SUNPHARMA27Feb20420PE.NFO,07/01/2020,10:26:21,12,11.6,5000,14.6,1250,0,10000
SUNPHARMA27Feb20420PE.NFO,07/01/2020,10:26:40,12,11.6,5000,14.7,1250,0,10000
SUNPHARMA27Feb20420PE.NFO,07/01/2020,10:26:44,12,11.6,5000,14.75,1250,0,10000
SUNPHARMA27Feb20420PE.NFO,07/01/2020,10:27:01,12,11.6,7500,14.45,1250,0,10000
SUNPHARMA27Feb20420PE.NFO,07/01/2020,10:27:06,12,11.6,7500,13.25,1250,0,10000
SUNPHARMA27Feb20420PE.NFO,07/01/2020,10:27:10,12,11.6,7500,13.3,1250,0,10000
SUNPHARMA27Feb20420PE.NFO,07/01/2020,10:27:14,12,11.6,10000,13.3,1250,0,10000
SUNPHARMA27Feb20420PE.NFO,07/01/2020,10:27:22,12,11.6,12500,13.35,1250,0,10000
SUNPHARMA27Feb20420PE.NFO,07/01/2020,10:27:30,12,11.6,12500,13.3,1250,0,10000
SUNPHARMA27Feb20420PE.NFO,07/01/2020,10:27:34,12,11.6,10000,13.3,1250,0,10000
SUNPHARMA27Feb20420PE.NFO,07/01/2020,10:27:42,12,11.6,10000,13.35,1250,0,10000
SUNPHARMA27Feb20420PE.NFO,07/01/2020,10:27:47,12,11.6,10000,13.3,1250,0,10000
SUNPHARMA27Feb20420PE.NFO,07/01/2020,10:28:04,12,11.6,12500,13.3,1250,0,10000
SUNPHARMA27Feb20420PE.NFO,07/01/2020,10:28:08,12,11.65,13750,13.55,1250,0,10000
SUNPHARMA27Feb20420PE.NFO,07/01/2020,10:28:13,12,11.7,13750,13.6,1250,0,10000
SUNPHARMA27Feb20420PE.NFO,07/01/2020,10:28:17,12,11.75,12500,13.6,1250,0,10000
SUNPHARMA27Feb20420PE.NFO,07/01/2020,10:28:22,12,11.75,12500,13.55,1250,0,10000
SUNPHARMA27Feb20420PE.NFO,07/01/2020,10:28:36,12,11.75,10000,13.5,1250,0,10000
SUNPHARMA27Feb20420PE.NFO,07/01/2020,10:28:40,12,11.75,10000,13.45,1250,0,10000
SUNPHARMA27Feb20420PE.NFO,07/01/2020,10:28:43,12,11.75,12500,13.5,1250,0,10000
SUNPHARMA27Feb20420PE.NFO,07/01/2020,10:28:46,12,11.75,10000,13.45,1250,0,10000
SUNPHARMA27Feb20420PE.NFO,07/01/2020,10:28:49,12,11.75,10000,13.5,1250,0,10000
SUNPHARMA27Feb20420PE.NFO,07/01/2020,10:28:56,12,11.75,10000,13.45,1250,0,10000
SUNPHARMA27Feb20420PE.NFO,07/01/2020,10:28:59,12,11.75,12500,13.5,1250,0,10000
SUNPHARMA27Feb20420PE.NFO,07/01/2020,10:29:10,12,11.75,12500,13.55,1250,0,10000
SUNPHARMA27Feb20420PE.NFO,07/01/2020,10:29:13,12,11.75,12500,13.5,1250,0,10000
SUNPHARMA27Feb20420PE.NFO,07/01/2020,10:29:17,12,11.75,12500,13.55,1250,0,10000
SUNPHARMA27Feb20420PE.NFO,07/01/2020,10:29:24,12,11.75,12500,13.6,1250,0,10000
SUNPHARMA27Feb20420PE.NFO,07/01/2020,10:29:32,12,11.8,13750,13.7,1250,0,10000
SUNPHARMA27Feb20420PE.NFO,07/01/2020,10:29:36,12,11.85,13750,13.7,1250,0,10000
SUNPHARMA27Feb20420PE.NFO,07/01/2020,10:29:40,12,11.85,12500,13.75,1250,0,10000
SUNPHARMA27Feb20420PE.NFO,07/01/2020,10:29:49,12,11.9,10000,13.75,1250,0,10000
SUNPHARMA27Feb20420PE.NFO,07/01/2020,10:29:52,12,11.9,12500,13.75,1250,0,10000
SUNPHARMA27Feb20420PE.NFO,07/01/2020,10:30:05,12,11.9,12500,13.7,1250,0,10000
SUNPHARMA27Feb20420PE.NFO,07/01/2020,10:30:11,12,11.9,12500,13.65,1250,0,10000
SUNPHARMA27Feb20420PE.NFO,07/01/2020,10:30:15,12,11.9,12500,13.7,1250,0,10000
SUNPHARMA27Feb20420PE.NFO,07/01/2020,10:30:19,12,11.9,12500,13.65,1250,0,10000
SUNPHARMA27Feb20420PE.NFO,07/01/2020,10:30:22,12,11.9,10000,13.65,1250,0,10000
SUNPHARMA27Feb20420PE.NFO,07/01/2020,10:30:29,12,11.9,10000,13.6,1250,0,10000
SUNPHARMA27Feb20420PE.NFO,07/01/2020,10:30:33,12,11.9,10000,13.55,1250,0,10000
SUNPHARMA27Feb20420PE.NFO,07/01/2020,10:30:36,12,11.9,10000,13.6,1250,0,10000
SUNPHARMA27Feb20420PE.NFO,07/01/2020,10:30:38,12,11.9,10000,13.55,1250,0,10000
SUNPHARMA27Feb20420PE.NFO,07/01/2020,10:30:44,12,11.9,10000,13.6,1250,0,10000
SUNPHARMA27Feb20420PE.NFO,07/01/2020,10:30:47,12,11.9,10000,13.55,1250,0,10000
SUNPHARMA27Feb20420PE.NFO,07/01/2020,10:30:54,12,11.9,7500,13.55,1250,0,10000
SUNPHARMA27Feb20420PE.NFO,07/01/2020,10:30:56,12,11.9,10000,13.55,1250,0,10000
SUNPHARMA27Feb20420PE.NFO,07/01/2020,10:31:04,12,11.9,10000,13.5,1250,0,10000
SUNPHARMA27Feb20420PE.NFO,07/01/2020,10:31:13,12,11.9,7500,13.5,1250,0,10000
SUNPHARMA27Feb20420PE.NFO,07/01/2020,10:31:16,12,11.9,5000,13.5,1250,0,10000
SUNPHARMA27Feb20420PE.NFO,07/01/2020,10:31:28,12,11.9,5000,13.45,1250,0,10000
SUNPHARMA27Feb20420PE.NFO,07/01/2020,10:31:32,12,11.9,5000,13.5,1250,0,10000
SUNPHARMA27Feb20420PE.NFO,07/01/2020,10:31:43,12,11.9,5000,13.45,1250,0,10000
SUNPHARMA27Feb20420PE.NFO,07/01/2020,10:31:48,12,11.9,2500,13.4,1250,0,10000
SUNPHARMA27Feb20420PE.NFO,07/01/2020,10:32:10,12,11.9,2500,13.35,1250,0,10000
SUNPHARMA27Feb20420PE.NFO,07/01/2020,10:32:19,12,11.9,5000,13.35,1250,0,10000
SUNPHARMA27Feb20420PE.NFO,07/01/2020,10:32:24,12,11.9,2500,13.3,1250,0,10000
SUNPHARMA27Feb20420PE.NFO,07/01/2020,10:32:33,12,11.9,2500,13.35,1250,0,10000
SUNPHARMA27Feb20420PE.NFO,07/01/2020,10:32:46,12,11.9,5000,13.4,1250,0,10000
SUNPHARMA27Feb20420PE.NFO,07/01/2020,10:33:03,12,11.9,5000,13.35,1250,0,10000
SUNPHARMA27Feb20420PE.NFO,07/01/2020,10:33:06,12,11.9,2500,13.35,1250,0,10000
SUNPHARMA27Feb20420PE.NFO,07/01/2020,10:33:15,12,11.9,5000,13.35,1250,0,10000
SUNPHARMA27Feb20420PE.NFO,07/01/2020,10:33:19,12,11.9,5000,13.4,1250,0,10000
SUNPHARMA27Feb20420PE.NFO,07/01/2020,10:33:29,12,11.9,5000,13.45,1250,0,10000
SUNPHARMA27Feb20420PE.NFO,07/01/2020,10:33:33,12,11.9,5000,13.4,1250,0,10000
SUNPHARMA27Feb20420PE.NFO,07/01/2020,10:33:40,12,11.9,5000,13.35,1250,0,10000
SUNPHARMA27Feb20420PE.NFO,07/01/2020,10:33:52,12,11.9,5000,13.4,1250,0,10000
SUNPHARMA27Feb20420PE.NFO,07/01/2020,10:33:55,12,11.9,5000,13.35,1250,0,10000
SUNPHARMA27Feb20420PE.NFO,07/01/2020,10:33:57,12,12,3750,13.35,1250,0,10000
SUNPHARMA27Feb20420PE.NFO,07/01/2020,10:34:46,12,12,2500,13.35,1250,0,10000
SUNPHARMA27Feb20420PE.NFO,07/01/2020,10:34:51,12,12,3750,13.35,1250,0,10000
SUNPHARMA27Feb20420PE.NFO,07/01/2020,10:35:37,12,12,3750,13.4,1250,0,10000
SUNPHARMA27Feb20420PE.NFO,07/01/2020,10:35:48,12,12.05,3750,13.4,1250,0,10000
SUNPHARMA27Feb20420PE.NFO,07/01/2020,10:35:51,12,12.05,2500,13.4,1250,0,10000
SUNPHARMA27Feb20420PE.NFO,07/01/2020,10:35:54,12,12.05,2500,13.35,1250,0,10000
SUNPHARMA27Feb20420PE.NFO,07/01/2020,10:35:58,12,12.05,2500,13.4,1250,0,10000
SUNPHARMA27Feb20420PE.NFO,07/01/2020,10:36:11,12,12.05,2500,13.35,1250,0,10000
SUNPHARMA27Feb20420PE.NFO,07/01/2020,10:36:40,12,12.05,2500,13.3,1250,0,10000
SUNPHARMA27Feb20420PE.NFO,07/01/2020,10:36:53,12,12.05,2500,13.25,1250,0,10000
SUNPHARMA27Feb20420PE.NFO,07/01/2020,10:37:25,12,12.05,2500,14.8,1250,0,10000
SUNPHARMA27Feb20420PE.NFO,07/01/2020,10:37:33,12,12.05,2500,14.9,3750,0,10000
SUNPHARMA27Feb20420PE.NFO,07/01/2020,10:37:36,12,12.05,2500,14.75,1250,0,10000
SUNPHARMA27Feb20420PE.NFO,07/01/2020,10:37:41,12,12.05,2500,14.8,1250,0,10000
SUNPHARMA27Feb20420PE.NFO,07/01/2020,10:38:12,12,12.05,2500,14.75,1250,0,10000
SUNPHARMA27Feb20420PE.NFO,07/01/2020,10:38:15,12,12.05,2500,14.8,1250,0,10000
SUNPHARMA27Feb20420PE.NFO,07/01/2020,10:38:21,12,12.05,2500,14.75,1250,0,10000
SUNPHARMA27Feb20420PE.NFO,07/01/2020,10:38:38,12,12.05,2500,14.8,1250,0,10000
SUNPHARMA27Feb20420PE.NFO,07/01/2020,10:38:40,12,12.05,2500,14.85,1250,0,10000
SUNPHARMA27Feb20420PE.NFO,07/01/2020,10:38:42,12,12.05,2500,14.8,1250,0,10000
SUNPHARMA27Feb20420PE.NFO,07/01/2020,10:38:48,12,12.05,2500,13.2,1250,0,10000
SUNPHARMA27Feb20420PE.NFO,07/01/2020,10:39:02,12,12.05,2500,14.8,1250,0,10000
SUNPHARMA27Feb20420PE.NFO,07/01/2020,10:39:24,12,12.05,2500,14.9,1250,0,10000
SUNPHARMA27Feb20420PE.NFO,07/01/2020,10:39:28,12,12.05,2500,13.15,1250,0,10000
SUNPHARMA27Feb20420PE.NFO,07/01/2020,10:39:52,12,12.05,2500,13.2,1250,0,10000
SUNPHARMA27Feb20420PE.NFO,07/01/2020,10:40:29,12,12.05,2500,13.15,1250,0,10000
SUNPHARMA27Feb20420PE.NFO,07/01/2020,10:40:53,12,12.05,2500,13.1,1250,0,10000
SUNPHARMA27Feb20420PE.NFO,07/01/2020,10:40:57,12,12.05,2500,14.85,1250,0,10000
SUNPHARMA27Feb20420PE.NFO,07/01/2020,10:41:00,12,12.05,2500,14.9,1250,0,10000
SUNPHARMA27Feb20420PE.NFO,07/01/2020,10:41:03,12,12.05,2500,14.8,1250,0,10000
SUNPHARMA27Feb20420PE.NFO,07/01/2020,10:41:10,12,12.05,2500,14.75,1250,0,10000
SUNPHARMA27Feb20420PE.NFO,07/01/2020,10:41:16,12,12.05,2500,14.65,1250,0,10000
SUNPHARMA27Feb20420PE.NFO,07/01/2020,10:41:18,12,12.05,2500,14.8,1250,0,10000
SUNPHARMA27Feb20420PE.NFO,07/01/2020,10:41:22,12,12.05,2500,14.75,1250,0,10000
SUNPHARMA27Feb20420PE.NFO,07/01/2020,10:41:39,12,12.05,2500,14.8,1250,0,10000
SUNPHARMA27Feb20420PE.NFO,07/01/2020,10:42:20,12,12.05,2500,14.85,1250,0,10000
SUNPHARMA27Feb20420PE.NFO,07/01/2020,10:42:23,12,12.05,2500,13.25,1250,0,10000
SUNPHARMA27Feb20420PE.NFO,07/01/2020,10:42:26,12,12.05,2500,13.3,1250,0,10000
SUNPHARMA27Feb20420PE.NFO,07/01/2020,10:42:36,12,12.05,2500,13.2,1250,0,10000
SUNPHARMA27Feb20420PE.NFO,07/01/2020,10:42:40,12,12.05,2500,13.25,1250,0,10000
SUNPHARMA27Feb20420PE.NFO,07/01/2020,10:42:43,12,12.05,2500,13.3,1250,0,10000
SUNPHARMA27Feb20420PE.NFO,07/01/2020,10:42:55,12,12.05,2500,13.25,1250,0,10000
SUNPHARMA27Feb20420PE.NFO,07/01/2020,10:43:09,12,12.05,2500,13.2,1250,0,10000
SUNPHARMA27Feb20420PE.NFO,07/01/2020,10:43:12,12,12.05,2500,13.3,1250,0,10000
SUNPHARMA27Feb20420PE.NFO,07/01/2020,10:43:22,12,12.05,2500,13.25,1250,0,10000
SUNPHARMA27Feb20420PE.NFO,07/01/2020,10:43:30,12,12.05,2500,13.2,1250,0,10000
SUNPHARMA27Feb20420PE.NFO,07/01/2020,10:43:40,12,12.05,2500,13.25,1250,0,10000
SUNPHARMA27Feb20420PE.NFO,07/01/2020,10:43:45,12,12.05,2500,13.2,1250,0,10000
SUNPHARMA27Feb20420PE.NFO,07/01/2020,10:43:55,12,12.05,2500,13.15,1250,0,10000
SUNPHARMA27Feb20420PE.NFO,07/01/2020,10:44:36,12,12.05,2500,13.25,1250,0,10000
SUNPHARMA27Feb20420PE.NFO,07/01/2020,10:44:39,12,12.05,2500,13.2,1250,0,10000
SUNPHARMA27Feb20420PE.NFO,07/01/2020,10:44:58,12,12.05,2500,14.8,1250,0,10000
SUNPHARMA27Feb20420PE.NFO,07/01/2020,10:45:03,12,12.05,2500,13.15,1250,0,10000
SUNPHARMA27Feb20420PE.NFO,07/01/2020,10:45:08,12,12.05,2500,14.85,1250,0,10000
SUNPHARMA27Feb20420PE.NFO,07/01/2020,10:45:13,12,12.05,2500,14.95,1250,0,10000
SUNPHARMA27Feb20420PE.NFO,07/01/2020,10:45:18,12,12.05,2500,14.85,1250,0,10000
SUNPHARMA27Feb20420PE.NFO,07/01/2020,10:45:22,12,12.05,2500,13.1,1250,0,10000
SUNPHARMA27Feb20420PE.NFO,07/01/2020,10:45:26,12,12.05,2500,14.85,1250,0,10000
SUNPHARMA27Feb20420PE.NFO,07/01/2020,10:45:39,12,12.05,2500,14.7,1250,0,10000
SUNPHARMA27Feb20420PE.NFO,07/01/2020,10:45:42,12,12.05,2500,14.8,1250,0,10000
SUNPHARMA27Feb20420PE.NFO,07/01/2020,10:45:48,12,12.05,2500,14.75,1250,0,10000
SUNPHARMA27Feb20420PE.NFO,07/01/2020,10:46:13,12,12.05,2500,14.8,1250,0,10000
SUNPHARMA27Feb20420PE.NFO,07/01/2020,10:46:41,12,12.05,2500,14.7,1250,0,10000
SUNPHARMA27Feb20420PE.NFO,07/01/2020,10:46:52,12,12.05,2500,14.85,3750,0,10000
SUNPHARMA27Feb20420PE.NFO,07/01/2020,10:46:55,12,12.05,2500,14.75,1250,0,10000
SUNPHARMA27Feb20420PE.NFO,07/01/2020,10:46:58,12,12.05,2500,14.7,1250,0,10000
SUNPHARMA27Feb20420PE.NFO,07/01/2020,10:47:05,12,12.05,2500,14.95,3750,0,10000
SUNPHARMA27Feb20420PE.NFO,07/01/2020,10:47:08,12,12.05,2500,14.65,1250,0,10000
SUNPHARMA27Feb20420PE.NFO,07/01/2020,10:47:10,12,12.05,2500,14.7,1250,0,10000
SUNPHARMA27Feb20420PE.NFO,07/01/2020,10:47:18,12,12.05,2500,14.8,1250,0,10000
SUNPHARMA27Feb20420PE.NFO,07/01/2020,10:47:23,12,12.05,2500,14.65,1250,0,10000
SUNPHARMA27Feb20420PE.NFO,07/01/2020,10:47:39,12,12.05,3750,14.65,1250,0,10000
SUNPHARMA27Feb20420PE.NFO,07/01/2020,10:47:46,12,12.05,2500,14.65,1250,0,10000
SUNPHARMA27Feb20420PE.NFO,07/01/2020,10:47:54,12,12.15,3750,14.7,1250,0,10000
SUNPHARMA27Feb20420PE.NFO,07/01/2020,10:47:57,12,12.25,2500,14.4,1250,0,10000
SUNPHARMA27Feb20420PE.NFO,07/01/2020,10:48:05,12,12.25,2500,14.1,1250,0,10000
SUNPHARMA27Feb20420PE.NFO,07/01/2020,10:48:14,12,12.25,2500,14.4,1250,0,10000
SUNPHARMA27Feb20420PE.NFO,07/01/2020,10:48:18,12,12.25,2500,14.1,1250,0,10000
SUNPHARMA27Feb20420PE.NFO,07/01/2020,10:48:21,12,12.25,2500,14.7,1250,0,10000
SUNPHARMA27Feb20420PE.NFO,07/01/2020,10:48:24,12,12.25,2500,14.25,1250,0,10000
SUNPHARMA27Feb20420PE.NFO,07/01/2020,10:48:35,12,12.25,2500,14.1,1250,0,10000
SUNPHARMA27Feb20420PE.NFO,07/01/2020,10:48:40,12,12.25,2500,14.25,1250,0,10000
SUNPHARMA27Feb20420PE.NFO,07/01/2020,10:48:45,12,12.25,2500,14.2,1250,0,10000
SUNPHARMA27Feb20420PE.NFO,07/01/2020,10:48:48,12,12.25,2500,14.15,1250,0,10000
SUNPHARMA27Feb20420PE.NFO,07/01/2020,10:48:52,12,12.2,2500,14.35,1250,0,10000
SUNPHARMA27Feb20420PE.NFO,07/01/2020,10:48:56,12,12.2,2500,14.65,3750,0,10000
SUNPHARMA27Feb20420PE.NFO,07/01/2020,10:49:00,12,12.05,3750,13.85,1250,0,10000
SUNPHARMA27Feb20420PE.NFO,07/01/2020,10:49:04,12,12.15,2500,14.1,1250,0,10000
SUNPHARMA27Feb20420PE.NFO,07/01/2020,10:49:07,12,12.15,2500,14.3,1250,0,10000
SUNPHARMA27Feb20420PE.NFO,07/01/2020,10:49:10,12,12.15,2500,14.6,1250,0,10000
SUNPHARMA27Feb20420PE.NFO,07/01/2020,10:49:14,12,12.15,2500,14.4,1250,0,10000
SUNPHARMA27Feb20420PE.NFO,07/01/2020,10:49:18,12,12.15,2500,14.55,1250,0,10000
SUNPHARMA27Feb20420PE.NFO,07/01/2020,10:49:20,12,12,3750,14.05,1250,0,10000
SUNPHARMA27Feb20420PE.NFO,07/01/2020,10:49:23,12,12.1,2500,13.85,1250,0,10000
SUNPHARMA27Feb20420PE.NFO,07/01/2020,10:49:27,12,12.1,2500,14.25,1250,0,10000
SUNPHARMA27Feb20420PE.NFO,07/01/2020,10:49:30,12,12.1,2500,14.1,1250,0,10000
SUNPHARMA27Feb20420PE.NFO,07/01/2020,10:49:33,12,12.1,2500,14.25,1250,0,10000
SUNPHARMA27Feb20420PE.NFO,07/01/2020,10:49:36,12,12.1,2500,14.4,1250,0,10000
SUNPHARMA27Feb20420PE.NFO,07/01/2020,10:49:38,12,12.1,2500,13.55,1250,0,10000
SUNPHARMA27Feb20420PE.NFO,07/01/2020,10:49:42,12,12.1,2500,14.45,1250,0,10000
SUNPHARMA27Feb20420PE.NFO,07/01/2020,10:49:45,12,12.1,2500,14.1,1250,0,10000
SUNPHARMA27Feb20420PE.NFO,07/01/2020,10:49:49,12,12.1,2500,14.4,1250,0,10000
SUNPHARMA27Feb20420PE.NFO,07/01/2020,10:49:53,12,12.1,2500,14,1250,0,10000
SUNPHARMA27Feb20420PE.NFO,07/01/2020,10:49:56,12,12.1,2500,13.9,1250,0,10000
SUNPHARMA27Feb20420PE.NFO,07/01/2020,10:50:03,12,12.1,2500,14.15,1250,0,10000
SUNPHARMA27Feb20420PE.NFO,07/01/2020,10:50:08,12,12.1,2500,14,1250,0,10000
SUNPHARMA27Feb20420PE.NFO,07/01/2020,10:50:13,12,12.1,2500,14.4,1250,0,10000
SUNPHARMA27Feb20420PE.NFO,07/01/2020,10:50:19,12,12.1,2500,13.7,1250,0,10000
SUNPHARMA27Feb20420PE.NFO,07/01/2020,10:50:24,12,12.1,2500,13.75,1250,0,10000
SUNPHARMA27Feb20420PE.NFO,07/01/2020,10:50:29,12,12.1,2500,14.4,1250,0,10000
SUNPHARMA27Feb20420PE.NFO,07/01/2020,10:50:40,12,12.1,2500,13.9,1250,0,10000
SUNPHARMA27Feb20420PE.NFO,07/01/2020,10:50:46,12,12.1,2500,13.95,1250,0,10000
SUNPHARMA27Feb20420PE.NFO,07/01/2020,10:50:50,12,12.1,2500,14.1,1250,0,10000
SUNPHARMA27Feb20420PE.NFO,07/01/2020,10:50:58,12,12.1,2500,14.55,1250,0,10000
SUNPHARMA27Feb20420PE.NFO,07/01/2020,10:51:02,12,12.1,2500,14.1,1250,0,10000
SUNPHARMA27Feb20420PE.NFO,07/01/2020,10:51:06,12,12.1,2500,14.55,1250,0,10000
SUNPHARMA27Feb20420PE.NFO,07/01/2020,10:51:13,12,12.1,2500,13.9,1250,0,10000
SUNPHARMA27Feb20420PE.NFO,07/01/2020,10:51:14,12,12.1,2500,14.45,1250,0,10000
SUNPHARMA27Feb20420PE.NFO,07/01/2020,10:51:15,12,12.1,2500,14.4,1250,0,10000
SUNPHARMA27Feb20420PE.NFO,07/01/2020,10:51:15,12,12.1,2500,14.25,1250,0,10000
SUNPHARMA27Feb20420PE.NFO,07/01/2020,10:51:16,12,12.1,2500,13.95,1250,0,10000
SUNPHARMA27Feb20420PE.NFO,07/01/2020,10:51:17,12,12.1,2500,14.1,1250,0,10000
SUNPHARMA27Feb20420PE.NFO,07/01/2020,10:51:19,12,12.1,2500,14.55,1250,0,10000
SUNPHARMA27Feb20420PE.NFO,07/01/2020,10:51:21,12,12.1,2500,14.4,1250,0,10000
SUNPHARMA27Feb20420PE.NFO,07/01/2020,10:51:21,12,12.1,2500,14.1,1250,0,10000
SUNPHARMA27Feb20420PE.NFO,07/01/2020,10:51:23,12,12.1,2500,14.15,1250,0,10000
SUNPHARMA27Feb20420PE.NFO,07/01/2020,10:51:24,12,12.1,2500,13.95,1250,0,10000
SUNPHARMA27Feb20420PE.NFO,07/01/2020,10:51:24,12,12.1,2500,14.4,1250,0,10000
SUNPHARMA27Feb20420PE.NFO,07/01/2020,10:51:26,12,12.1,2500,14.55,1250,0,10000
SUNPHARMA27Feb20420PE.NFO,07/01/2020,10:51:28,12,12.1,2500,14.25,1250,0,10000
SUNPHARMA27Feb20420PE.NFO,07/01/2020,10:51:29,12,12.1,2500,13.95,1250,0,10000
SUNPHARMA27Feb20420PE.NFO,07/01/2020,10:51:30,12,12.1,2500,14.4,1250,0,10000
SUNPHARMA27Feb20420PE.NFO,07/01/2020,10:51:31,12,12.1,2500,14.1,1250,0,10000
SUNPHARMA27Feb20420PE.NFO,07/01/2020,10:51:32,12,12.1,2500,14.5,1250,0,10000
SUNPHARMA27Feb20420PE.NFO,07/01/2020,10:51:35,12,12.1,2500,14.25,1250,0,10000
SUNPHARMA27Feb20420PE.NFO,07/01/2020,10:51:36,12,12.1,2500,14,1250,0,10000
SUNPHARMA27Feb20420PE.NFO,07/01/2020,10:51:36,12,12.1,2500,13.95,1250,0,10000
SUNPHARMA27Feb20420PE.NFO,07/01/2020,10:51:38,12,12.1,2500,14.65,1250,0,10000
SUNPHARMA27Feb20420PE.NFO,07/01/2020,10:51:39,12,12.1,2500,14.55,1250,0,10000
SUNPHARMA27Feb20420PE.NFO,07/01/2020,10:51:41,12,12.1,2500,14.6,3750,0,10000
SUNPHARMA27Feb20420PE.NFO,07/01/2020,10:51:42,12,12.1,2500,14.6,1250,0,10000
SUNPHARMA27Feb20420PE.NFO,07/01/2020,10:51:43,12,12.1,2500,14.1,1250,0,10000
SUNPHARMA27Feb20420PE.NFO,07/01/2020,10:51:44,12,12.1,2500,13.9,1250,0,10000
SUNPHARMA27Feb20420PE.NFO,07/01/2020,10:51:45,12,12.1,2500,13.75,1250,0,10000
SUNPHARMA27Feb20420PE.NFO,07/01/2020,10:51:46,12,12.1,2500,14.3,1250,0,10000
SUNPHARMA27Feb20420PE.NFO,07/01/2020,10:51:47,12,12.1,2500,14.15,1250,0,10000
SUNPHARMA27Feb20420PE.NFO,07/01/2020,10:51:48,12,12.1,2500,14,1250,0,10000
SUNPHARMA27Feb20420PE.NFO,07/01/2020,10:51:49,12,12.1,2500,14.3,1250,0,10000
SUNPHARMA27Feb20420PE.NFO,07/01/2020,10:51:50,12,12.1,2500,14.45,1250,0,10000
SUNPHARMA27Feb20420PE.NFO,07/01/2020,10:51:52,12,12.1,2500,14.7,1250,0,10000
SUNPHARMA27Feb20420PE.NFO,07/01/2020,10:51:54,12,12.1,2500,14.3,1250,0,10000
SUNPHARMA27Feb20420PE.NFO,07/01/2020,10:51:55,12,12.1,2500,14.15,1250,0,10000
SUNPHARMA27Feb20420PE.NFO,07/01/2020,10:51:56,12,12.15,2500,13.9,1250,0,10000
SUNPHARMA27Feb20420PE.NFO,07/01/2020,10:51:56,12,12.15,2500,14.7,3750,0,10000
SUNPHARMA27Feb20420PE.NFO,07/01/2020,10:51:57,12,12.15,2500,14.25,1250,0,10000
SUNPHARMA27Feb20420PE.NFO,07/01/2020,10:51:58,12,12.15,2500,13.9,1250,0,10000
SUNPHARMA27Feb20420PE.NFO,07/01/2020,10:51:59,12,12.15,2500,13.7,1250,0,10000
SUNPHARMA27Feb20420PE.NFO,07/01/2020,10:52:00,12,12.15,2500,13.55,1250,0,10000
SUNPHARMA27Feb20420PE.NFO,07/01/2020,10:52:02,12,12.15,2500,14.6,1250,0,10000
SUNPHARMA27Feb20420PE.NFO,07/01/2020,10:52:02,12,12.15,2500,14.25,1250,0,10000
SUNPHARMA27Feb20420PE.NFO,07/01/2020,10:52:03,12,12.15,2500,14.15,1250,0,10000
SUNPHARMA27Feb20420PE.NFO,07/01/2020,10:52:05,12,12.15,2500,14.2,1250,0,10000
SUNPHARMA27Feb20420PE.NFO,07/01/2020,10:52:06,12,12.15,2500,14.45,1250,0,10000
SUNPHARMA27Feb20420PE.NFO,07/01/2020,10:52:07,12,12.15,2500,14.6,1250,0,10000
SUNPHARMA27Feb20420PE.NFO,07/01/2020,10:52:09,12,12.15,2500,14.45,1250,0,10000
SUNPHARMA27Feb20420PE.NFO,07/01/2020,10:52:16,12,12.15,2500,14.05,1250,0,10000
SUNPHARMA27Feb20420PE.NFO,07/01/2020,10:52:21,12,12.15,3750,14.55,1250,0,10000
SUNPHARMA27Feb20420PE.NFO,07/01/2020,10:52:26,12,12.15,2500,13.95,1250,0,10000
SUNPHARMA27Feb20420PE.NFO,07/01/2020,10:52:30,12,12.15,2500,14.55,1250,0,10000
SUNPHARMA27Feb20420PE.NFO,07/01/2020,10:52:34,12,12.15,2500,14.35,1250,0,10000
SUNPHARMA27Feb20420PE.NFO,07/01/2020,10:52:38,12,12.15,2500,14,1250,0,10000
SUNPHARMA27Feb20420PE.NFO,07/01/2020,10:52:42,12,12.15,3750,14.7,1250,0,10000
SUNPHARMA27Feb20420PE.NFO,07/01/2020,10:52:46,12,12.15,3750,14.25,1250,0,10000
SUNPHARMA27Feb20420PE.NFO,07/01/2020,10:52:50,12,12.25,3750,14.25,1250,0,10000
SUNPHARMA27Feb20420PE.NFO,07/01/2020,10:52:55,12,12.25,2500,13.95,1250,0,10000
SUNPHARMA27Feb20420PE.NFO,07/01/2020,10:53:00,12,12.25,2500,13.9,1250,0,10000
SUNPHARMA27Feb20420PE.NFO,07/01/2020,10:53:07,12,12.25,2500,14.45,1250,0,10000
SUNPHARMA27Feb20420PE.NFO,07/01/2020,10:53:13,12,12.25,2500,14.25,1250,0,10000
SUNPHARMA27Feb20420PE.NFO,07/01/2020,10:53:20,12,12.25,3750,14.3,1250,0,10000
SUNPHARMA27Feb20420PE.NFO,07/01/2020,10:53:26,12,12.25,3750,14.15,1250,0,10000
SUNPHARMA27Feb20420PE.NFO,07/01/2020,10:53:31,12,12.3,2500,14,1250,0,10000
SUNPHARMA27Feb20420PE.NFO,07/01/2020,10:53:36,12,12.3,2500,13.95,1250,0,10000
SUNPHARMA27Feb20420PE.NFO,07/01/2020,10:53:42,12,12.3,2500,14.3,1250,0,10000
SUNPHARMA27Feb20420PE.NFO,07/01/2020,10:53:48,12,12.3,3750,14.65,1250,0,10000
SUNPHARMA27Feb20420PE.NFO,07/01/2020,10:53:54,12,12.3,3750,13.3,1250,0,10000
SUNPHARMA27Feb20420PE.NFO,07/01/2020,10:54:01,12,12.4,3750,13.4,1250,0,10000
SUNPHARMA27Feb20420PE.NFO,07/01/2020,10:54:13,12,12.45,3750,13.4,1250,0,10000
SUNPHARMA27Feb20420PE.NFO,07/01/2020,10:54:19,12,12.45,2500,13.4,1250,0,10000
SUNPHARMA27Feb20420PE.NFO,07/01/2020,10:54:25,12,12.45,3750,13.4,1250,0,10000
SUNPHARMA27Feb20420PE.NFO,07/01/2020,10:54:43,12,12.45,3750,13.35,1250,0,10000
SUNPHARMA27Feb20420PE.NFO,07/01/2020,10:54:48,12,12.45,2500,13.35,1250,0,10000
SUNPHARMA27Feb20420PE.NFO,07/01/2020,10:54:58,12,12.45,2500,13.3,1250,0,10000
SUNPHARMA27Feb20420PE.NFO,07/01/2020,10:55:44,12,12.3,2500,13.25,1250,0,10000
SUNPHARMA27Feb20420PE.NFO,07/01/2020,10:55:49,12,12.3,2500,13.9,1250,0,10000
SUNPHARMA27Feb20420PE.NFO,07/01/2020,10:55:53,12,12.3,2500,14.05,1250,0,10000
SUNPHARMA27Feb20420PE.NFO,07/01/2020,10:55:58,12,12.3,2500,13.25,1250,0,10000
SUNPHARMA27Feb20420PE.NFO,07/01/2020,10:56:02,12,12.3,3750,13.25,1250,0,10000
SUNPHARMA27Feb20420PE.NFO,07/01/2020,10:56:08,12,12.3,2500,14.3,1250,0,10000
SUNPHARMA27Feb20420PE.NFO,07/01/2020,10:56:14,12,12.3,3750,14.25,1250,0,10000
SUNPHARMA27Feb20420PE.NFO,07/01/2020,10:56:19,12,12.3,3750,14.8,1250,0,10000
SUNPHARMA27Feb20420PE.NFO,07/01/2020,10:56:23,12,12.3,2500,13.2,1250,0,10000
SUNPHARMA27Feb20420PE.NFO,07/01/2020,10:56:28,12,12.35,2500,14.55,1250,0,10000
SUNPHARMA27Feb20420PE.NFO,07/01/2020,10:56:32,12,12.35,2500,14.35,1250,0,10000
SUNPHARMA27Feb20420PE.NFO,07/01/2020,10:56:37,12,12.35,2500,14.8,1250,0,10000
SUNPHARMA27Feb20420PE.NFO,07/01/2020,10:56:42,12,12.35,3750,13.3,1250,0,10000
SUNPHARMA27Feb20420PE.NFO,07/01/2020,10:57:00,12,12.4,3750,13.3,1250,0,10000
SUNPHARMA27Feb20420PE.NFO,07/01/2020,10:57:04,12,12.4,2500,13.3,1250,0,10000
SUNPHARMA27Feb20420PE.NFO,07/01/2020,10:57:15,12,12.4,3750,13.35,1250,0,10000
SUNPHARMA27Feb20420PE.NFO,07/01/2020,10:57:22,12,12.45,3750,13.35,1250,0,10000
SUNPHARMA27Feb20420PE.NFO,07/01/2020,10:57:35,12,12.45,2500,13.4,1250,0,10000
SUNPHARMA27Feb20420PE.NFO,07/01/2020,10:57:41,12,12.45,3750,13.35,1250,0,10000
SUNPHARMA27Feb20420PE.NFO,07/01/2020,10:57:47,12,12.45,3750,13.4,1250,0,10000
SUNPHARMA27Feb20420PE.NFO,07/01/2020,10:58:12,12,12.45,2500,13.4,1250,0,10000
SUNPHARMA27Feb20420PE.NFO,07/01/2020,10:58:16,12,12.45,2500,13.35,1250,0,10000
SUNPHARMA27Feb20420PE.NFO,07/01/2020,10:58:22,12,12.45,3750,13.35,1250,0,10000
SUNPHARMA27Feb20420PE.NFO,07/01/2020,10:58:28,12,12.45,2500,13.4,1250,0,10000
SUNPHARMA27Feb20420PE.NFO,07/01/2020,10:58:39,12,12.45,2500,13.35,1250,0,10000
SUNPHARMA27Feb20420PE.NFO,07/01/2020,10:58:50,12,12.55,2500,13.4,1250,0,10000
SUNPHARMA27Feb20420PE.NFO,07/01/2020,10:59:27,12,12.55,2500,13.45,1250,0,10000
SUNPHARMA27Feb20420PE.NFO,07/01/2020,10:59:44,12,12.55,3750,13.5,1250,0,10000
SUNPHARMA27Feb20420PE.NFO,07/01/2020,10:59:50,12,12.55,2500,13.45,1250,0,10000
SUNPHARMA27Feb20420PE.NFO,07/01/2020,11:00:00,12,12.55,2500,13.4,1250,0,10000
SUNPHARMA27Feb20420PE.NFO,07/01/2020,11:00:06,12,12.55,2500,13.45,1250,0,10000
SUNPHARMA27Feb20420PE.NFO,07/01/2020,11:00:32,12,12.65,2500,13.5,1250,0,10000
SUNPHARMA27Feb20420PE.NFO,07/01/2020,11:00:40,12,12.65,2500,13.45,1250,0,10000
SUNPHARMA27Feb20420PE.NFO,07/01/2020,11:00:47,12,12.65,2500,13.5,1250,0,10000
SUNPHARMA27Feb20420PE.NFO,07/01/2020,11:00:53,12,12.65,2500,13.45,1250,0,10000
SUNPHARMA27Feb20420PE.NFO,07/01/2020,11:02:01,12,12.65,2500,13.4,1250,0,10000
SUNPHARMA27Feb20420PE.NFO,07/01/2020,11:02:08,12,12.5,2500,13.35,1250,0,10000
SUNPHARMA27Feb20420PE.NFO,07/01/2020,11:02:54,12,12.5,2500,13.4,1250,0,10000
SUNPHARMA27Feb20420PE.NFO,07/01/2020,11:03:27,12,12.5,2500,13.35,1250,0,10000
SUNPHARMA27Feb20420PE.NFO,07/01/2020,11:03:33,12,12.5,2500,13.3,1250,0,10000
SUNPHARMA27Feb20420PE.NFO,07/01/2020,11:03:46,12,12.5,2500,13.35,1250,0,10000
SUNPHARMA27Feb20420PE.NFO,07/01/2020,11:03:53,12,12.4,2500,13.3,1250,0,10000
SUNPHARMA27Feb20420PE.NFO,07/01/2020,11:04:07,12,12.4,3750,13.35,1250,0,10000
SUNPHARMA27Feb20420PE.NFO,07/01/2020,11:04:13,12,12.5,2500,13.35,1250,0,10000
SUNPHARMA27Feb20420PE.NFO,07/01/2020,11:04:26,12,12.5,2500,13.4,1250,0,10000
SUNPHARMA27Feb20420PE.NFO,07/01/2020,11:04:46,12,12.5,2500,13.45,1250,0,10000
SUNPHARMA27Feb20420PE.NFO,07/01/2020,11:05:21,12,12.5,2500,13.4,1250,0,10000
SUNPHARMA27Feb20420PE.NFO,07/01/2020,11:05:27,12,12.5,2500,13.35,1250,0,10000
SUNPHARMA27Feb20420PE.NFO,07/01/2020,11:06:00,12,12.5,2500,13.3,1250,0,10000
SUNPHARMA27Feb20420PE.NFO,07/01/2020,11:06:07,12,12.35,2500,13.25,1250,0,10000
SUNPHARMA27Feb20420PE.NFO,07/01/2020,11:06:20,12,12.35,2500,14.65,2500,0,10000
SUNPHARMA27Feb20420PE.NFO,07/01/2020,11:06:27,12,12.35,2500,13.35,1250,0,10000
SUNPHARMA27Feb20420PE.NFO,07/01/2020,11:06:33,12,12.35,2500,13.95,1250,0,10000
SUNPHARMA27Feb20420PE.NFO,07/01/2020,11:06:38,12,12.35,2500,13.25,1250,0,10000
SUNPHARMA27Feb20420PE.NFO,07/01/2020,11:06:54,12,12.35,2500,14.3,2500,0,10000
SUNPHARMA27Feb20420PE.NFO,07/01/2020,11:06:59,12,12.35,2500,13.25,1250,0,10000
SUNPHARMA27Feb20420PE.NFO,07/01/2020,11:07:05,12,12.35,2500,13.2,1250,0,10000
SUNPHARMA27Feb20420PE.NFO,07/01/2020,11:07:10,12,12.35,2500,13.85,1250,0,10000
SUNPHARMA27Feb20420PE.NFO,07/01/2020,11:07:15,12,12.35,2500,13.35,1250,0,10000
SUNPHARMA27Feb20420PE.NFO,07/01/2020,11:07:21,12,12.35,2500,14.7,1250,0,10000
SUNPHARMA27Feb20420PE.NFO,07/01/2020,11:07:26,12,12.35,2500,14.25,1250,0,10000
SUNPHARMA27Feb20420PE.NFO,07/01/2020,11:07:31,12,12.35,2500,14.05,1250,0,10000
SUNPHARMA27Feb20420PE.NFO,07/01/2020,11:07:36,12,12.35,2500,13.9,1250,0,10000
SUNPHARMA27Feb20420PE.NFO,07/01/2020,11:07:41,12,12.35,2500,14.35,1250,0,10000
SUNPHARMA27Feb20420PE.NFO,07/01/2020,11:07:47,12,12.35,2500,14.2,1250,0,10000
SUNPHARMA27Feb20420PE.NFO,07/01/2020,11:07:51,12,12.35,2500,13.2,1250,0,10000
SUNPHARMA27Feb20420PE.NFO,07/01/2020,11:07:56,12,12.35,2500,13.7,1250,0,10000
SUNPHARMA27Feb20420PE.NFO,07/01/2020,11:08:01,12,12.35,2500,14.15,1250,0,10000
SUNPHARMA27Feb20420PE.NFO,07/01/2020,11:08:06,12,12.35,2500,14.1,1250,0,10000
SUNPHARMA27Feb20420PE.NFO,07/01/2020,11:08:11,12,12.25,2500,13.4,1250,0,10000
SUNPHARMA27Feb20420PE.NFO,07/01/2020,11:08:16,12,12.25,2500,13.95,1250,0,10000
SUNPHARMA27Feb20420PE.NFO,07/01/2020,11:08:20,12,12.25,2500,14.2,1250,0,10000
SUNPHARMA27Feb20420PE.NFO,07/01/2020,11:08:25,12,12.35,2500,14.15,1250,0,10000
SUNPHARMA27Feb20420PE.NFO,07/01/2020,11:08:31,12,12.25,2500,13.75,1250,0,10000
SUNPHARMA27Feb20420PE.NFO,07/01/2020,11:08:36,12,12.25,2500,14.05,1250,0,10000
SUNPHARMA27Feb20420PE.NFO,07/01/2020,11:08:41,12,12.25,2500,13.9,1250,0,10000
SUNPHARMA27Feb20420PE.NFO,07/01/2020,11:08:46,12,12.35,2500,14.5,1250,0,10000
SUNPHARMA27Feb20420PE.NFO,07/01/2020,11:08:51,12,12.35,3750,13.75,1250,0,10000
SUNPHARMA27Feb20420PE.NFO,07/01/2020,11:08:54,12,12.35,2500,13.95,1250,0,10000
SUNPHARMA27Feb20420PE.NFO,07/01/2020,11:08:59,12,12.25,3750,14.1,1250,0,10000
SUNPHARMA27Feb20420PE.NFO,07/01/2020,11:09:04,12,12.35,2500,14.1,1250,0,10000
SUNPHARMA27Feb20420PE.NFO,07/01/2020,11:09:08,12,12.35,1250,13.8,1250,0,10000
SUNPHARMA27Feb20420PE.NFO,07/01/2020,11:09:13,12,12.3,2500,14.05,1250,0,10000
SUNPHARMA27Feb20420PE.NFO,07/01/2020,11:09:18,12,12.3,2500,13.8,1250,0,10000
SUNPHARMA27Feb20420PE.NFO,07/01/2020,11:09:29,12,12.3,2500,13.7,1250,0,10000
SUNPHARMA27Feb20420PE.NFO,07/01/2020,11:09:34,12,12.3,2500,13.95,1250,0,10000
SUNPHARMA27Feb20420PE.NFO,07/01/2020,11:09:40,12,12.3,2500,13.9,1250,0,10000
SUNPHARMA27Feb20420PE.NFO,07/01/2020,11:09:45,12,12.3,2500,14.4,1250,0,10000
SUNPHARMA27Feb20420PE.NFO,07/01/2020,11:09:49,12,12.3,2500,14.6,1250,0,10000
SUNPHARMA27Feb20420PE.NFO,07/01/2020,11:09:53,12,12.3,2500,14.2,1250,0,10000
SUNPHARMA27Feb20420PE.NFO,07/01/2020,11:09:57,12,12.35,1250,14.75,1250,0,10000
SUNPHARMA27Feb20420PE.NFO,07/01/2020,11:10:01,12,12.35,1250,14.3,1250,0,10000
SUNPHARMA27Feb20420PE.NFO,07/01/2020,11:10:06,12,12.35,2500,13.95,1250,0,10000
SUNPHARMA27Feb20420PE.NFO,07/01/2020,11:10:11,12,12.35,3750,14.4,1250,0,10000
SUNPHARMA27Feb20420PE.NFO,07/01/2020,11:10:16,12,12.35,2500,14.15,2500,0,10000
SUNPHARMA27Feb20420PE.NFO,07/01/2020,11:10:21,12,12.35,1250,14.35,1250,0,10000
SUNPHARMA27Feb20420PE.NFO,07/01/2020,11:10:25,12,12.35,1250,14,1250,0,10000
SUNPHARMA27Feb20420PE.NFO,07/01/2020,11:10:29,12,12.35,1250,14.4,1250,0,10000
SUNPHARMA27Feb20420PE.NFO,07/01/2020,11:10:36,12,12.35,1250,14.65,1250,0,10000
SUNPHARMA27Feb20420PE.NFO,07/01/2020,11:10:40,12,12.35,1250,14.5,1250,0,10000
SUNPHARMA27Feb20420PE.NFO,07/01/2020,11:10:43,12,12.35,1250,14.35,1250,0,10000
SUNPHARMA27Feb20420PE.NFO,07/01/2020,11:10:47,12,12.35,1250,14.05,1250,0,10000
SUNPHARMA27Feb20420PE.NFO,07/01/2020,11:10:50,12,12.35,1250,14.5,1250,0,10000
SUNPHARMA27Feb20420PE.NFO,07/01/2020,11:10:54,12,12.35,2500,14.2,1250,0,10000
SUNPHARMA27Feb20420PE.NFO,07/01/2020,11:10:57,12,12.35,2500,14.15,1250,0,10000
SUNPHARMA27Feb20420PE.NFO,07/01/2020,11:11:01,12,12.35,2500,13.9,1250,0,10000
SUNPHARMA27Feb20420PE.NFO,07/01/2020,11:11:05,12,12.35,2500,14,1250,0,10000
SUNPHARMA27Feb20420PE.NFO,07/01/2020,11:11:10,12,12.35,2500,13.6,1250,0,10000
SUNPHARMA27Feb20420PE.NFO,07/01/2020,11:11:15,12,12.35,2500,13.9,1250,0,10000
SUNPHARMA27Feb20420PE.NFO,07/01/2020,11:11:23,12,12.35,2500,14.5,1250,0,10000
SUNPHARMA27Feb20420PE.NFO,07/01/2020,11:11:31,12,12.45,2500,14.85,1250,0,10000
SUNPHARMA27Feb20420PE.NFO,07/01/2020,11:11:39,12,12.45,2500,13.3,1250,0,10000
SUNPHARMA27Feb20420PE.NFO,07/01/2020,11:11:59,12,12.45,2500,13.35,1250,0,10000
SUNPHARMA27Feb20420PE.NFO,07/01/2020,11:12:07,12,12.55,2500,13.45,1250,0,10000
SUNPHARMA27Feb20420PE.NFO,07/01/2020,11:12:22,12,12.55,2500,13.5,1250,0,10000
SUNPHARMA27Feb20420PE.NFO,07/01/2020,11:12:39,12,12.55,2500,13.45,1250,0,10000
SUNPHARMA27Feb20420PE.NFO,07/01/2020,11:12:44,12,12.55,2500,13.5,1250,0,10000
SUNPHARMA27Feb20420PE.NFO,07/01/2020,11:12:50,12,12.55,2500,13.45,1250,0,10000
SUNPHARMA27Feb20420PE.NFO,07/01/2020,11:12:55,12,12.55,2500,13.5,1250,0,10000
SUNPHARMA27Feb20420PE.NFO,07/01/2020,11:13:00,12,12.55,3750,13.5,1250,0,10000
SUNPHARMA27Feb20420PE.NFO,07/01/2020,11:13:05,12,12.75,2500,13.6,1250,0,10000
SUNPHARMA27Feb20420PE.NFO,07/01/2020,11:13:16,12,12.75,2500,13.7,1250,0,10000
SUNPHARMA27Feb20420PE.NFO,07/01/2020,11:13:21,12,12.75,2500,13.6,1250,0,10000
SUNPHARMA27Feb20420PE.NFO,07/01/2020,11:13:32,12,12.75,2500,13.65,1250,0,10000
SUNPHARMA27Feb20420PE.NFO,07/01/2020,11:13:39,12,13,6250,14.35,1250,0,10000
SUNPHARMA27Feb20420PE.NFO,07/01/2020,11:13:44,12,13,6250,14.55,1250,0,10000
SUNPHARMA27Feb20420PE.NFO,07/01/2020,11:13:50,12,12.95,6250,14.3,1250,0,10000
SUNPHARMA27Feb20420PE.NFO,07/01/2020,11:13:56,12,12.95,6250,14.35,1250,0,10000
SUNPHARMA27Feb20420PE.NFO,07/01/2020,11:14:01,12,12.9,6250,14.35,1250,0,10000
SUNPHARMA27Feb20420PE.NFO,07/01/2020,11:14:11,12,12.9,8750,14.35,1250,0,10000
SUNPHARMA27Feb20420PE.NFO,07/01/2020,11:14:16,12,12.9,6250,14.35,1250,0,10000
SUNPHARMA27Feb20420PE.NFO,07/01/2020,11:14:21,12,12.9,8750,14.35,1250,0,10000
SUNPHARMA27Feb20420PE.NFO,07/01/2020,11:14:26,12,12.9,6250,14.15,1250,0,10000
SUNPHARMA27Feb20420PE.NFO,07/01/2020,11:14:31,12,12.9,8750,14.45,1250,0,10000
SUNPHARMA27Feb20420PE.NFO,07/01/2020,11:14:36,12,12.9,6250,14.15,1250,0,10000
SUNPHARMA27Feb20420PE.NFO,07/01/2020,11:14:40,12,12.9,6250,14.25,1250,0,10000
SUNPHARMA27Feb20420PE.NFO,07/01/2020,11:14:45,12,12.9,8750,14.3,1250,0,10000
SUNPHARMA27Feb20420PE.NFO,07/01/2020,11:14:50,12,12.9,8750,14.25,1250,0,10000
SUNPHARMA27Feb20420PE.NFO,07/01/2020,11:14:54,12,12.9,8750,14.45,1250,0,10000
SUNPHARMA27Feb20420PE.NFO,07/01/2020,11:15:00,12,12.9,8750,14.25,1250,0,10000
SUNPHARMA27Feb20420PE.NFO,07/01/2020,11:15:07,12,13.15,8750,14.4,1250,0,10000
SUNPHARMA27Feb20420PE.NFO,07/01/2020,11:15:19,12,13.15,6250,14.4,1250,0,10000
SUNPHARMA27Feb20420PE.NFO,07/01/2020,11:15:35,12,13.15,6250,14.15,1250,0,10000
SUNPHARMA27Feb20420PE.NFO,07/01/2020,11:15:40,12,13.15,6250,14.55,1250,0,10000
SUNPHARMA27Feb20420PE.NFO,07/01/2020,11:15:44,12,13.15,6250,14.3,1250,0,10000
SUNPHARMA27Feb20420PE.NFO,07/01/2020,11:15:48,12,13.15,6250,14.55,1250,0,10000
SUNPHARMA27Feb20420PE.NFO,07/01/2020,11:15:52,12,13.15,6250,14.7,1250,0,10000
SUNPHARMA27Feb20420PE.NFO,07/01/2020,11:15:57,12,13.15,6250,14.5,1250,0,10000
SUNPHARMA27Feb20420PE.NFO,07/01/2020,11:16:02,12,13.15,6250,14.35,1250,0,10000
SUNPHARMA27Feb20420PE.NFO,07/01/2020,11:16:20,12,12.9,8750,14.35,1250,0,10000
SUNPHARMA27Feb20420PE.NFO,07/01/2020,11:16:52,12,12.9,2500,14.05,1250,0,10000
SUNPHARMA27Feb20420PE.NFO,07/01/2020,11:16:58,12,12.9,2500,13.65,1250,0,10000
SUNPHARMA27Feb20420PE.NFO,07/01/2020,11:17:24,12,12.7,2500,13.6,1250,0,10000
SUNPHARMA27Feb20420PE.NFO,07/01/2020,11:17:35,12,12.7,2500,13.5,1250,0,10000
SUNPHARMA27Feb20420PE.NFO,07/01/2020,11:17:53,12,12.7,2500,13.55,1250,0,10000
SUNPHARMA27Feb20420PE.NFO,07/01/2020,11:18:16,12,12.7,2500,13.6,1250,0,10000
SUNPHARMA27Feb20420PE.NFO,07/01/2020,11:18:30,12,12.7,2500,13.55,1250,0,10000
SUNPHARMA27Feb20420PE.NFO,07/01/2020,11:18:49,13.5,12.7,2500,14.75,1250,1250,15000
SUNPHARMA27Feb20420PE.NFO,07/01/2020,11:18:49,13.5,12.7,2500,14.75,1250,0,15000
SUNPHARMA27Feb20420PE.NFO,07/01/2020,11:19:02,13.5,12.7,2500,14.65,1250,0,15000
SUNPHARMA27Feb20420PE.NFO,07/01/2020,11:19:08,13.5,12.8,2500,15.15,2500,0,15000
SUNPHARMA27Feb20420PE.NFO,07/01/2020,11:19:13,13.5,12.9,1250,14.85,1250,0,15000
SUNPHARMA27Feb20420PE.NFO,07/01/2020,11:19:20,13.5,12.7,1250,14.95,1250,0,15000
SUNPHARMA27Feb20420PE.NFO,07/01/2020,11:19:29,13.5,13,3750,15.15,1250,0,15000
SUNPHARMA27Feb20420PE.NFO,07/01/2020,11:19:41,13.5,13.05,3750,15.35,1250,0,15000
SUNPHARMA27Feb20420PE.NFO,07/01/2020,11:19:47,13.5,13,3750,14.8,1250,0,15000
SUNPHARMA27Feb20420PE.NFO,07/01/2020,11:19:52,13.5,13.05,3750,15.2,1250,0,15000
SUNPHARMA27Feb20420PE.NFO,07/01/2020,11:19:56,13.5,13.05,2500,14.8,1250,0,15000
SUNPHARMA27Feb20420PE.NFO,07/01/2020,11:20:00,13.5,13.05,2500,15,1250,0,15000
SUNPHARMA27Feb20420PE.NFO,07/01/2020,11:20:05,13.5,13.05,2500,14.9,1250,0,15000
SUNPHARMA27Feb20420PE.NFO,07/01/2020,11:20:11,13.5,13,3750,14.7,1250,0,15000
SUNPHARMA27Feb20420PE.NFO,07/01/2020,11:20:17,13.5,12.95,2500,15,1250,0,15000
SUNPHARMA27Feb20420PE.NFO,07/01/2020,11:20:22,13.5,12.95,2500,14.8,1250,0,15000
SUNPHARMA27Feb20420PE.NFO,07/01/2020,11:20:27,13.5,12.85,3750,15.3,1250,0,15000
SUNPHARMA27Feb20420PE.NFO,07/01/2020,11:20:33,13.5,12.85,2500,14.7,1250,0,15000
SUNPHARMA27Feb20420PE.NFO,07/01/2020,11:20:38,13.5,12.85,2500,14.6,1250,0,15000
SUNPHARMA27Feb20420PE.NFO,07/01/2020,11:20:44,13.5,12.85,2500,15.2,1250,0,15000
SUNPHARMA27Feb20420PE.NFO,07/01/2020,11:20:49,13.5,12.7,3750,14.6,1250,0,15000
SUNPHARMA27Feb20420PE.NFO,07/01/2020,11:20:55,13.5,12.7,3750,15.2,1250,0,15000
SUNPHARMA27Feb20420PE.NFO,07/01/2020,11:21:01,13.5,12.7,3750,14.8,1250,0,15000
SUNPHARMA27Feb20420PE.NFO,07/01/2020,11:21:06,13.5,12.7,3750,14.5,1250,0,15000
SUNPHARMA27Feb20420PE.NFO,07/01/2020,11:21:11,13.5,12.7,3750,14.6,1250,0,15000
SUNPHARMA27Feb20420PE.NFO,07/01/2020,11:21:15,13.5,12.7,3750,15.1,1250,0,15000
SUNPHARMA27Feb20420PE.NFO,07/01/2020,11:21:20,13.5,12.7,3750,14.9,1250,0,15000
SUNPHARMA27Feb20420PE.NFO,07/01/2020,11:21:25,13.5,12.7,3750,14.7,1250,0,15000
SUNPHARMA27Feb20420PE.NFO,07/01/2020,11:21:35,13.5,12.8,2500,14.5,1250,0,15000
SUNPHARMA27Feb20420PE.NFO,07/01/2020,11:21:40,13.5,12.8,2500,15,1250,0,15000
SUNPHARMA27Feb20420PE.NFO,07/01/2020,11:21:49,13.5,12.75,3750,14.55,1250,0,15000
SUNPHARMA27Feb20420PE.NFO,07/01/2020,11:21:54,13.5,12.75,2500,14.65,1250,0,15000
SUNPHARMA27Feb20420PE.NFO,07/01/2020,11:21:58,13.5,12.75,3750,15.25,1250,0,15000
SUNPHARMA27Feb20420PE.NFO,07/01/2020,11:22:03,13.5,12.75,3750,14.95,1250,0,15000
SUNPHARMA27Feb20420PE.NFO,07/01/2020,11:22:07,13.5,12.8,3750,15.25,1250,0,15000
SUNPHARMA27Feb20420PE.NFO,07/01/2020,11:22:11,13.5,12.8,3750,14.75,1250,0,15000
SUNPHARMA27Feb20420PE.NFO,07/01/2020,11:22:12,13.5,12.8,3750,15.05,1250,0,15000
SUNPHARMA27Feb20420PE.NFO,07/01/2020,11:22:13,13.5,12.8,3750,14.45,1250,0,15000
SUNPHARMA27Feb20420PE.NFO,07/01/2020,11:22:14,13.5,12.8,2500,14.75,1250,0,15000
SUNPHARMA27Feb20420PE.NFO,07/01/2020,11:22:15,13.5,12.8,2500,14.45,1250,0,15000
SUNPHARMA27Feb20420PE.NFO,07/01/2020,11:22:16,13.5,12.8,2500,14.65,1250,0,15000
SUNPHARMA27Feb20420PE.NFO,07/01/2020,11:22:17,13.5,12.8,2500,14.55,1250,0,15000
SUNPHARMA27Feb20420PE.NFO,07/01/2020,11:22:18,13.5,12.8,2500,14.65,1250,0,15000
SUNPHARMA27Feb20420PE.NFO,07/01/2020,11:22:19,13.5,12.8,2500,15.15,1250,0,15000
SUNPHARMA27Feb20420PE.NFO,07/01/2020,11:22:20,13.5,12.8,3750,14.45,1250,0,15000
SUNPHARMA27Feb20420PE.NFO,07/01/2020,11:22:21,13.5,12.8,3750,14.65,1250,0,15000
SUNPHARMA27Feb20420PE.NFO,07/01/2020,11:22:22,13.5,12.8,3750,15.05,1250,0,15000
SUNPHARMA27Feb20420PE.NFO,07/01/2020,11:22:23,13.5,12.8,3750,14.55,1250,0,15000
SUNPHARMA27Feb20420PE.NFO,07/01/2020,11:22:24,13.5,12.8,3750,15.25,1250,0,15000
SUNPHARMA27Feb20420PE.NFO,07/01/2020,11:22:26,13.5,12.8,3750,15.15,1250,0,15000
SUNPHARMA27Feb20420PE.NFO,07/01/2020,11:22:27,13.5,12.8,2500,14.65,1250,0,15000
SUNPHARMA27Feb20420PE.NFO,07/01/2020,11:22:28,13.5,12.8,2500,15.15,2500,0,15000
SUNPHARMA27Feb20420PE.NFO,07/01/2020,11:22:29,13.5,12.8,2500,14.65,1250,0,15000
SUNPHARMA27Feb20420PE.NFO,07/01/2020,11:22:30,13.5,12.8,2500,15.05,1250,0,15000
SUNPHARMA27Feb20420PE.NFO,07/01/2020,11:22:31,13.5,12.8,2500,14.45,1250,0,15000
SUNPHARMA27Feb20420PE.NFO,07/01/2020,11:22:32,13.5,12.8,2500,14.75,1250,0,15000
SUNPHARMA27Feb20420PE.NFO,07/01/2020,11:22:33,13.5,12.8,2500,15.15,1250,0,15000
SUNPHARMA27Feb20420PE.NFO,07/01/2020,11:22:34,13.5,12.8,2500,14.85,1250,0,15000
SUNPHARMA27Feb20420PE.NFO,07/01/2020,11:22:35,13.5,12.8,2500,15.05,1250,0,15000
SUNPHARMA27Feb20420PE.NFO,07/01/2020,11:22:36,13.5,12.8,2500,14.75,1250,0,15000
SUNPHARMA27Feb20420PE.NFO,07/01/2020,11:22:37,13.5,12.8,2500,15.15,2500,0,15000
SUNPHARMA27Feb20420PE.NFO,07/01/2020,11:22:38,13.5,12.8,2500,14.75,1250,0,15000
SUNPHARMA27Feb20420PE.NFO,07/01/2020,11:22:40,13.5,12.8,2500,14.95,1250,0,15000
SUNPHARMA27Feb20420PE.NFO,07/01/2020,11:22:41,13.5,12.8,2500,14.45,1250,0,15000
SUNPHARMA27Feb20420PE.NFO,07/01/2020,11:22:42,13.5,12.8,2500,15.05,2500,0,15000
SUNPHARMA27Feb20420PE.NFO,07/01/2020,11:22:43,13.5,12.8,2500,14.65,2500,0,15000
SUNPHARMA27Feb20420PE.NFO,07/01/2020,11:22:44,13.5,12.8,2500,15.05,1250,0,15000
SUNPHARMA27Feb20420PE.NFO,07/01/2020,11:22:45,13.5,12.8,2500,14.65,1250,0,15000
SUNPHARMA27Feb20420PE.NFO,07/01/2020,11:22:46,13.5,12.8,2500,14.95,1250,0,15000
SUNPHARMA27Feb20420PE.NFO,07/01/2020,11:22:47,13.5,12.8,2500,14.45,1250,0,15000
SUNPHARMA27Feb20420PE.NFO,07/01/2020,11:22:48,13.5,12.8,2500,14.95,1250,0,15000
SUNPHARMA27Feb20420PE.NFO,07/01/2020,11:22:49,13.5,12.8,2500,14.65,1250,0,15000
SUNPHARMA27Feb20420PE.NFO,07/01/2020,11:22:50,13.5,12.8,2500,15.05,1250,0,15000
SUNPHARMA27Feb20420PE.NFO,07/01/2020,11:22:51,13.5,12.8,2500,14.45,1250,0,15000
SUNPHARMA27Feb20420PE.NFO,07/01/2020,11:22:52,13.5,12.8,2500,14.75,1250,0,15000
SUNPHARMA27Feb20420PE.NFO,07/01/2020,11:22:53,13.5,12.65,1250,15.15,1250,0,15000
SUNPHARMA27Feb20420PE.NFO,07/01/2020,11:22:54,13.5,12.75,3750,14.45,1250,0,15000
SUNPHARMA27Feb20420PE.NFO,07/01/2020,11:22:56,13.5,12.75,3750,14.95,1250,0,15000
SUNPHARMA27Feb20420PE.NFO,07/01/2020,11:22:57,13.5,12.75,3750,15.25,1250,0,15000
SUNPHARMA27Feb20420PE.NFO,07/01/2020,11:22:58,13.5,12.75,3750,14.75,1250,0,15000
SUNPHARMA27Feb20420PE.NFO,07/01/2020,11:22:59,13.5,12.75,3750,15.25,1250,0,15000
SUNPHARMA27Feb20420PE.NFO,07/01/2020,11:23:00,13.5,12.75,3750,14.95,1250,0,15000
SUNPHARMA27Feb20420PE.NFO,07/01/2020,11:23:01,13.5,12.75,3750,14.45,1250,0,15000
SUNPHARMA27Feb20420PE.NFO,07/01/2020,11:23:02,13.5,12.75,3750,14.95,1250,0,15000
SUNPHARMA27Feb20420PE.NFO,07/01/2020,11:23:03,13.5,12.75,3750,15.15,1250,0,15000
SUNPHARMA27Feb20420PE.NFO,07/01/2020,11:23:04,13.5,12.75,3750,14.65,1250,0,15000
SUNPHARMA27Feb20420PE.NFO,07/01/2020,11:23:05,13.5,12.75,3750,14.95,1250,0,15000
SUNPHARMA27Feb20420PE.NFO,07/01/2020,11:23:07,13.5,12.75,3750,14.55,1250,0,15000
SUNPHARMA27Feb20420PE.NFO,07/01/2020,11:23:08,13.5,12.75,3750,14.75,1250,0,15000
SUNPHARMA27Feb20420PE.NFO,07/01/2020,11:23:09,13.5,12.75,3750,14.65,1250,0,15000
SUNPHARMA27Feb20420PE.NFO,07/01/2020,11:23:10,13.5,12.75,3750,15.05,1250,0,15000
SUNPHARMA27Feb20420PE.NFO,07/01/2020,11:23:11,13.5,12.75,3750,15.15,1250,0,15000
SUNPHARMA27Feb20420PE.NFO,07/01/2020,11:23:12,13.5,12.75,3750,14.85,1250,0,15000
SUNPHARMA27Feb20420PE.NFO,07/01/2020,11:23:17,13.5,12.75,3750,15.05,1250,0,15000
SUNPHARMA27Feb20420PE.NFO,07/01/2020,11:23:22,13.5,12.75,3750,14.75,1250,0,15000
SUNPHARMA27Feb20420PE.NFO,07/01/2020,11:23:27,13.5,12.75,3750,15.05,1250,0,15000
SUNPHARMA27Feb20420PE.NFO,07/01/2020,11:23:31,13.5,12.55,3750,14.65,1250,0,15000
SUNPHARMA27Feb20420PE.NFO,07/01/2020,11:23:36,13.5,12.65,3750,14.95,1250,0,15000
SUNPHARMA27Feb20420PE.NFO,07/01/2020,11:23:41,13.5,12.65,3750,15.05,2500,0,15000
SUNPHARMA27Feb20420PE.NFO,07/01/2020,11:23:46,13.5,12.65,3750,14.65,1250,0,15000
SUNPHARMA27Feb20420PE.NFO,07/01/2020,11:23:50,13.5,12.65,3750,14.75,1250,0,15000
SUNPHARMA27Feb20420PE.NFO,07/01/2020,11:23:53,13.5,12.65,3750,14.45,1250,0,15000
SUNPHARMA27Feb20420PE.NFO,07/01/2020,11:23:57,13.5,12.6,3750,14.65,1250,0,15000
SUNPHARMA27Feb20420PE.NFO,07/01/2020,11:24:02,13.5,12.5,2500,14.85,2500,0,15000
SUNPHARMA27Feb20420PE.NFO,07/01/2020,11:24:07,13.5,12.5,3750,14.55,1250,0,15000
SUNPHARMA27Feb20420PE.NFO,07/01/2020,11:24:12,13.5,12.5,2500,14.35,1250,0,15000
SUNPHARMA27Feb20420PE.NFO,07/01/2020,11:24:17,13.5,12.45,3750,14.55,1250,0,15000
SUNPHARMA27Feb20420PE.NFO,07/01/2020,11:24:21,13.5,12.45,3750,14.25,1250,0,15000
SUNPHARMA27Feb20420PE.NFO,07/01/2020,11:24:26,13.5,12.45,3750,14.65,1250,0,15000
SUNPHARMA27Feb20420PE.NFO,07/01/2020,11:24:30,13.5,12.5,3750,14.25,1250,0,15000
SUNPHARMA27Feb20420PE.NFO,07/01/2020,11:24:35,13.5,12.5,3750,14.35,1250,0,15000
SUNPHARMA27Feb20420PE.NFO,07/01/2020,11:24:40,13.5,12.5,3750,14.5,1250,0,15000
SUNPHARMA27Feb20420PE.NFO,07/01/2020,11:24:45,13.5,12.5,3750,14.95,2500,0,15000
SUNPHARMA27Feb20420PE.NFO,07/01/2020,11:24:49,13.5,12.5,3750,14.35,1250,0,15000
SUNPHARMA27Feb20420PE.NFO,07/01/2020,11:24:54,13.5,12.5,3750,14.95,1250,0,15000
SUNPHARMA27Feb20420PE.NFO,07/01/2020,11:25:02,13.5,12.5,3750,14.35,1250,0,15000
SUNPHARMA27Feb20420PE.NFO,07/01/2020,11:25:08,13.5,12.55,3750,14.65,1250,0,15000
SUNPHARMA27Feb20420PE.NFO,07/01/2020,11:25:12,13.5,12.55,3750,14.75,1250,0,15000
SUNPHARMA27Feb20420PE.NFO,07/01/2020,11:25:16,13.5,12.55,2500,14.55,1250,0,15000
SUNPHARMA27Feb20420PE.NFO,07/01/2020,11:25:21,13.5,12.55,3750,14.95,1250,0,15000
SUNPHARMA27Feb20420PE.NFO,07/01/2020,11:25:32,13.5,12.55,3750,14.65,1250,0,15000
SUNPHARMA27Feb20420PE.NFO,07/01/2020,11:25:36,13.5,12.55,3750,14.95,1250,0,15000
SUNPHARMA27Feb20420PE.NFO,07/01/2020,11:25:40,13.5,12.55,2500,14.25,1250,0,15000
SUNPHARMA27Feb20420PE.NFO,07/01/2020,11:25:45,13.5,12.55,2500,14.65,1250,0,15000
SUNPHARMA27Feb20420PE.NFO,07/01/2020,11:25:51,13.5,12.55,2500,14.85,1250,0,15000
SUNPHARMA27Feb20420PE.NFO,07/01/2020,11:25:54,13.5,12.55,2500,14.65,1250,0,15000
SUNPHARMA27Feb20420PE.NFO,07/01/2020,11:25:58,13.5,12.55,2500,14.35,1250,0,15000
SUNPHARMA27Feb20420PE.NFO,07/01/2020,11:26:02,13.5,12.55,2500,14.65,1250,0,15000
SUNPHARMA27Feb20420PE.NFO,07/01/2020,11:26:05,13.5,12.55,2500,14.35,1250,0,15000
SUNPHARMA27Feb20420PE.NFO,07/01/2020,11:26:09,13.5,12.55,2500,14.65,1250,0,15000
SUNPHARMA27Feb20420PE.NFO,07/01/2020,11:26:13,13.5,12.55,2500,14.35,1250,0,15000
SUNPHARMA27Feb20420PE.NFO,07/01/2020,11:26:16,13.5,12.55,2500,14.75,1250,0,15000
SUNPHARMA27Feb20420PE.NFO,07/01/2020,11:26:19,13.5,12.55,2500,14.35,1250,0,15000
SUNPHARMA27Feb20420PE.NFO,07/01/2020,11:26:21,13.5,12.55,2500,14.65,1250,0,15000
SUNPHARMA27Feb20420PE.NFO,07/01/2020,11:26:26,13.5,12.55,2500,14.95,1250,0,15000
SUNPHARMA27Feb20420PE.NFO,07/01/2020,11:26:34,13.5,12.55,2500,14.35,1250,0,15000
SUNPHARMA27Feb20420PE.NFO,07/01/2020,11:26:38,13.5,12.5,2500,14.55,1250,0,15000
SUNPHARMA27Feb20420PE.NFO,07/01/2020,11:26:43,13.5,12.5,3750,14.35,1250,0,15000
SUNPHARMA27Feb20420PE.NFO,07/01/2020,11:26:48,13.5,12.5,2500,14.75,1250,0,15000
SUNPHARMA27Feb20420PE.NFO,07/01/2020,11:26:52,13.5,12.5,2500,14.95,1250,0,15000
SUNPHARMA27Feb20420PE.NFO,07/01/2020,11:26:56,13.5,12.5,3750,14.75,1250,0,15000
SUNPHARMA27Feb20420PE.NFO,07/01/2020,11:26:59,13.5,12.5,2500,14.55,1250,0,15000
SUNPHARMA27Feb20420PE.NFO,07/01/2020,11:27:03,13.5,12.5,2500,14.65,1250,0,15000
SUNPHARMA27Feb20420PE.NFO,07/01/2020,11:27:07,13.5,12.5,2500,14.95,1250,0,15000
SUNPHARMA27Feb20420PE.NFO,07/01/2020,11:27:09,13.5,12.5,2500,14.85,1250,0,15000
SUNPHARMA27Feb20420PE.NFO,07/01/2020,11:27:13,13.5,12.5,3750,14.55,1250,0,15000
SUNPHARMA27Feb20420PE.NFO,07/01/2020,11:27:16,13.5,12.5,3750,14.45,1250,0,15000
SUNPHARMA27Feb20420PE.NFO,07/01/2020,11:27:19,13.5,12.5,2500,14.3,1250,0,15000
SUNPHARMA27Feb20420PE.NFO,07/01/2020,11:27:23,13.5,12.55,3750,14.95,2500,0,15000
SUNPHARMA27Feb20420PE.NFO,07/01/2020,11:27:26,13.5,12.55,3750,14.7,1250,0,15000
SUNPHARMA27Feb20420PE.NFO,07/01/2020,11:27:29,13.5,12.55,3750,14.6,1250,0,15000
SUNPHARMA27Feb20420PE.NFO,07/01/2020,11:27:32,13.5,12.55,3750,14.5,1250,0,15000
SUNPHARMA27Feb20420PE.NFO,07/01/2020,11:27:34,13.5,12.55,3750,14.7,1250,0,15000
SUNPHARMA27Feb20420PE.NFO,07/01/2020,11:27:37,13.5,12.55,3750,15.25,1250,0,15000
SUNPHARMA27Feb20420PE.NFO,07/01/2020,11:27:40,13.5,12.55,3750,14.55,1250,0,15000
SUNPHARMA27Feb20420PE.NFO,07/01/2020,11:27:43,13.5,12.55,2500,15.05,3750,0,15000
SUNPHARMA27Feb20420PE.NFO,07/01/2020,11:27:45,13.5,12.55,2500,15.05,2500,0,15000
SUNPHARMA27Feb20420PE.NFO,07/01/2020,11:27:52,13.5,12.55,3750,14.25,1250,0,15000
SUNPHARMA27Feb20420PE.NFO,07/01/2020,11:27:56,13.5,12.55,2500,14.35,1250,0,15000
SUNPHARMA27Feb20420PE.NFO,07/01/2020,11:28:00,13.5,12.55,2500,14.85,1250,0,15000
SUNPHARMA27Feb20420PE.NFO,07/01/2020,11:28:03,13.5,12.55,2500,14.75,1250,0,15000
SUNPHARMA27Feb20420PE.NFO,07/01/2020,11:28:06,13.5,12.55,2500,14.45,1250,0,15000
SUNPHARMA27Feb20420PE.NFO,07/01/2020,11:28:10,13.5,12.55,2500,14.75,1250,0,15000
SUNPHARMA27Feb20420PE.NFO,07/01/2020,11:28:13,13.5,12.55,2500,14.25,1250,0,15000
SUNPHARMA27Feb20420PE.NFO,07/01/2020,11:28:17,13.5,12.55,2500,14.65,1250,0,15000
SUNPHARMA27Feb20420PE.NFO,07/01/2020,11:28:22,13.5,12.55,2500,14.85,1250,0,15000
SUNPHARMA27Feb20420PE.NFO,07/01/2020,11:28:25,13.5,12.55,2500,14.75,1250,0,15000
SUNPHARMA27Feb20420PE.NFO,07/01/2020,11:28:28,13.5,12.55,3750,14.2,1250,0,15000
SUNPHARMA27Feb20420PE.NFO,07/01/2020,11:28:31,13.5,12.55,3750,15.1,3750,0,15000
SUNPHARMA27Feb20420PE.NFO,07/01/2020,11:28:36,13.5,12.55,3750,14.6,1250,0,15000
SUNPHARMA27Feb20420PE.NFO,07/01/2020,11:28:38,13.5,12.55,2500,14.4,1250,0,15000
SUNPHARMA27Feb20420PE.NFO,07/01/2020,11:28:40,13.5,12.55,2500,14.2,1250,0,15000
SUNPHARMA27Feb20420PE.NFO,07/01/2020,11:28:42,13.5,12.55,3750,14.7,1250,0,15000
SUNPHARMA27Feb20420PE.NFO,07/01/2020,11:28:44,13.5,12.55,3750,14.8,1250,0,15000
SUNPHARMA27Feb20420PE.NFO,07/01/2020,11:28:46,13.5,12.55,2500,14.6,1250,0,15000
SUNPHARMA27Feb20420PE.NFO,07/01/2020,11:28:49,13.5,12.55,2500,14.2,1250,0,15000
SUNPHARMA27Feb20420PE.NFO,07/01/2020,11:28:52,13.5,12.55,2500,14.4,1250,0,15000
SUNPHARMA27Feb20420PE.NFO,07/01/2020,11:28:56,13.5,12.55,2500,14.8,1250,0,15000
SUNPHARMA27Feb20420PE.NFO,07/01/2020,11:29:00,13.5,12.55,2500,14.7,1250,0,15000
SUNPHARMA27Feb20420PE.NFO,07/01/2020,11:29:04,13.5,12.55,3750,14.9,1250,0,15000
SUNPHARMA27Feb20420PE.NFO,07/01/2020,11:29:08,13.5,12.55,3750,14.8,1250,0,15000
SUNPHARMA27Feb20420PE.NFO,07/01/2020,11:29:12,13.5,12.55,3750,14.3,1250,0,15000
SUNPHARMA27Feb20420PE.NFO,07/01/2020,11:29:19,13.5,12.55,3750,14.2,1250,0,15000
SUNPHARMA27Feb20420PE.NFO,07/01/2020,11:29:22,13.5,12.55,3750,14.3,1250,0,15000
SUNPHARMA27Feb20420PE.NFO,07/01/2020,11:29:26,13.5,12.55,2500,14.4,1250,0,15000
SUNPHARMA27Feb20420PE.NFO,07/01/2020,11:29:30,13.5,12.55,2500,15,3750,0,15000
SUNPHARMA27Feb20420PE.NFO,07/01/2020,11:29:34,13.5,12.55,2500,14.2,1250,0,15000
SUNPHARMA27Feb20420PE.NFO,07/01/2020,11:29:37,13.5,12.55,2500,14.9,1250,0,15000
SUNPHARMA27Feb20420PE.NFO,07/01/2020,11:29:40,13.5,12.55,2500,14.2,1250,0,15000
SUNPHARMA27Feb20420PE.NFO,07/01/2020,11:29:43,13.5,12.55,3750,15,1250,0,15000
SUNPHARMA27Feb20420PE.NFO,07/01/2020,11:29:47,13.5,12.55,3750,14.4,1250,0,15000
SUNPHARMA27Feb20420PE.NFO,07/01/2020,11:29:51,13.5,12.55,3750,14.9,1250,0,15000
SUNPHARMA27Feb20420PE.NFO,07/01/2020,11:29:54,13.5,12.55,2500,14.7,1250,0,15000
SUNPHARMA27Feb20420PE.NFO,07/01/2020,11:29:57,13.5,12.55,2500,14.5,1250,0,15000
SUNPHARMA27Feb20420PE.NFO,07/01/2020,11:30:08,13.5,12.55,2500,14.3,1250,0,15000
SUNPHARMA27Feb20420PE.NFO,07/01/2020,11:30:11,13.5,12.55,2500,14.6,1250,0,15000
SUNPHARMA27Feb20420PE.NFO,07/01/2020,11:30:15,13.5,12.55,2500,14.8,1250,0,15000
SUNPHARMA27Feb20420PE.NFO,07/01/2020,11:30:19,13.5,12.55,2500,14.6,1250,0,15000
SUNPHARMA27Feb20420PE.NFO,07/01/2020,11:30:24,13.5,12.55,2500,14.9,1250,0,15000
SUNPHARMA27Feb20420PE.NFO,07/01/2020,11:30:29,13.5,12.55,2500,14.6,1250,0,15000
SUNPHARMA27Feb20420PE.NFO,07/01/2020,11:30:32,13.5,12.55,2500,14.3,1250,0,15000
SUNPHARMA27Feb20420PE.NFO,07/01/2020,11:30:36,13.5,12.55,2500,14.6,1250,0,15000
SUNPHARMA27Feb20420PE.NFO,07/01/2020,11:30:39,13.5,12.55,2500,14.4,1250,0,15000
SUNPHARMA27Feb20420PE.NFO,07/01/2020,11:30:42,13.5,12.55,3750,14.4,1250,0,15000
SUNPHARMA27Feb20420PE.NFO,07/01/2020,11:30:45,13.5,12.55,2500,14.4,1250,0,15000
SUNPHARMA27Feb20420PE.NFO,07/01/2020,11:30:48,13.5,12.55,3750,14.9,1250,0,15000
SUNPHARMA27Feb20420PE.NFO,07/01/2020,11:30:51,13.5,12.55,3750,15,1250,0,15000
SUNPHARMA27Feb20420PE.NFO,07/01/2020,11:30:54,13.5,12.55,3750,15.1,2500,0,15000
SUNPHARMA27Feb20420PE.NFO,07/01/2020,11:30:56,13.5,12.55,3750,14.4,1250,0,15000
SUNPHARMA27Feb20420PE.NFO,07/01/2020,11:31:00,13.5,12.55,3750,14.5,1250,0,15000
SUNPHARMA27Feb20420PE.NFO,07/01/2020,11:31:07,13.5,12.55,3750,14.8,1250,0,15000
SUNPHARMA27Feb20420PE.NFO,07/01/2020,11:31:13,13.5,12.55,3750,14.55,1250,0,15000
SUNPHARMA27Feb20420PE.NFO,07/01/2020,11:31:18,13.5,12.55,3750,14.85,1250,0,15000
SUNPHARMA27Feb20420PE.NFO,07/01/2020,11:31:28,13.5,12.55,2500,14.95,1250,0,15000
SUNPHARMA27Feb20420PE.NFO,07/01/2020,11:31:32,13.5,12.55,2500,14.65,1250,0,15000
SUNPHARMA27Feb20420PE.NFO,07/01/2020,11:31:36,13.5,12.55,2500,14.45,1250,0,15000
SUNPHARMA27Feb20420PE.NFO,07/01/2020,11:31:40,13.5,12.55,2500,14.65,1250,0,15000
SUNPHARMA27Feb20420PE.NFO,07/01/2020,11:31:45,13.5,12.55,2500,14.25,1250,0,15000
SUNPHARMA27Feb20420PE.NFO,07/01/2020,11:31:50,13.5,12.55,2500,15,1250,0,15000
SUNPHARMA27Feb20420PE.NFO,07/01/2020,11:31:56,13.5,12.55,2500,14.3,1250,0,15000
SUNPHARMA27Feb20420PE.NFO,07/01/2020,11:32:02,13.5,12.55,2500,14.7,1250,0,15000
SUNPHARMA27Feb20420PE.NFO,07/01/2020,11:32:08,13.5,12.55,2500,14.9,1250,0,15000
SUNPHARMA27Feb20420PE.NFO,07/01/2020,11:32:13,13.5,12.55,2500,14.15,1250,0,15000
SUNPHARMA27Feb20420PE.NFO,07/01/2020,11:32:18,13.5,12.55,2500,14.9,1250,0,15000
SUNPHARMA27Feb20420PE.NFO,07/01/2020,11:32:23,13.5,12.55,2500,15,1250,0,15000
SUNPHARMA27Feb20420PE.NFO,07/01/2020,11:32:28,13.5,12.55,2500,14.5,1250,0,15000
SUNPHARMA27Feb20420PE.NFO,07/01/2020,11:32:33,13.5,12.55,2500,14.4,1250,0,15000
SUNPHARMA27Feb20420PE.NFO,07/01/2020,11:32:38,13.5,12.55,2500,14.3,1250,0,15000
SUNPHARMA27Feb20420PE.NFO,07/01/2020,11:32:42,13.5,12.55,2500,14.95,1250,0,15000
SUNPHARMA27Feb20420PE.NFO,07/01/2020,11:32:46,13.5,12.55,2500,14.7,1250,0,15000
SUNPHARMA27Feb20420PE.NFO,07/01/2020,11:32:50,13.5,12.55,2500,14.45,1250,0,15000
SUNPHARMA27Feb20420PE.NFO,07/01/2020,11:32:54,13.5,12.55,2500,14.35,1250,0,15000
SUNPHARMA27Feb20420PE.NFO,07/01/2020,11:32:58,13.5,12.55,2500,14.75,1250,0,15000
SUNPHARMA27Feb20420PE.NFO,07/01/2020,11:33:02,13.5,12.55,2500,14.25,1250,0,15000
SUNPHARMA27Feb20420PE.NFO,07/01/2020,11:33:06,13.5,12.55,2500,14.85,1250,0,15000
SUNPHARMA27Feb20420PE.NFO,07/01/2020,11:33:12,13.5,12.55,2500,14.35,1250,0,15000
SUNPHARMA27Feb20420PE.NFO,07/01/2020,11:33:13,13.5,12.2,1250,14.55,1250,0,15000
SUNPHARMA27Feb20420PE.NFO,07/01/2020,11:33:15,13.5,12.4,3750,14.75,1250,0,15000
SUNPHARMA27Feb20420PE.NFO,07/01/2020,11:33:15,13.5,12.4,3750,14.45,1250,0,15000
SUNPHARMA27Feb20420PE.NFO,07/01/2020,11:33:17,13.5,12.4,3750,14.35,1250,0,15000
SUNPHARMA27Feb20420PE.NFO,07/01/2020,11:33:18,13.5,12.4,3750,14.25,1250,0,15000
SUNPHARMA27Feb20420PE.NFO,07/01/2020,11:33:18,13.5,12.4,3750,14.75,1250,0,15000
SUNPHARMA27Feb20420PE.NFO,07/01/2020,11:33:19,13.5,12.4,2500,14.65,1250,0,15000
SUNPHARMA27Feb20420PE.NFO,07/01/2020,11:33:20,13.5,12.4,2500,14.75,1250,0,15000
SUNPHARMA27Feb20420PE.NFO,07/01/2020,11:33:21,13.5,12.4,2500,14.85,1250,0,15000
SUNPHARMA27Feb20420PE.NFO,07/01/2020,11:33:22,13.5,12.4,2500,14.25,1250,0,15000
SUNPHARMA27Feb20420PE.NFO,07/01/2020,11:33:25,13.5,12.4,2500,14.85,1250,0,15000
SUNPHARMA27Feb20420PE.NFO,07/01/2020,11:33:26,13.5,12.4,2500,14.25,1250,0,15000
SUNPHARMA27Feb20420PE.NFO,07/01/2020,11:33:26,13.5,12.4,2500,14.45,1250,0,15000
SUNPHARMA27Feb20420PE.NFO,07/01/2020,11:33:28,13.5,12.4,2500,14.35,1250,0,15000
SUNPHARMA27Feb20420PE.NFO,07/01/2020,11:33:29,13.5,12.4,2500,14.15,1250,0,15000
SUNPHARMA27Feb20420PE.NFO,07/01/2020,11:33:30,13.5,12.4,2500,14.25,1250,0,15000
SUNPHARMA27Feb20420PE.NFO,07/01/2020,11:33:32,13.5,12.4,2500,14.15,1250,0,15000
SUNPHARMA27Feb20420PE.NFO,07/01/2020,11:33:33,13.5,12.4,2500,14.75,1250,0,15000
SUNPHARMA27Feb20420PE.NFO,07/01/2020,11:33:34,13.5,12.4,2500,14.65,1250,0,15000
SUNPHARMA27Feb20420PE.NFO,07/01/2020,11:33:36,13.5,12.4,2500,14.25,1250,0,15000
SUNPHARMA27Feb20420PE.NFO,07/01/2020,11:33:36,13.5,12.4,2500,14.05,1250,0,15000
SUNPHARMA27Feb20420PE.NFO,07/01/2020,11:33:37,13.5,12.4,2500,15.2,8750,0,15000
SUNPHARMA27Feb20420PE.NFO,07/01/2020,11:33:38,13.5,12.4,2500,14.55,1250,0,15000
SUNPHARMA27Feb20420PE.NFO,07/01/2020,11:33:39,13.5,12.4,2500,14.45,1250,0,15000
SUNPHARMA27Feb20420PE.NFO,07/01/2020,11:33:40,13.5,12.4,2500,14.35,1250,0,15000
SUNPHARMA27Feb20420PE.NFO,07/01/2020,11:33:41,13.5,12.4,2500,14.25,1250,0,15000
SUNPHARMA27Feb20420PE.NFO,07/01/2020,11:33:42,13.5,12.4,2500,14.45,1250,0,15000
SUNPHARMA27Feb20420PE.NFO,07/01/2020,11:33:43,13.5,12.4,2500,14.65,1250,0,15000
SUNPHARMA27Feb20420PE.NFO,07/01/2020,11:33:44,13.5,12.4,2500,14.05,1250,0,15000
SUNPHARMA27Feb20420PE.NFO,07/01/2020,11:33:45,13.5,12.4,2500,14.15,1250,0,15000
SUNPHARMA27Feb20420PE.NFO,07/01/2020,11:33:47,13.5,12.3,1250,14.25,1250,0,15000
SUNPHARMA27Feb20420PE.NFO,07/01/2020,11:33:48,13.5,12.3,2500,14.65,1250,0,15000
SUNPHARMA27Feb20420PE.NFO,07/01/2020,11:33:49,13.5,12.3,1250,14.15,1250,0,15000
SUNPHARMA27Feb20420PE.NFO,07/01/2020,11:33:53,13.5,12.3,1250,14.75,1250,0,15000
SUNPHARMA27Feb20420PE.NFO,07/01/2020,11:33:55,13.5,12.25,1250,14.45,1250,0,15000
SUNPHARMA27Feb20420PE.NFO,07/01/2020,11:33:56,13.5,12.25,1250,14.75,1250,0,15000
SUNPHARMA27Feb20420PE.NFO,07/01/2020,11:33:57,13.5,12.25,1250,14.15,1250,0,15000
SUNPHARMA27Feb20420PE.NFO,07/01/2020,11:33:58,13.5,12.35,1250,14.55,1250,0,15000
SUNPHARMA27Feb20420PE.NFO,07/01/2020,11:34:00,13.5,12.25,1250,14.35,1250,0,15000
SUNPHARMA27Feb20420PE.NFO,07/01/2020,11:34:00,13.5,12.25,1250,14.45,1250,0,15000
SUNPHARMA27Feb20420PE.NFO,07/01/2020,11:34:01,13.5,12.25,1250,14.75,1250,0,15000
SUNPHARMA27Feb20420PE.NFO,07/01/2020,11:34:02,13.5,12.25,1250,14.65,1250,0,15000
SUNPHARMA27Feb20420PE.NFO,07/01/2020,11:34:03,13.5,12.25,1250,14.75,1250,0,15000
SUNPHARMA27Feb20420PE.NFO,07/01/2020,11:34:05,13.5,12.25,1250,14.15,1250,0,15000
SUNPHARMA27Feb20420PE.NFO,07/01/2020,11:34:06,13.5,12.25,1250,14.35,1250,0,15000
SUNPHARMA27Feb20420PE.NFO,07/01/2020,11:34:07,13.5,12.25,1250,14.55,1250,0,15000
SUNPHARMA27Feb20420PE.NFO,07/01/2020,11:34:08,13.5,12.25,1250,14.15,1250,0,15000
SUNPHARMA27Feb20420PE.NFO,07/01/2020,11:34:09,13.5,12.25,1250,14.45,1250,0,15000
SUNPHARMA27Feb20420PE.NFO,07/01/2020,11:34:11,13.5,12.25,1250,14.35,1250,0,15000
SUNPHARMA27Feb20420PE.NFO,07/01/2020,11:34:11,13.5,12.25,1250,14.75,1250,0,15000
SUNPHARMA27Feb20420PE.NFO,07/01/2020,11:34:20,13.5,12.25,1250,14.45,1250,0,15000
SUNPHARMA27Feb20420PE.NFO,07/01/2020,11:34:32,13.5,12.25,1250,14.75,1250,0,15000
SUNPHARMA27Feb20420PE.NFO,07/01/2020,11:34:39,13.5,12.35,1250,14.15,1250,0,15000
SUNPHARMA27Feb20420PE.NFO,07/01/2020,11:34:45,13.5,12.25,1250,14.05,1250,0,15000
SUNPHARMA27Feb20420PE.NFO,07/01/2020,11:34:51,13.5,12.35,1250,14.55,1250,0,15000
SUNPHARMA27Feb20420PE.NFO,07/01/2020,11:34:57,13.5,12.35,1250,14.05,1250,0,15000
SUNPHARMA27Feb20420PE.NFO,07/01/2020,11:35:03,13.5,12.25,1250,14.05,1250,0,15000
SUNPHARMA27Feb20420PE.NFO,07/01/2020,11:35:09,13.5,12.3,1250,14.35,1250,0,15000
SUNPHARMA27Feb20420PE.NFO,07/01/2020,11:35:15,13.5,12.25,1250,14.05,1250,0,15000
SUNPHARMA27Feb20420PE.NFO,07/01/2020,11:35:22,13.5,12.25,2500,14.55,1250,0,15000
SUNPHARMA27Feb20420PE.NFO,07/01/2020,11:35:28,13.5,12.3,1250,14.6,1250,0,15000
SUNPHARMA27Feb20420PE.NFO,07/01/2020,11:35:33,13.5,12.1,2500,14.3,1250,0,15000
SUNPHARMA27Feb20420PE.NFO,07/01/2020,11:35:40,13.5,12.2,1250,14.25,1250,0,15000
SUNPHARMA27Feb20420PE.NFO,07/01/2020,11:35:46,13.5,12.25,1250,14.15,1250,0,15000
SUNPHARMA27Feb20420PE.NFO,07/01/2020,11:35:52,13.5,12.3,1250,14.25,1250,0,15000
SUNPHARMA27Feb20420PE.NFO,07/01/2020,11:35:57,13.5,12.25,1250,14.45,1250,0,15000
SUNPHARMA27Feb20420PE.NFO,07/01/2020,11:36:02,13.5,12.15,1250,14.35,1250,0,15000
SUNPHARMA27Feb20420PE.NFO,07/01/2020,11:36:07,13.5,12.25,1250,14.75,1250,0,15000
SUNPHARMA27Feb20420PE.NFO,07/01/2020,11:36:11,13.5,12.1,1250,14.35,1250,0,15000
SUNPHARMA27Feb20420PE.NFO,07/01/2020,11:36:16,13.5,12.25,1250,14.55,1250,0,15000
SUNPHARMA27Feb20420PE.NFO,07/01/2020,11:36:21,13.5,12.25,1250,14,1250,0,15000
SUNPHARMA27Feb20420PE.NFO,07/01/2020,11:36:26,13.5,12.25,1250,14.15,1250,0,15000
SUNPHARMA27Feb20420PE.NFO,07/01/2020,11:36:32,13.5,12.2,1250,14.55,1250,0,15000
SUNPHARMA27Feb20420PE.NFO,07/01/2020,11:36:37,13.5,12.2,1250,14.35,1250,0,15000
SUNPHARMA27Feb20420PE.NFO,07/01/2020,11:36:42,13.5,12.25,1250,14.65,1250,0,15000
SUNPHARMA27Feb20420PE.NFO,07/01/2020,11:36:48,13.5,12.2,1250,14.35,1250,0,15000
SUNPHARMA27Feb20420PE.NFO,07/01/2020,11:36:54,13.5,12.1,2500,14.85,1250,0,15000
SUNPHARMA27Feb20420PE.NFO,07/01/2020,11:37:01,13.5,12.2,1250,14.55,1250,0,15000
SUNPHARMA27Feb20420PE.NFO,07/01/2020,11:37:07,13.5,12.25,1250,14.9,1250,0,15000
SUNPHARMA27Feb20420PE.NFO,07/01/2020,11:37:12,13.5,12.2,1250,14.7,3750,0,15000
SUNPHARMA27Feb20420PE.NFO,07/01/2020,11:37:12,13.5,12.2,1250,14.4,1250,0,15000
SUNPHARMA27Feb20420PE.NFO,07/01/2020,11:37:13,13.5,12.2,1250,14.1,1250,0,15000
SUNPHARMA27Feb20420PE.NFO,07/01/2020,11:37:14,13.5,12.25,2500,14.7,2500,0,15000
SUNPHARMA27Feb20420PE.NFO,07/01/2020,11:37:15,13.5,12.25,2500,14.4,2500,0,15000
SUNPHARMA27Feb20420PE.NFO,07/01/2020,11:37:17,13.5,12.1,5000,14,1250,0,15000
SUNPHARMA27Feb20420PE.NFO,07/01/2020,11:37:17,13.5,12.25,1250,14.5,1250,0,15000
SUNPHARMA27Feb20420PE.NFO,07/01/2020,11:37:19,13.5,12.25,1250,14.7,1250,0,15000
SUNPHARMA27Feb20420PE.NFO,07/01/2020,11:37:19,13.5,12.1,1250,14.4,1250,0,15000
SUNPHARMA27Feb20420PE.NFO,07/01/2020,11:37:20,13.5,12.25,1250,14.6,1250,0,15000
SUNPHARMA27Feb20420PE.NFO,07/01/2020,11:37:21,13.5,12.25,1250,14.1,1250,0,15000
SUNPHARMA27Feb20420PE.NFO,07/01/2020,11:37:22,13.5,12.05,1250,14.4,1250,0,15000
SUNPHARMA27Feb20420PE.NFO,07/01/2020,11:37:23,13.5,12.2,2500,14.7,1250,0,15000
SUNPHARMA27Feb20420PE.NFO,07/01/2020,11:37:24,13.5,12.2,2500,14.2,1250,0,15000
SUNPHARMA27Feb20420PE.NFO,07/01/2020,11:37:25,13.5,12.1,1250,14.5,1250,0,15000
SUNPHARMA27Feb20420PE.NFO,07/01/2020,11:37:26,13.5,12.2,2500,14.1,1250,0,15000
SUNPHARMA27Feb20420PE.NFO,07/01/2020,11:37:27,13.5,12.2,1250,14.4,2500,0,15000
SUNPHARMA27Feb20420PE.NFO,07/01/2020,11:37:28,13.5,12.2,2500,14,1250,0,15000
SUNPHARMA27Feb20420PE.NFO,07/01/2020,11:37:29,13.5,12.2,1250,14.4,1250,0,15000
SUNPHARMA27Feb20420PE.NFO,07/01/2020,11:37:30,13.5,12.2,2500,14.1,2500,0,15000
SUNPHARMA27Feb20420PE.NFO,07/01/2020,11:37:31,13.5,12.1,3750,14.5,1250,0,15000
SUNPHARMA27Feb20420PE.NFO,07/01/2020,11:37:32,13.5,12.15,1250,14.2,1250,0,15000
SUNPHARMA27Feb20420PE.NFO,07/01/2020,11:37:33,13.5,12.1,2500,14.2,1250,0,15000
SUNPHARMA27Feb20420PE.NFO,07/01/2020,11:37:34,13.5,12.25,1250,14,1250,0,15000
SUNPHARMA27Feb20420PE.NFO,07/01/2020,11:37:35,13.5,12.25,2500,14.1,1250,0,15000
SUNPHARMA27Feb20420PE.NFO,07/01/2020,11:37:36,13.5,12.25,1250,14.5,1250,0,15000
SUNPHARMA27Feb20420PE.NFO,07/01/2020,11:37:37,13.5,12.25,2500,14.1,1250,0,15000
SUNPHARMA27Feb20420PE.NFO,07/01/2020,11:37:38,13.5,12.1,1250,14.5,2500,0,15000
SUNPHARMA27Feb20420PE.NFO,07/01/2020,11:37:39,13.5,12.2,1250,14.2,2500,0,15000
SUNPHARMA27Feb20420PE.NFO,07/01/2020,11:37:40,13.5,12.2,2500,14.6,1250,0,15000
SUNPHARMA27Feb20420PE.NFO,07/01/2020,11:37:41,13.5,12.1,1250,14.2,1250,0,15000
SUNPHARMA27Feb20420PE.NFO,07/01/2020,11:37:42,13.5,12.2,2500,14.7,1250,0,15000
SUNPHARMA27Feb20420PE.NFO,07/01/2020,11:37:43,13.5,12.2,1250,14.3,1250,0,15000
SUNPHARMA27Feb20420PE.NFO,07/01/2020,11:37:44,13.5,12.2,2500,14.6,1250,0,15000
SUNPHARMA27Feb20420PE.NFO,07/01/2020,11:37:45,13.5,12.2,2500,14.1,1250,0,15000
SUNPHARMA27Feb20420PE.NFO,07/01/2020,11:37:46,13.5,12.2,2500,14.4,1250,0,15000
SUNPHARMA27Feb20420PE.NFO,07/01/2020,11:37:48,13.5,12.2,1250,14.5,1250,0,15000
SUNPHARMA27Feb20420PE.NFO,07/01/2020,11:37:49,13.5,12.2,1250,14.2,1250,0,15000
SUNPHARMA27Feb20420PE.NFO,07/01/2020,11:37:49,13.5,12.2,2500,14.1,1250,0,15000
SUNPHARMA27Feb20420PE.NFO,07/01/2020,11:37:50,13.5,12.2,1250,14.3,1250,0,15000
SUNPHARMA27Feb20420PE.NFO,07/01/2020,11:37:51,13.5,12.1,1250,14.7,1250,0,15000
SUNPHARMA27Feb20420PE.NFO,07/01/2020,11:37:52,13.5,12.2,2500,14.4,1250,0,15000
SUNPHARMA27Feb20420PE.NFO,07/01/2020,11:37:53,13.5,12.2,1250,14.7,1250,0,15000
SUNPHARMA27Feb20420PE.NFO,07/01/2020,11:37:54,13.5,12.1,1250,14.3,1250,0,15000
SUNPHARMA27Feb20420PE.NFO,07/01/2020,11:37:55,13.5,12.25,2500,15.15,13750,0,15000
SUNPHARMA27Feb20420PE.NFO,07/01/2020,11:37:57,13.5,12.25,1250,14.55,2500,0,15000
SUNPHARMA27Feb20420PE.NFO,07/01/2020,11:37:57,13.5,12.25,1250,14.25,1250,0,15000
SUNPHARMA27Feb20420PE.NFO,07/01/2020,11:37:58,13.5,12.15,1250,14.45,1250,0,15000
SUNPHARMA27Feb20420PE.NFO,07/01/2020,11:38:00,13.5,12.15,1250,14.65,1250,0,15000
SUNPHARMA27Feb20420PE.NFO,07/01/2020,11:38:01,13.5,12.15,1250,14.55,1250,0,15000
SUNPHARMA27Feb20420PE.NFO,07/01/2020,11:38:02,13.5,12.3,1250,14.15,1250,0,15000
SUNPHARMA27Feb20420PE.NFO,07/01/2020,11:38:03,13.5,12.15,1250,14.05,1250,0,15000
SUNPHARMA27Feb20420PE.NFO,07/01/2020,11:38:04,13.5,12.25,1250,14.55,1250,0,15000
SUNPHARMA27Feb20420PE.NFO,07/01/2020,11:38:05,13.5,12.15,1250,14.35,1250,0,15000
SUNPHARMA27Feb20420PE.NFO,07/01/2020,11:38:06,13.5,12.25,1250,14.45,1250,0,15000
SUNPHARMA27Feb20420PE.NFO,07/01/2020,11:38:08,13.5,12.25,1250,14.15,1250,0,15000
SUNPHARMA27Feb20420PE.NFO,07/01/2020,11:38:08,13.5,12.25,2500,14.45,1250,0,15000
SUNPHARMA27Feb20420PE.NFO,07/01/2020,11:38:09,13.5,12.3,1250,14.45,1250,0,15000
SUNPHARMA27Feb20420PE.NFO,07/01/2020,11:38:10,13.5,12.25,1250,14.55,1250,0,15000
SUNPHARMA27Feb20420PE.NFO,07/01/2020,11:38:11,13.5,12.2,1250,14.25,1250,0,15000
SUNPHARMA27Feb20420PE.NFO,07/01/2020,11:38:12,13.5,12.2,1250,14.15,1250,0,15000
SUNPHARMA27Feb20420PE.NFO,07/01/2020,11:38:13,13.5,12.2,1250,14.45,1250,0,15000
SUNPHARMA27Feb20420PE.NFO,07/01/2020,11:38:14,13.5,12.2,1250,14.15,1250,0,15000
SUNPHARMA27Feb20420PE.NFO,07/01/2020,11:38:15,13.5,12.2,1250,14.25,1250,0,15000
SUNPHARMA27Feb20420PE.NFO,07/01/2020,11:38:17,13.5,12.3,1250,14.45,1250,0,15000
SUNPHARMA27Feb20420PE.NFO,07/01/2020,11:38:17,13.5,12.3,1250,14.35,1250,0,15000
SUNPHARMA27Feb20420PE.NFO,07/01/2020,11:38:18,13.5,12.3,1250,14.25,1250,0,15000
SUNPHARMA27Feb20420PE.NFO,07/01/2020,11:38:19,13.5,12.2,1250,14.15,1250,0,15000
SUNPHARMA27Feb20420PE.NFO,07/01/2020,11:38:20,13.5,12.2,1250,14.05,1250,0,15000
SUNPHARMA27Feb20420PE.NFO,07/01/2020,11:38:21,13.5,12.3,2500,14.25,1250,0,15000
SUNPHARMA27Feb20420PE.NFO,07/01/2020,11:38:22,13.5,12.2,1250,14.25,1250,0,15000
SUNPHARMA27Feb20420PE.NFO,07/01/2020,11:38:23,13.5,12.2,1250,14.35,1250,0,15000
SUNPHARMA27Feb20420PE.NFO,07/01/2020,11:38:24,13.5,12.3,2500,14.55,1250,0,15000
SUNPHARMA27Feb20420PE.NFO,07/01/2020,11:38:25,13.5,12.2,1250,14.15,1250,0,15000
SUNPHARMA27Feb20420PE.NFO,07/01/2020,11:38:26,13.5,12.3,2500,14.35,1250,0,15000
SUNPHARMA27Feb20420PE.NFO,07/01/2020,11:38:28,13.5,12.2,1250,14.55,1250,0,15000
SUNPHARMA27Feb20420PE.NFO,07/01/2020,11:38:29,13.5,12.2,1250,14.85,2500,0,15000
SUNPHARMA27Feb20420PE.NFO,07/01/2020,11:38:29,13.5,12.2,1250,14.65,1250,0,15000
SUNPHARMA27Feb20420PE.NFO,07/01/2020,11:38:30,13.5,12.3,2500,14.35,1250,0,15000
SUNPHARMA27Feb20420PE.NFO,07/01/2020,11:38:31,13.5,12.2,1250,14.65,1250,0,15000
SUNPHARMA27Feb20420PE.NFO,07/01/2020,11:38:33,13.5,12.3,2500,14.75,1250,0,15000
SUNPHARMA27Feb20420PE.NFO,07/01/2020,11:38:33,13.5,12.3,1250,14.45,1250,0,15000
SUNPHARMA27Feb20420PE.NFO,07/01/2020,11:38:34,13.5,12.3,1250,14.15,1250,0,15000
SUNPHARMA27Feb20420PE.NFO,07/01/2020,11:38:35,13.5,12.3,2500,14.35,1250,0,15000
SUNPHARMA27Feb20420PE.NFO,07/01/2020,11:38:36,13.5,12.3,2500,14.55,1250,0,15000
SUNPHARMA27Feb20420PE.NFO,07/01/2020,11:38:37,13.5,12.2,1250,14.75,1250,0,15000
SUNPHARMA27Feb20420PE.NFO,07/01/2020,11:38:38,13.5,12.3,2500,14.15,1250,0,15000
SUNPHARMA27Feb20420PE.NFO,07/01/2020,11:38:39,13.5,12.2,1250,14.45,1250,0,15000
SUNPHARMA27Feb20420PE.NFO,07/01/2020,11:38:40,13.5,12.2,1250,14.75,1250,0,15000
SUNPHARMA27Feb20420PE.NFO,07/01/2020,11:38:41,13.5,12.2,1250,14.45,1250,0,15000
SUNPHARMA27Feb20420PE.NFO,07/01/2020,11:38:42,13.5,12.2,1250,14.2,1250,0,15000
SUNPHARMA27Feb20420PE.NFO,07/01/2020,11:38:43,13.5,12.3,2500,14.75,1250,0,15000
SUNPHARMA27Feb20420PE.NFO,07/01/2020,11:38:44,13.5,12.2,1250,14.35,1250,0,15000
SUNPHARMA27Feb20420PE.NFO,07/01/2020,11:38:45,13.5,12.2,1250,14.65,1250,0,15000
SUNPHARMA27Feb20420PE.NFO,07/01/2020,11:38:46,13.5,12.2,1250,14.15,1250,0,15000
SUNPHARMA27Feb20420PE.NFO,07/01/2020,11:38:47,13.5,12.2,1250,14.35,1250,0,15000
SUNPHARMA27Feb20420PE.NFO,07/01/2020,11:38:48,13.5,12.3,2500,14.55,1250,0,15000
SUNPHARMA27Feb20420PE.NFO,07/01/2020,11:38:49,13.5,12.2,1250,14.85,2500,0,15000
SUNPHARMA27Feb20420PE.NFO,07/01/2020,11:38:50,13.5,12.3,2500,14.45,1250,0,15000
SUNPHARMA27Feb20420PE.NFO,07/01/2020,11:38:51,13.5,12.2,1250,14.75,1250,0,15000
SUNPHARMA27Feb20420PE.NFO,07/01/2020,11:38:52,13.5,12.3,2500,14.25,1250,0,15000
SUNPHARMA27Feb20420PE.NFO,07/01/2020,11:38:53,13.5,12.3,2500,14.45,1250,0,15000
SUNPHARMA27Feb20420PE.NFO,07/01/2020,11:38:54,13.5,12.3,1250,14.75,1250,0,15000
SUNPHARMA27Feb20420PE.NFO,07/01/2020,11:38:55,13.5,12.3,2500,14.15,1250,0,15000
SUNPHARMA27Feb20420PE.NFO,07/01/2020,11:38:56,13.5,12.3,2500,14.25,1250,0,15000
SUNPHARMA27Feb20420PE.NFO,07/01/2020,11:38:57,13.5,12.3,2500,14.45,1250,0,15000
SUNPHARMA27Feb20420PE.NFO,07/01/2020,11:38:58,13.5,12.3,2500,14.65,1250,0,15000
SUNPHARMA27Feb20420PE.NFO,07/01/2020,11:38:59,13.5,12.3,2500,14.15,1250,0,15000
SUNPHARMA27Feb20420PE.NFO,07/01/2020,11:39:00,13.5,12.3,2500,14.35,1250,0,15000
SUNPHARMA27Feb20420PE.NFO,07/01/2020,11:39:01,13.5,12.15,1250,14.05,1250,0,15000
SUNPHARMA27Feb20420PE.NFO,07/01/2020,11:39:02,13.5,12.2,1250,14.25,1250,0,15000
SUNPHARMA27Feb20420PE.NFO,07/01/2020,11:39:03,13.5,12.2,1250,14.45,1250,0,15000
SUNPHARMA27Feb20420PE.NFO,07/01/2020,11:39:04,13.5,12.2,1250,14.65,1250,0,15000
SUNPHARMA27Feb20420PE.NFO,07/01/2020,11:39:05,13.5,12.3,2500,14.75,1250,0,15000
SUNPHARMA27Feb20420PE.NFO,07/01/2020,11:39:06,13.5,12.2,1250,14.15,1250,0,15000
SUNPHARMA27Feb20420PE.NFO,07/01/2020,11:39:07,13.5,12.2,1250,14.35,1250,0,15000
SUNPHARMA27Feb20420PE.NFO,07/01/2020,11:39:08,13.5,12.25,1250,14.55,1250,0,15000
SUNPHARMA27Feb20420PE.NFO,07/01/2020,11:39:09,13.5,12.2,1250,14.65,1250,0,15000
SUNPHARMA27Feb20420PE.NFO,07/01/2020,11:39:10,13.5,12.2,1250,14.25,1250,0,15000
SUNPHARMA27Feb20420PE.NFO,07/01/2020,11:39:11,13.5,12.2,1250,14.45,1250,0,15000
SUNPHARMA27Feb20420PE.NFO,07/01/2020,11:39:12,13.5,12.2,1250,14.55,1250,0,15000
SUNPHARMA27Feb20420PE.NFO,07/01/2020,11:39:13,13.5,12.15,2500,14.75,1250,0,15000
SUNPHARMA27Feb20420PE.NFO,07/01/2020,11:39:14,13.5,12.3,1250,14.15,1250,0,15000
SUNPHARMA27Feb20420PE.NFO,07/01/2020,11:39:15,13.5,12.3,1250,14.35,1250,0,15000
SUNPHARMA27Feb20420PE.NFO,07/01/2020,11:39:16,13.5,12.2,1250,14.25,1250,0,15000
SUNPHARMA27Feb20420PE.NFO,07/01/2020,11:39:17,13.5,12.2,1250,14.35,1250,0,15000
SUNPHARMA27Feb20420PE.NFO,07/01/2020,11:39:18,13.5,12.2,1250,14.65,1250,0,15000
SUNPHARMA27Feb20420PE.NFO,07/01/2020,11:39:19,13.5,12.2,1250,14.25,1250,0,15000
SUNPHARMA27Feb20420PE.NFO,07/01/2020,11:39:21,13.5,12.2,1250,14.35,1250,0,15000
SUNPHARMA27Feb20420PE.NFO,07/01/2020,11:39:22,13.5,12.2,1250,14.55,1250,0,15000
SUNPHARMA27Feb20420PE.NFO,07/01/2020,11:39:22,13.5,12.2,1250,14.25,1250,0,15000
SUNPHARMA27Feb20420PE.NFO,07/01/2020,11:39:23,13.5,12.2,1250,14.35,1250,0,15000
SUNPHARMA27Feb20420PE.NFO,07/01/2020,11:39:24,13.5,12.3,2500,14.85,3750,0,15000
SUNPHARMA27Feb20420PE.NFO,07/01/2020,11:39:25,13.5,12.25,1250,14.35,1250,0,15000
SUNPHARMA27Feb20420PE.NFO,07/01/2020,11:39:26,13.5,12.3,1250,14.65,1250,0,15000
SUNPHARMA27Feb20420PE.NFO,07/01/2020,11:39:27,13.5,12.3,1250,14.15,1250,0,15000
SUNPHARMA27Feb20420PE.NFO,07/01/2020,11:39:28,13.5,12.3,1250,14.25,1250,0,15000
SUNPHARMA27Feb20420PE.NFO,07/01/2020,11:39:29,13.5,12.2,1250,14.15,1250,0,15000
SUNPHARMA27Feb20420PE.NFO,07/01/2020,11:39:30,13.5,12.1,1250,14.35,1250,0,15000
SUNPHARMA27Feb20420PE.NFO,07/01/2020,11:39:31,13.5,12.2,2500,14.05,1250,0,15000
SUNPHARMA27Feb20420PE.NFO,07/01/2020,11:39:32,13.5,12.2,1250,14.65,1250,0,15000
SUNPHARMA27Feb20420PE.NFO,07/01/2020,11:39:33,13.5,12.1,1250,14.45,1250,0,15000
SUNPHARMA27Feb20420PE.NFO,07/01/2020,11:39:34,13.5,12.2,2500,14.45,1250,0,15000
SUNPHARMA27Feb20420PE.NFO,07/01/2020,11:39:36,13.5,12.1,1250,14.45,1250,0,15000
SUNPHARMA27Feb20420PE.NFO,07/01/2020,11:39:36,13.5,12.15,1250,14.35,1250,0,15000
SUNPHARMA27Feb20420PE.NFO,07/01/2020,11:39:38,13.5,12.1,1250,14.05,1250,0,15000
SUNPHARMA27Feb20420PE.NFO,07/01/2020,11:39:38,13.5,12.2,1250,14.65,2500,0,15000
SUNPHARMA27Feb20420PE.NFO,07/01/2020,11:39:39,13.5,12.2,1250,14.65,1250,0,15000
SUNPHARMA27Feb20420PE.NFO,07/01/2020,11:39:40,13.5,12.2,2500,14.45,1250,0,15000
SUNPHARMA27Feb20420PE.NFO,07/01/2020,11:39:41,13.5,12.1,1250,14.55,1250,0,15000
SUNPHARMA27Feb20420PE.NFO,07/01/2020,11:39:42,13.5,12.2,1250,15,10000,0,15000
SUNPHARMA27Feb20420PE.NFO,07/01/2020,11:39:43,13.5,12.2,1250,14.5,2500,0,15000
SUNPHARMA27Feb20420PE.NFO,07/01/2020,11:39:44,13.5,12.25,1250,14.1,1250,0,15000
SUNPHARMA27Feb20420PE.NFO,07/01/2020,11:39:45,13.5,12.25,1250,14.5,1250,0,15000
SUNPHARMA27Feb20420PE.NFO,07/01/2020,11:39:46,13.5,12.15,1250,14.7,1250,0,15000
SUNPHARMA27Feb20420PE.NFO,07/01/2020,11:39:47,13.5,12.15,1250,14.2,1250,0,15000
SUNPHARMA27Feb20420PE.NFO,07/01/2020,11:39:48,13.5,12.25,2500,14.5,1250,0,15000
SUNPHARMA27Feb20420PE.NFO,07/01/2020,11:39:49,13.5,12.2,1250,14.1,1250,0,15000
SUNPHARMA27Feb20420PE.NFO,07/01/2020,11:39:51,13.5,12,1250,14.4,1250,0,15000
SUNPHARMA27Feb20420PE.NFO,07/01/2020,11:39:52,13.5,12.2,1250,14.1,1250,0,15000
SUNPHARMA27Feb20420PE.NFO,07/01/2020,11:39:53,13.5,12.2,1250,14.4,1250,0,15000
SUNPHARMA27Feb20420PE.NFO,07/01/2020,11:39:53,13.5,12.25,1250,14.2,1250,0,15000
SUNPHARMA27Feb20420PE.NFO,07/01/2020,11:39:55,13.5,12.25,1250,14.3,1250,0,15000
SUNPHARMA27Feb20420PE.NFO,07/01/2020,11:39:55,13.5,12.3,1250,14.2,1250,0,15000
SUNPHARMA27Feb20420PE.NFO,07/01/2020,11:39:56,13.5,12.15,1250,14.1,1250,0,15000
SUNPHARMA27Feb20420PE.NFO,07/01/2020,11:39:57,13.5,12.15,1250,14.3,1250,0,15000
SUNPHARMA27Feb20420PE.NFO,07/01/2020,11:39:58,13.5,12.15,1250,14.6,1250,0,15000
SUNPHARMA27Feb20420PE.NFO,07/01/2020,11:39:59,13.5,12.15,1250,14.2,1250,0,15000
SUNPHARMA27Feb20420PE.NFO,07/01/2020,11:40:00,13.5,12.15,1250,14.3,1250,0,15000
SUNPHARMA27Feb20420PE.NFO,07/01/2020,11:40:01,13.5,12.25,1250,14.4,1250,0,15000
SUNPHARMA27Feb20420PE.NFO,07/01/2020,11:40:02,13.5,12.2,1250,14.6,1250,0,15000
SUNPHARMA27Feb20420PE.NFO,07/01/2020,11:40:03,13.5,12.15,1250,14.1,1250,0,15000
SUNPHARMA27Feb20420PE.NFO,07/01/2020,11:40:04,13.5,12.15,1250,14.3,1250,0,15000
SUNPHARMA27Feb20420PE.NFO,07/01/2020,11:40:05,13.5,12.15,1250,14.4,1250,0,15000
SUNPHARMA27Feb20420PE.NFO,07/01/2020,11:40:07,13.5,12.1,1250,14.3,1250,0,15000
SUNPHARMA27Feb20420PE.NFO,07/01/2020,11:40:07,13.5,12.25,1250,14.1,1250,0,15000
SUNPHARMA27Feb20420PE.NFO,07/01/2020,11:40:08,13.5,12.25,1250,14.3,1250,0,15000
SUNPHARMA27Feb20420PE.NFO,07/01/2020,11:40:09,13.5,12.25,1250,14.1,1250,0,15000
SUNPHARMA27Feb20420PE.NFO,07/01/2020,11:40:10,13.5,12.2,1250,14.1,1250,0,15000
SUNPHARMA27Feb20420PE.NFO,07/01/2020,11:40:11,13.5,12.25,1250,14.1,1250,0,15000
SUNPHARMA27Feb20420PE.NFO,07/01/2020,11:40:12,13.5,12.1,1250,14.2,1250,0,15000
SUNPHARMA27Feb20420PE.NFO,07/01/2020,11:40:13,13.5,12.25,1250,14.3,1250,0,15000
SUNPHARMA27Feb20420PE.NFO,07/01/2020,11:40:16,13.5,12.15,1250,14.7,1250,0,15000
SUNPHARMA27Feb20420PE.NFO,07/01/2020,11:40:16,13.5,12.15,1250,14.1,1250,0,15000
SUNPHARMA27Feb20420PE.NFO,07/01/2020,11:40:17,13.5,12.25,1250,14.2,1250,0,15000
SUNPHARMA27Feb20420PE.NFO,07/01/2020,11:40:18,13.5,12.15,1250,14.1,1250,0,15000
SUNPHARMA27Feb20420PE.NFO,07/01/2020,11:40:19,13.5,12.15,1250,14.2,1250,0,15000
SUNPHARMA27Feb20420PE.NFO,07/01/2020,11:40:20,13.5,12.15,1250,14.3,1250,0,15000
SUNPHARMA27Feb20420PE.NFO,07/01/2020,11:40:24,13.5,12.15,1250,14.1,1250,0,15000
SUNPHARMA27Feb20420PE.NFO,07/01/2020,11:40:25,13.5,12.15,1250,14.3,1250,0,15000
SUNPHARMA27Feb20420PE.NFO,07/01/2020,11:40:26,13.5,12.15,1250,14.7,1250,0,15000
SUNPHARMA27Feb20420PE.NFO,07/01/2020,11:40:27,13.5,12.15,1250,14.1,1250,0,15000
SUNPHARMA27Feb20420PE.NFO,07/01/2020,11:40:29,13.5,12.15,1250,14.5,1250,0,15000
SUNPHARMA27Feb20420PE.NFO,07/01/2020,11:40:30,13.5,12.25,1250,14.7,1250,0,15000
SUNPHARMA27Feb20420PE.NFO,07/01/2020,11:40:31,13.5,12.1,5000,14.2,1250,0,15000
SUNPHARMA27Feb20420PE.NFO,07/01/2020,11:40:32,13.5,12.15,1250,14.5,1250,0,15000
SUNPHARMA27Feb20420PE.NFO,07/01/2020,11:40:33,13.5,12.15,1250,14.1,1250,0,15000
SUNPHARMA27Feb20420PE.NFO,07/01/2020,11:40:34,13.5,12.15,1250,14.2,1250,0,15000
SUNPHARMA27Feb20420PE.NFO,07/01/2020,11:40:35,13.5,12.15,1250,14.3,1250,0,15000
SUNPHARMA27Feb20420PE.NFO,07/01/2020,11:40:37,13.5,12.15,1250,14.2,1250,0,15000
SUNPHARMA27Feb20420PE.NFO,07/01/2020,11:40:38,13.5,12.15,1250,14.3,1250,0,15000
SUNPHARMA27Feb20420PE.NFO,07/01/2020,11:40:39,13.5,12.15,1250,14,1250,0,15000
SUNPHARMA27Feb20420PE.NFO,07/01/2020,11:40:40,13.5,12.25,1250,14.4,1250,0,15000
SUNPHARMA27Feb20420PE.NFO,07/01/2020,11:40:41,13.5,12.15,1250,14.3,1250,0,15000
SUNPHARMA27Feb20420PE.NFO,07/01/2020,11:40:42,13.5,12.15,1250,14.4,1250,0,15000
SUNPHARMA27Feb20420PE.NFO,07/01/2020,11:40:43,13.5,12.15,1250,14.6,1250,0,15000
SUNPHARMA27Feb20420PE.NFO,07/01/2020,11:40:45,13.5,12.25,1250,14.4,1250,0,15000
SUNPHARMA27Feb20420PE.NFO,07/01/2020,11:40:46,13.5,12.25,1250,14.5,1250,0,15000
SUNPHARMA27Feb20420PE.NFO,07/01/2020,11:40:47,13.5,12.15,1250,14,1250,0,15000
SUNPHARMA27Feb20420PE.NFO,07/01/2020,11:40:48,13.5,12.15,1250,14.15,1250,0,15000
SUNPHARMA27Feb20420PE.NFO,07/01/2020,11:40:49,13.5,12.15,1250,14.25,1250,0,15000
SUNPHARMA27Feb20420PE.NFO,07/01/2020,11:40:51,13.5,12.15,1250,14.15,1250,0,15000
SUNPHARMA27Feb20420PE.NFO,07/01/2020,11:40:53,13.5,12.25,1250,14.45,1250,0,15000
SUNPHARMA27Feb20420PE.NFO,07/01/2020,11:40:54,13.5,12.15,1250,14.05,1250,0,15000
SUNPHARMA27Feb20420PE.NFO,07/01/2020,11:40:55,13.5,12.25,1250,14.25,1250,0,15000
SUNPHARMA27Feb20420PE.NFO,07/01/2020,11:40:56,13.5,12.2,2500,14.45,1250,0,15000
SUNPHARMA27Feb20420PE.NFO,07/01/2020,11:40:57,13.5,12.25,1250,14.05,1250,0,15000
SUNPHARMA27Feb20420PE.NFO,07/01/2020,11:40:59,13.5,12.15,1250,14.45,1250,0,15000
SUNPHARMA27Feb20420PE.NFO,07/01/2020,11:41:00,13.5,12.15,1250,14.65,1250,0,15000
SUNPHARMA27Feb20420PE.NFO,07/01/2020,11:41:01,13.5,12.15,1250,14.05,1250,0,15000
SUNPHARMA27Feb20420PE.NFO,07/01/2020,11:41:02,13.5,12.15,1250,14.15,1250,0,15000
SUNPHARMA27Feb20420PE.NFO,07/01/2020,11:41:03,13.5,12.15,1250,14.55,1250,0,15000
SUNPHARMA27Feb20420PE.NFO,07/01/2020,11:41:06,13.5,12.15,1250,14.15,1250,0,15000
SUNPHARMA27Feb20420PE.NFO,07/01/2020,11:41:07,13.5,12.15,1250,13.95,1250,0,15000
SUNPHARMA27Feb20420PE.NFO,07/01/2020,11:41:08,13.5,12.15,1250,14.15,1250,0,15000
SUNPHARMA27Feb20420PE.NFO,07/01/2020,11:41:09,13.5,12.15,1250,14.45,1250,0,15000
SUNPHARMA27Feb20420PE.NFO,07/01/2020,11:41:10,13.5,12.2,1250,14.65,1250,0,15000
SUNPHARMA27Feb20420PE.NFO,07/01/2020,11:41:11,13.5,12.2,1250,14.05,1250,0,15000
SUNPHARMA27Feb20420PE.NFO,07/01/2020,11:41:12,13.5,12.2,1250,14.25,1250,0,15000
SUNPHARMA27Feb20420PE.NFO,07/01/2020,11:41:13,13.5,12.1,1250,14.45,1250,0,15000
SUNPHARMA27Feb20420PE.NFO,07/01/2020,11:41:14,13.5,12.15,1250,14.55,1250,0,15000
SUNPHARMA27Feb20420PE.NFO,07/01/2020,11:41:15,13.5,12.1,1250,14.65,1250,0,15000
SUNPHARMA27Feb20420PE.NFO,07/01/2020,11:41:16,13.5,12.1,2500,14.05,1250,0,15000
SUNPHARMA27Feb20420PE.NFO,07/01/2020,11:41:17,13.5,12.15,1250,14.15,1250,0,15000
SUNPHARMA27Feb20420PE.NFO,07/01/2020,11:41:18,13.5,12.25,1250,14.15,1250,0,15000
SUNPHARMA27Feb20420PE.NFO,07/01/2020,11:41:19,13.5,12.1,1250,14.35,1250,0,15000
SUNPHARMA27Feb20420PE.NFO,07/01/2020,11:41:20,13.5,12.2,2500,14.45,1250,0,15000
SUNPHARMA27Feb20420PE.NFO,07/01/2020,11:41:21,13.5,12.15,1250,14.45,1250,0,15000
SUNPHARMA27Feb20420PE.NFO,07/01/2020,11:41:22,13.5,12.25,1250,14.55,1250,0,15000
SUNPHARMA27Feb20420PE.NFO,07/01/2020,11:41:23,13.5,12.1,1250,14.55,1250,0,15000
SUNPHARMA27Feb20420PE.NFO,07/01/2020,11:41:24,13.5,12.1,1250,13.95,1250,0,15000
SUNPHARMA27Feb20420PE.NFO,07/01/2020,11:41:25,13.5,12.25,1250,14.35,1250,0,15000
SUNPHARMA27Feb20420PE.NFO,07/01/2020,11:41:26,13.5,12.15,1250,14.55,1250,0,15000
SUNPHARMA27Feb20420PE.NFO,07/01/2020,11:41:27,13.5,12.2,1250,14.05,1250,0,15000
SUNPHARMA27Feb20420PE.NFO,07/01/2020,11:41:29,13.5,12.15,1250,14.65,1250,0,15000
SUNPHARMA27Feb20420PE.NFO,07/01/2020,11:41:29,13.5,12.25,1250,14.35,1250,0,15000
SUNPHARMA27Feb20420PE.NFO,07/01/2020,11:41:30,13.5,12.15,1250,14.55,1250,0,15000
SUNPHARMA27Feb20420PE.NFO,07/01/2020,11:41:31,13.5,12.2,1250,14.55,1250,0,15000
SUNPHARMA27Feb20420PE.NFO,07/01/2020,11:41:33,13.5,12.25,1250,14.35,1250,0,15000
SUNPHARMA27Feb20420PE.NFO,07/01/2020,11:41:34,13.5,11.6,6250,14.55,1250,0,15000
SUNPHARMA27Feb20420PE.NFO,07/01/2020,11:41:35,13.5,12.25,1250,14.05,1250,0,15000
SUNPHARMA27Feb20420PE.NFO,07/01/2020,11:41:36,13.5,12.15,1250,14.25,1250,0,15000
SUNPHARMA27Feb20420PE.NFO,07/01/2020,11:41:37,13.5,12.15,1250,14.35,1250,0,15000
SUNPHARMA27Feb20420PE.NFO,07/01/2020,11:41:38,13.5,12.15,1250,14.25,1250,0,15000
SUNPHARMA27Feb20420PE.NFO,07/01/2020,11:41:39,13.5,12.3,1250,14.25,1250,0,15000
SUNPHARMA27Feb20420PE.NFO,07/01/2020,11:41:40,13.5,12.2,1250,14.45,1250,0,15000
SUNPHARMA27Feb20420PE.NFO,07/01/2020,11:41:41,13.5,12.25,1250,14.55,1250,0,15000
SUNPHARMA27Feb20420PE.NFO,07/01/2020,11:41:42,13.5,12.2,1250,13.95,1250,0,15000
SUNPHARMA27Feb20420PE.NFO,07/01/2020,11:41:43,13.5,12.2,1250,14.05,1250,0,15000
SUNPHARMA27Feb20420PE.NFO,07/01/2020,11:41:44,13.5,12.2,1250,14.15,1250,0,15000
SUNPHARMA27Feb20420PE.NFO,07/01/2020,11:41:45,13.5,12.2,1250,14.25,1250,0,15000
SUNPHARMA27Feb20420PE.NFO,07/01/2020,11:41:46,13.5,12.15,1250,14.25,1250,0,15000
SUNPHARMA27Feb20420PE.NFO,07/01/2020,11:41:47,13.5,12.25,1250,14.35,1250,0,15000
SUNPHARMA27Feb20420PE.NFO,07/01/2020,11:41:48,13.5,12.2,1250,14.55,1250,0,15000
SUNPHARMA27Feb20420PE.NFO,07/01/2020,11:41:52,13.5,12.2,1250,14.65,1250,0,15000
SUNPHARMA27Feb20420PE.NFO,07/01/2020,11:41:53,13.5,12.2,1250,14.45,1250,0,15000
SUNPHARMA27Feb20420PE.NFO,07/01/2020,11:41:54,13.5,12.2,1250,14.55,1250,0,15000
SUNPHARMA27Feb20420PE.NFO,07/01/2020,11:41:55,13.5,12.2,1250,14.25,1250,0,15000
SUNPHARMA27Feb20420PE.NFO,07/01/2020,11:41:56,13.5,12.2,1250,14.05,1250,0,15000
SUNPHARMA27Feb20420PE.NFO,07/01/2020,11:41:57,13.5,12.1,1250,14.45,2500,0,15000
SUNPHARMA27Feb20420PE.NFO,07/01/2020,11:41:58,13.5,12.3,1250,13.95,1250,0,15000
SUNPHARMA27Feb20420PE.NFO,07/01/2020,11:41:59,13.5,12.25,1250,14.25,1250,0,15000
SUNPHARMA27Feb20420PE.NFO,07/01/2020,11:42:00,13.5,12.1,1250,14.15,1250,0,15000
SUNPHARMA27Feb20420PE.NFO,07/01/2020,11:42:02,13.5,12.25,1250,14.05,1250,0,15000
SUNPHARMA27Feb20420PE.NFO,07/01/2020,11:42:04,13.5,12.25,1250,14.15,1250,0,15000
SUNPHARMA27Feb20420PE.NFO,07/01/2020,11:42:05,13.5,12.1,2500,14.65,1250,0,15000
SUNPHARMA27Feb20420PE.NFO,07/01/2020,11:42:07,13.5,12.3,1250,14.65,1250,0,15000
SUNPHARMA27Feb20420PE.NFO,07/01/2020,11:42:07,13.5,12.3,1250,14.15,1250,0,15000
SUNPHARMA27Feb20420PE.NFO,07/01/2020,11:42:09,13.5,12.25,1250,14.25,1250,0,15000
SUNPHARMA27Feb20420PE.NFO,07/01/2020,11:42:10,13.5,12.1,1250,14.35,1250,0,15000
SUNPHARMA27Feb20420PE.NFO,07/01/2020,11:42:11,13.5,12.2,1250,14.45,1250,0,15000
SUNPHARMA27Feb20420PE.NFO,07/01/2020,11:42:13,13.5,12.25,1250,14.35,1250,0,15000
SUNPHARMA27Feb20420PE.NFO,07/01/2020,11:42:13,13.5,12.25,1250,14.05,1250,0,15000
SUNPHARMA27Feb20420PE.NFO,07/01/2020,11:42:15,13.5,12.25,1250,14.25,1250,0,15000
SUNPHARMA27Feb20420PE.NFO,07/01/2020,11:42:17,13.5,12.25,2500,14.15,1250,0,15000
SUNPHARMA27Feb20420PE.NFO,07/01/2020,11:42:18,13.5,12.15,1250,14.65,1250,0,15000
SUNPHARMA27Feb20420PE.NFO,07/01/2020,11:42:19,13.5,12.25,1250,14.15,1250,0,15000
SUNPHARMA27Feb20420PE.NFO,07/01/2020,11:42:20,13.5,12.25,1250,14.35,1250,0,15000
SUNPHARMA27Feb20420PE.NFO,07/01/2020,11:42:21,13.5,12.25,2500,14.05,1250,0,15000
SUNPHARMA27Feb20420PE.NFO,07/01/2020,11:42:22,13.5,12.25,2500,14.35,1250,0,15000
SUNPHARMA27Feb20420PE.NFO,07/01/2020,11:42:24,13.5,12.25,1250,14.25,1250,0,15000
SUNPHARMA27Feb20420PE.NFO,07/01/2020,11:42:25,13.5,12.2,1250,14.25,1250,0,15000
SUNPHARMA27Feb20420PE.NFO,07/01/2020,11:42:26,13.5,12.25,2500,13.95,1250,0,15000
SUNPHARMA27Feb20420PE.NFO,07/01/2020,11:42:27,13.5,12.25,2500,14.15,1250,0,15000
SUNPHARMA27Feb20420PE.NFO,07/01/2020,11:42:28,13.5,12.15,1250,14.15,1250,0,15000
SUNPHARMA27Feb20420PE.NFO,07/01/2020,11:42:29,13.5,12.15,1250,14.35,1250,0,15000
SUNPHARMA27Feb20420PE.NFO,07/01/2020,11:42:30,13.5,12.25,1250,14.55,1250,0,15000
SUNPHARMA27Feb20420PE.NFO,07/01/2020,11:42:31,13.5,12.15,1250,14.05,1250,0,15000
SUNPHARMA27Feb20420PE.NFO,07/01/2020,11:42:32,13.5,12.15,1250,14.15,1250,0,15000
SUNPHARMA27Feb20420PE.NFO,07/01/2020,11:42:33,13.5,12.25,2500,14.35,2500,0,15000
SUNPHARMA27Feb20420PE.NFO,07/01/2020,11:42:34,13.5,12.25,2500,14.45,1250,0,15000
SUNPHARMA27Feb20420PE.NFO,07/01/2020,11:42:36,13.5,12.25,1250,14.55,1250,0,15000
SUNPHARMA27Feb20420PE.NFO,07/01/2020,11:42:37,13.5,12.15,1250,14.05,1250,0,15000
SUNPHARMA27Feb20420PE.NFO,07/01/2020,11:42:37,13.5,12.25,2500,14.45,1250,0,15000
SUNPHARMA27Feb20420PE.NFO,07/01/2020,11:42:38,13.5,12.25,2500,14.55,1250,0,15000
SUNPHARMA27Feb20420PE.NFO,07/01/2020,11:42:39,13.5,12.25,1250,14.65,1250,0,15000
SUNPHARMA27Feb20420PE.NFO,07/01/2020,11:42:40,13.5,12.1,2500,14.15,1250,0,15000
SUNPHARMA27Feb20420PE.NFO,07/01/2020,11:42:41,13.5,12.25,1250,14.15,1250,0,15000
SUNPHARMA27Feb20420PE.NFO,07/01/2020,11:42:42,13.5,12.1,2500,14.05,1250,0,15000
SUNPHARMA27Feb20420PE.NFO,07/01/2020,11:42:43,13.5,12.25,1250,14.05,1250,0,15000
SUNPHARMA27Feb20420PE.NFO,07/01/2020,11:42:44,13.5,12.25,1250,14.45,1250,0,15000
SUNPHARMA27Feb20420PE.NFO,07/01/2020,11:42:45,13.5,12.1,2500,14.75,2500,0,15000
SUNPHARMA27Feb20420PE.NFO,07/01/2020,11:42:46,13.5,12.1,1250,13.95,1250,0,15000
SUNPHARMA27Feb20420PE.NFO,07/01/2020,11:42:47,13.5,12.1,1250,14.65,1250,0,15000
SUNPHARMA27Feb20420PE.NFO,07/01/2020,11:42:48,13.5,12.25,1250,14.55,1250,0,15000
SUNPHARMA27Feb20420PE.NFO,07/01/2020,11:42:50,13.5,12.25,1250,14.35,1250,0,15000
SUNPHARMA27Feb20420PE.NFO,07/01/2020,11:42:50,13.5,12.2,1250,14.65,1250,0,15000
SUNPHARMA27Feb20420PE.NFO,07/01/2020,11:42:51,13.5,12.1,2500,14.55,1250,0,15000
SUNPHARMA27Feb20420PE.NFO,07/01/2020,11:42:52,13.5,12.25,1250,14.05,1250,0,15000
SUNPHARMA27Feb20420PE.NFO,07/01/2020,11:42:53,13.5,12.1,2500,14.15,1250,0,15000
SUNPHARMA27Feb20420PE.NFO,07/01/2020,11:42:54,13.5,12.1,2500,14.05,1250,0,15000
SUNPHARMA27Feb20420PE.NFO,07/01/2020,11:42:55,13.5,12.25,1250,14.05,1250,0,15000
SUNPHARMA27Feb20420PE.NFO,07/01/2020,11:42:56,13.5,12.1,2500,14.55,1250,0,15000
SUNPHARMA27Feb20420PE.NFO,07/01/2020,11:42:57,13.5,12.25,1250,14.45,1250,0,15000
SUNPHARMA27Feb20420PE.NFO,07/01/2020,11:42:59,13.5,12.25,1250,14.4,1250,0,15000
SUNPHARMA27Feb20420PE.NFO,07/01/2020,11:42:59,13.5,12.25,1250,14,1250,0,15000
SUNPHARMA27Feb20420PE.NFO,07/01/2020,11:43:00,13.5,12.2,1250,14.25,1250,0,15000
SUNPHARMA27Feb20420PE.NFO,07/01/2020,11:43:01,13.5,12.25,1250,14.25,1250,0,15000
SUNPHARMA27Feb20420PE.NFO,07/01/2020,11:43:03,13.5,12.2,2500,14.15,1250,0,15000
SUNPHARMA27Feb20420PE.NFO,07/01/2020,11:43:04,13.5,12.25,1250,14.25,1250,0,15000
SUNPHARMA27Feb20420PE.NFO,07/01/2020,11:43:06,13.5,12.25,1250,14.65,1250,0,15000
SUNPHARMA27Feb20420PE.NFO,07/01/2020,11:43:06,13.5,12.1,1250,14.25,1250,0,15000
SUNPHARMA27Feb20420PE.NFO,07/01/2020,11:43:07,13.5,12.2,1250,14.05,1250,0,15000
SUNPHARMA27Feb20420PE.NFO,07/01/2020,11:43:08,13.5,12.25,1250,14.05,1250,0,15000
SUNPHARMA27Feb20420PE.NFO,07/01/2020,11:43:09,13.5,12.1,2500,14.55,1250,0,15000
SUNPHARMA27Feb20420PE.NFO,07/01/2020,11:43:10,13.5,12.2,1250,14.45,1250,0,15000
SUNPHARMA27Feb20420PE.NFO,07/01/2020,11:43:11,13.5,12.1,2500,14.45,1250,0,15000
SUNPHARMA27Feb20420PE.NFO,07/01/2020,11:43:12,13.5,12.25,1250,13.9,1250,0,15000
SUNPHARMA27Feb20420PE.NFO,07/01/2020,11:43:13,13.5,12.1,2500,14.05,1250,0,15000
SUNPHARMA27Feb20420PE.NFO,07/01/2020,11:43:15,13.5,12.1,1250,14.05,1250,0,15000
SUNPHARMA27Feb20420PE.NFO,07/01/2020,11:43:17,13.5,12.25,1250,14.15,1250,0,15000
SUNPHARMA27Feb20420PE.NFO,07/01/2020,11:43:17,13.5,12.2,1250,14.35,1250,0,15000
SUNPHARMA27Feb20420PE.NFO,07/01/2020,11:43:18,13.5,12.25,1250,14.25,1250,0,15000
SUNPHARMA27Feb20420PE.NFO,07/01/2020,11:43:19,13.5,12.05,2500,14.15,1250,0,15000
SUNPHARMA27Feb20420PE.NFO,07/01/2020,11:43:20,13.5,12.1,1250,14.25,1250,0,15000
SUNPHARMA27Feb20420PE.NFO,07/01/2020,11:43:21,13.5,12.1,1250,14.55,1250,0,15000
SUNPHARMA27Feb20420PE.NFO,07/01/2020,11:43:22,13.5,12.2,1250,14.55,1250,0,15000
SUNPHARMA27Feb20420PE.NFO,07/01/2020,11:43:24,13.5,12.2,1250,14.45,1250,0,15000
SUNPHARMA27Feb20420PE.NFO,07/01/2020,11:43:24,13.5,12.15,1250,14.05,1250,0,15000
SUNPHARMA27Feb20420PE.NFO,07/01/2020,11:43:25,13.5,12.05,1250,14.45,1250,0,15000
SUNPHARMA27Feb20420PE.NFO,07/01/2020,11:43:26,13.5,12.2,1250,14.55,1250,0,15000
SUNPHARMA27Feb20420PE.NFO,07/01/2020,11:43:27,13.5,12.2,1250,14.65,1250,0,15000
SUNPHARMA27Feb20420PE.NFO,07/01/2020,11:43:28,13.5,12.2,1250,14.45,1250,0,15000
SUNPHARMA27Feb20420PE.NFO,07/01/2020,11:43:29,13.5,12.1,1250,14.45,1250,0,15000
SUNPHARMA27Feb20420PE.NFO,07/01/2020,11:43:30,13.5,12.1,1250,14.55,1250,0,15000
SUNPHARMA27Feb20420PE.NFO,07/01/2020,11:43:31,13.5,12.2,1250,14.25,1250,0,15000
SUNPHARMA27Feb20420PE.NFO,07/01/2020,11:43:32,13.5,12.1,1250,14.25,1250,0,15000
SUNPHARMA27Feb20420PE.NFO,07/01/2020,11:43:33,13.5,12.1,1250,14.15,1250,0,15000
SUNPHARMA27Feb20420PE.NFO,07/01/2020,11:43:35,13.5,12.1,1250,14.05,1250,0,15000
