Ticker,Date,Time,LTP,BuyPrice,BuyQty,SellPrice,SellQty,LTQ,OpenInterest
SUNPHARMA30Jan20430CE.NFO,07/01/2020,09:19:19,23.5,22.85,1250,23.75,2500,2500,175000
SUNPHARMA30Jan20430CE.NFO,07/01/2020,09:19:19,23.55,22.85,1250,23.75,2500,0,175000
SUNPHARMA30Jan20430CE.NFO,07/01/2020,09:19:19,23.55,22.85,1250,23.75,2500,0,175000
SUNPHARMA30Jan20430CE.NFO,07/01/2020,09:19:19,23.5,22.85,1250,23.75,2500,0,175000
SUNPHARMA30Jan20430CE.NFO,07/01/2020,09:19:27,23.55,22.65,1250,23.55,1250,0,175000
SUNPHARMA30Jan20430CE.NFO,07/01/2020,09:19:44,23.55,22.55,1250,23.4,2500,0,175000
SUNPHARMA30Jan20430CE.NFO,07/01/2020,09:19:52,23.55,22.45,1250,23.3,2500,0,175000
SUNPHARMA30Jan20430CE.NFO,07/01/2020,09:19:59,23.55,22.65,1250,23.9,6250,0,175000
SUNPHARMA30Jan20430CE.NFO,07/01/2020,09:20:08,23.55,22.85,1250,23.6,1250,0,175000
SUNPHARMA30Jan20430CE.NFO,07/01/2020,09:20:16,23.55,23.3,1250,23.8,1250,0,175000
SUNPHARMA30Jan20430CE.NFO,07/01/2020,09:20:23,23.55,23,1250,23.8,3750,0,175000
SUNPHARMA30Jan20430CE.NFO,07/01/2020,09:20:31,23.55,22.95,1250,23.65,2500,0,175000
SUNPHARMA30Jan20430CE.NFO,07/01/2020,09:20:38,22.7,22.55,1250,23.4,1250,6250,177500
SUNPHARMA30Jan20430CE.NFO,07/01/2020,09:20:38,22.7,22.55,1250,23.4,1250,0,177500
SUNPHARMA30Jan20430CE.NFO,07/01/2020,09:20:46,22.7,22.35,3750,23.15,1250,0,177500
SUNPHARMA30Jan20430CE.NFO,07/01/2020,09:20:54,22.7,22.5,1250,23.05,1250,0,177500
SUNPHARMA30Jan20430CE.NFO,07/01/2020,09:21:01,22.7,22.55,1250,23.3,1250,0,177500
SUNPHARMA30Jan20430CE.NFO,07/01/2020,09:21:10,22.7,22.55,1250,23.25,2500,0,177500
SUNPHARMA30Jan20430CE.NFO,07/01/2020,09:21:18,22.7,22.7,1250,23.45,1250,0,177500
SUNPHARMA30Jan20430CE.NFO,07/01/2020,09:21:25,22.7,22.65,1250,23.4,1250,0,177500
SUNPHARMA30Jan20430CE.NFO,07/01/2020,09:21:32,22.7,22.8,1250,23.55,3750,0,177500
SUNPHARMA30Jan20430CE.NFO,07/01/2020,09:21:40,22.7,22.65,1250,23.45,1250,0,177500
SUNPHARMA30Jan20430CE.NFO,07/01/2020,09:21:49,22.7,22.7,1250,23.4,2500,0,177500
SUNPHARMA30Jan20430CE.NFO,07/01/2020,09:21:57,22.7,22.35,8750,23.35,1250,0,177500
SUNPHARMA30Jan20430CE.NFO,07/01/2020,09:22:04,22.7,22.65,1250,23.5,1250,0,177500
SUNPHARMA30Jan20430CE.NFO,07/01/2020,09:22:13,22.7,22.45,1250,23.35,1250,0,177500
SUNPHARMA30Jan20430CE.NFO,07/01/2020,09:22:21,22.7,22.45,2500,23.5,2500,0,177500
SUNPHARMA30Jan20430CE.NFO,07/01/2020,09:22:28,22.7,22.6,1250,23.3,2500,0,177500
SUNPHARMA30Jan20430CE.NFO,07/01/2020,09:22:36,22.7,22.35,1250,23.25,1250,0,177500
SUNPHARMA30Jan20430CE.NFO,07/01/2020,09:22:42,22.7,22.4,1250,23.05,2500,0,177500
SUNPHARMA30Jan20430CE.NFO,07/01/2020,09:22:50,22.7,22.3,1250,23.15,1250,0,177500
SUNPHARMA30Jan20430CE.NFO,07/01/2020,09:22:57,22.7,22.35,1250,23.15,2500,0,177500
SUNPHARMA30Jan20430CE.NFO,07/01/2020,09:23:04,22.7,22.5,1250,23.35,2500,0,177500
SUNPHARMA30Jan20430CE.NFO,07/01/2020,09:23:12,22.7,22.55,1250,23.3,1250,0,177500
SUNPHARMA30Jan20430CE.NFO,07/01/2020,09:23:19,22.7,22.55,2500,23.25,2500,0,177500
SUNPHARMA30Jan20430CE.NFO,07/01/2020,09:23:26,22.7,22,20000,23.4,3750,0,177500
SUNPHARMA30Jan20430CE.NFO,07/01/2020,09:23:32,22.7,22.4,1250,23,1250,0,177500
SUNPHARMA30Jan20430CE.NFO,07/01/2020,09:23:38,22.7,22.45,1250,23,1250,0,177500
SUNPHARMA30Jan20430CE.NFO,07/01/2020,09:23:44,22.7,22.45,2500,23.2,2500,0,177500
SUNPHARMA30Jan20430CE.NFO,07/01/2020,09:23:51,22.7,22.5,1250,23.15,1250,0,177500
SUNPHARMA30Jan20430CE.NFO,07/01/2020,09:23:58,22.7,22.4,1250,23.2,1250,0,177500
SUNPHARMA30Jan20430CE.NFO,07/01/2020,09:24:05,22.25,22.15,1250,23.05,1250,1250,178750
SUNPHARMA30Jan20430CE.NFO,07/01/2020,09:24:05,22.25,22.15,1250,23.05,1250,0,178750
SUNPHARMA30Jan20430CE.NFO,07/01/2020,09:24:12,22.25,22.25,1250,23,2500,0,178750
SUNPHARMA30Jan20430CE.NFO,07/01/2020,09:24:19,22.25,22.2,1250,23,3750,0,178750
SUNPHARMA30Jan20430CE.NFO,07/01/2020,09:24:26,22.25,22.25,1250,23.1,1250,0,178750
SUNPHARMA30Jan20430CE.NFO,07/01/2020,09:24:32,22.25,22.3,1250,23.15,2500,0,178750
SUNPHARMA30Jan20430CE.NFO,07/01/2020,09:24:45,22.25,22.1,1250,22.95,1250,0,178750
SUNPHARMA30Jan20430CE.NFO,07/01/2020,09:24:51,22.25,22.2,1250,23,2500,0,178750
SUNPHARMA30Jan20430CE.NFO,07/01/2020,09:24:57,22.25,22.2,2500,23,2500,0,178750
SUNPHARMA30Jan20430CE.NFO,07/01/2020,09:25:05,22.25,22.1,3750,22.9,2500,0,178750
SUNPHARMA30Jan20430CE.NFO,07/01/2020,09:25:12,22.25,22.15,1250,22.9,2500,0,178750
SUNPHARMA30Jan20430CE.NFO,07/01/2020,09:25:19,22.25,22.3,1250,23.05,2500,0,178750
SUNPHARMA30Jan20430CE.NFO,07/01/2020,09:25:26,22.25,22.35,1250,23.05,2500,0,178750
SUNPHARMA30Jan20430CE.NFO,07/01/2020,09:25:33,22.25,22.25,2500,23.05,2500,0,178750
SUNPHARMA30Jan20430CE.NFO,07/01/2020,09:25:40,22.25,22.45,1250,23.1,2500,0,178750
SUNPHARMA30Jan20430CE.NFO,07/01/2020,09:25:49,22.25,22.35,1250,23.05,2500,0,178750
SUNPHARMA30Jan20430CE.NFO,07/01/2020,09:26:03,22.25,22.25,2500,23,1250,0,178750
SUNPHARMA30Jan20430CE.NFO,07/01/2020,09:26:11,22.25,22.35,1250,23.1,1250,0,178750
SUNPHARMA30Jan20430CE.NFO,07/01/2020,09:26:19,22.25,22.5,1250,23.15,2500,0,178750
SUNPHARMA30Jan20430CE.NFO,07/01/2020,09:26:25,22.25,22.55,1250,23.7,7500,0,178750
SUNPHARMA30Jan20430CE.NFO,07/01/2020,09:26:31,22.25,23.05,1250,23.95,1250,0,178750
SUNPHARMA30Jan20430CE.NFO,07/01/2020,09:26:38,22.25,23.1,1250,23.8,2500,0,178750
SUNPHARMA30Jan20430CE.NFO,07/01/2020,09:26:45,22.25,23,2500,23.75,1250,0,178750
SUNPHARMA30Jan20430CE.NFO,07/01/2020,09:26:51,22.25,23.1,2500,23.8,2500,0,178750
SUNPHARMA30Jan20430CE.NFO,07/01/2020,09:26:56,22.25,23.15,1250,23.8,2500,0,178750
SUNPHARMA30Jan20430CE.NFO,07/01/2020,09:27:01,22.25,23.05,1250,23.75,1250,0,178750
SUNPHARMA30Jan20430CE.NFO,07/01/2020,09:27:07,22.25,23.1,1250,23.8,2500,0,178750
SUNPHARMA30Jan20430CE.NFO,07/01/2020,09:27:12,22.25,23,2500,23.7,2500,0,178750
SUNPHARMA30Jan20430CE.NFO,07/01/2020,09:27:18,22.25,22.7,1250,23.75,1250,0,178750
SUNPHARMA30Jan20430CE.NFO,07/01/2020,09:27:25,22.25,23.15,1250,23.75,2500,0,178750
SUNPHARMA30Jan20430CE.NFO,07/01/2020,09:27:38,22.25,22.95,2500,23.75,2500,0,178750
SUNPHARMA30Jan20430CE.NFO,07/01/2020,09:27:44,22.25,23,1250,23.8,1250,0,178750
SUNPHARMA30Jan20430CE.NFO,07/01/2020,09:27:49,22.25,23.05,1250,23.7,1250,0,178750
SUNPHARMA30Jan20430CE.NFO,07/01/2020,09:28:13,22.25,22.95,2500,23.65,2500,0,178750
SUNPHARMA30Jan20430CE.NFO,07/01/2020,09:28:20,22.25,22.6,1250,23.4,1250,0,178750
SUNPHARMA30Jan20430CE.NFO,07/01/2020,09:28:26,22.25,22.55,1250,23.15,1250,0,178750
SUNPHARMA30Jan20430CE.NFO,07/01/2020,09:28:32,22.25,22.55,2500,23.15,1250,0,178750
SUNPHARMA30Jan20430CE.NFO,07/01/2020,09:28:38,22.25,22.6,1250,23.2,2500,0,178750
SUNPHARMA30Jan20430CE.NFO,07/01/2020,09:28:43,22.25,22.5,1250,23.2,2500,0,178750
SUNPHARMA30Jan20430CE.NFO,07/01/2020,09:29:01,22.25,22.45,1250,23.1,2500,0,178750
SUNPHARMA30Jan20430CE.NFO,07/01/2020,09:29:07,22.25,22.45,1250,23.35,1250,0,178750
SUNPHARMA30Jan20430CE.NFO,07/01/2020,09:29:25,22.25,22.55,1250,23.2,2500,0,178750
SUNPHARMA30Jan20430CE.NFO,07/01/2020,09:29:32,22.25,22.45,1250,23.2,1250,0,178750
SUNPHARMA30Jan20430CE.NFO,07/01/2020,09:29:38,22.25,22.55,1250,23.15,1250,0,178750
SUNPHARMA30Jan20430CE.NFO,07/01/2020,09:29:50,22.25,22.55,1250,23.25,2500,0,178750
SUNPHARMA30Jan20430CE.NFO,07/01/2020,09:29:56,22.25,22.5,1250,23.15,1250,0,178750
SUNPHARMA30Jan20430CE.NFO,07/01/2020,09:30:00,22.25,22.5,2500,23.25,1250,0,178750
SUNPHARMA30Jan20430CE.NFO,07/01/2020,09:30:06,22.25,22.65,2500,23.4,2500,0,178750
SUNPHARMA30Jan20430CE.NFO,07/01/2020,09:30:12,22.25,22.9,1250,23.5,1250,0,178750
SUNPHARMA30Jan20430CE.NFO,07/01/2020,09:30:18,22.25,22.65,1250,23.4,1250,0,178750
SUNPHARMA30Jan20430CE.NFO,07/01/2020,09:30:29,22.25,22.6,1250,23.25,1250,0,178750
SUNPHARMA30Jan20430CE.NFO,07/01/2020,09:30:39,22.25,22.55,1250,23.4,1250,0,178750
SUNPHARMA30Jan20430CE.NFO,07/01/2020,09:30:45,22.25,22.55,1250,23.3,1250,0,178750
SUNPHARMA30Jan20430CE.NFO,07/01/2020,09:30:51,22.25,22.55,1250,23.25,1250,0,178750
SUNPHARMA30Jan20430CE.NFO,07/01/2020,09:30:55,22.25,22.55,1250,23.3,1250,0,178750
SUNPHARMA30Jan20430CE.NFO,07/01/2020,09:31:00,22.25,22.75,1250,23.45,1250,0,178750
SUNPHARMA30Jan20430CE.NFO,07/01/2020,09:31:05,22.25,22.9,1250,23.5,2500,0,178750
SUNPHARMA30Jan20430CE.NFO,07/01/2020,09:31:12,22.25,22.95,1250,24.05,6250,0,178750
SUNPHARMA30Jan20430CE.NFO,07/01/2020,09:31:18,22.25,23.05,1250,23.75,1250,0,178750
SUNPHARMA30Jan20430CE.NFO,07/01/2020,09:31:24,22.25,23.1,1250,23.65,1250,0,178750
SUNPHARMA30Jan20430CE.NFO,07/01/2020,09:31:35,22.25,22.7,11250,23.8,2500,0,178750
SUNPHARMA30Jan20430CE.NFO,07/01/2020,09:31:41,22.25,22.8,7500,24.15,3750,0,178750
SUNPHARMA30Jan20430CE.NFO,07/01/2020,09:31:46,22.25,23.2,1250,23.8,1250,0,178750
SUNPHARMA30Jan20430CE.NFO,07/01/2020,09:31:52,22.25,23.3,1250,23.85,1250,0,178750
SUNPHARMA30Jan20430CE.NFO,07/01/2020,09:31:57,22.25,23.45,1250,24.05,2500,0,178750
SUNPHARMA30Jan20430CE.NFO,07/01/2020,09:32:03,22.25,23.3,1250,23.95,1250,0,178750
SUNPHARMA30Jan20430CE.NFO,07/01/2020,09:32:17,22.25,23.4,1250,24.15,1250,0,178750
SUNPHARMA30Jan20430CE.NFO,07/01/2020,09:32:24,22.25,22.85,21250,24.15,1250,0,178750
SUNPHARMA30Jan20430CE.NFO,07/01/2020,09:32:31,22.25,23.55,1250,24.25,1250,0,178750
SUNPHARMA30Jan20430CE.NFO,07/01/2020,09:32:37,22.25,23.6,1250,24.25,1250,0,178750
SUNPHARMA30Jan20430CE.NFO,07/01/2020,09:32:44,22.25,23.75,1250,24.4,1250,0,178750
SUNPHARMA30Jan20430CE.NFO,07/01/2020,09:32:50,22.25,23.85,1250,24.55,1250,0,178750
SUNPHARMA30Jan20430CE.NFO,07/01/2020,09:32:56,22.25,23.85,1250,24.7,1250,0,178750
SUNPHARMA30Jan20430CE.NFO,07/01/2020,09:33:01,22.25,23.9,2500,24.65,2500,0,178750
SUNPHARMA30Jan20430CE.NFO,07/01/2020,09:33:13,22.25,23.8,1250,24.55,2500,0,178750
SUNPHARMA30Jan20430CE.NFO,07/01/2020,09:33:26,22.25,23.9,1250,24.55,2500,0,178750
SUNPHARMA30Jan20430CE.NFO,07/01/2020,09:33:32,22.25,23.85,1250,24.55,2500,0,178750
SUNPHARMA30Jan20430CE.NFO,07/01/2020,09:33:48,22.25,23.95,1250,24.55,2500,0,178750
SUNPHARMA30Jan20430CE.NFO,07/01/2020,09:33:53,22.25,23.9,1250,24.55,2500,0,178750
SUNPHARMA30Jan20430CE.NFO,07/01/2020,09:33:59,22.25,23.9,1250,24.7,1250,0,178750
SUNPHARMA30Jan20430CE.NFO,07/01/2020,09:34:04,22.25,23.9,1250,24.6,2500,0,178750
SUNPHARMA30Jan20430CE.NFO,07/01/2020,09:34:10,22.25,24.05,1250,24.8,2500,0,178750
SUNPHARMA30Jan20430CE.NFO,07/01/2020,09:34:16,22.25,24,1250,24.7,2500,0,178750
SUNPHARMA30Jan20430CE.NFO,07/01/2020,09:34:28,22.25,23.75,1250,24.6,2500,0,178750
SUNPHARMA30Jan20430CE.NFO,07/01/2020,09:34:41,22.25,23.85,1250,24.5,1250,0,178750
SUNPHARMA30Jan20430CE.NFO,07/01/2020,09:34:52,22.25,23.9,1250,24.5,1250,0,178750
SUNPHARMA30Jan20430CE.NFO,07/01/2020,09:34:58,22.25,23.95,1250,24.5,1250,0,178750
SUNPHARMA30Jan20430CE.NFO,07/01/2020,09:35:03,22.25,24.05,1250,24.5,1250,0,178750
SUNPHARMA30Jan20430CE.NFO,07/01/2020,09:35:19,22.25,23.95,1250,24.3,1250,0,178750
SUNPHARMA30Jan20430CE.NFO,07/01/2020,09:35:25,22.25,23.75,2500,24.3,1250,0,178750
SUNPHARMA30Jan20430CE.NFO,07/01/2020,09:35:30,24.3,23.95,1250,24.85,1250,1250,180000
SUNPHARMA30Jan20430CE.NFO,07/01/2020,09:35:30,24.3,23.95,1250,24.85,1250,0,180000
SUNPHARMA30Jan20430CE.NFO,07/01/2020,09:35:37,24.3,23.9,1250,24.65,2500,0,180000
SUNPHARMA30Jan20430CE.NFO,07/01/2020,09:35:44,24.3,24.05,2500,24.75,1250,0,180000
SUNPHARMA30Jan20430CE.NFO,07/01/2020,09:35:52,24.3,24.45,1250,25,1250,0,180000
SUNPHARMA30Jan20430CE.NFO,07/01/2020,09:36:06,24.3,24.55,1250,25,1250,0,180000
SUNPHARMA30Jan20430CE.NFO,07/01/2020,09:36:18,24.3,24.45,1250,25,1250,0,180000
SUNPHARMA30Jan20430CE.NFO,07/01/2020,09:36:24,24.3,24.3,1250,25.1,2500,0,180000
SUNPHARMA30Jan20430CE.NFO,07/01/2020,09:36:30,24.3,24.25,1250,24.95,1250,0,180000
SUNPHARMA30Jan20430CE.NFO,07/01/2020,09:36:36,24.3,24.3,1250,25.1,1250,0,180000
SUNPHARMA30Jan20430CE.NFO,07/01/2020,09:36:41,24.3,24.3,1250,25.05,2500,0,180000
SUNPHARMA30Jan20430CE.NFO,07/01/2020,09:36:52,24.3,24.3,1250,25.2,1250,0,180000
SUNPHARMA30Jan20430CE.NFO,07/01/2020,09:36:57,24.3,24.35,1250,25.1,1250,0,180000
SUNPHARMA30Jan20430CE.NFO,07/01/2020,09:37:03,24.3,24.4,1250,25.05,2500,0,180000
SUNPHARMA30Jan20430CE.NFO,07/01/2020,09:37:08,24.3,24.35,1250,25.05,2500,0,180000
SUNPHARMA30Jan20430CE.NFO,07/01/2020,09:37:14,24.3,24.4,1250,25.1,1250,0,180000
SUNPHARMA30Jan20430CE.NFO,07/01/2020,09:37:24,24.3,24.4,1250,25.1,2500,0,180000
SUNPHARMA30Jan20430CE.NFO,07/01/2020,09:37:29,24.3,24.4,1250,25.05,1250,0,180000
SUNPHARMA30Jan20430CE.NFO,07/01/2020,09:37:34,24.3,24.4,1250,25,2500,0,180000
SUNPHARMA30Jan20430CE.NFO,07/01/2020,09:37:39,24.3,24.35,1250,25,2500,0,180000
SUNPHARMA30Jan20430CE.NFO,07/01/2020,09:37:49,24.3,23.8,7500,25,2500,0,180000
SUNPHARMA30Jan20430CE.NFO,07/01/2020,09:38:04,24.3,24.2,2500,25,2500,0,180000
SUNPHARMA30Jan20430CE.NFO,07/01/2020,09:38:09,24.3,24.2,1250,24.9,1250,0,180000
SUNPHARMA30Jan20430CE.NFO,07/01/2020,09:38:14,24.3,24.3,1250,25,2500,0,180000
SUNPHARMA30Jan20430CE.NFO,07/01/2020,09:38:20,24.3,24.2,1250,24.9,1250,0,180000
SUNPHARMA30Jan20430CE.NFO,07/01/2020,09:38:24,24.3,24.35,1250,25,2500,0,180000
SUNPHARMA30Jan20430CE.NFO,07/01/2020,09:38:29,24.3,24.15,1250,24.9,1250,0,180000
SUNPHARMA30Jan20430CE.NFO,07/01/2020,09:38:33,24.3,24.25,1250,24.95,1250,0,180000
SUNPHARMA30Jan20430CE.NFO,07/01/2020,09:38:37,24.3,24.25,1250,25,2500,0,180000
SUNPHARMA30Jan20430CE.NFO,07/01/2020,09:38:42,24.3,24.3,1250,25,2500,0,180000
SUNPHARMA30Jan20430CE.NFO,07/01/2020,09:38:47,24.3,24.45,1250,25.1,1250,0,180000
SUNPHARMA30Jan20430CE.NFO,07/01/2020,09:38:53,24.3,24.2,2500,24.95,1250,0,180000
SUNPHARMA30Jan20430CE.NFO,07/01/2020,09:39:03,24.3,24.25,1250,25.35,7500,0,180000
SUNPHARMA30Jan20430CE.NFO,07/01/2020,09:39:08,24.3,24.25,1250,25.15,2500,0,180000
SUNPHARMA30Jan20430CE.NFO,07/01/2020,09:39:13,24.3,24.25,1250,25,1250,0,180000
SUNPHARMA30Jan20430CE.NFO,07/01/2020,09:39:18,24.3,24.35,1250,25.1,1250,0,180000
SUNPHARMA30Jan20430CE.NFO,07/01/2020,09:39:24,24.3,24.7,1250,25.4,1250,0,180000
SUNPHARMA30Jan20430CE.NFO,07/01/2020,09:39:29,24.3,24.65,1250,25.4,1250,0,180000
SUNPHARMA30Jan20430CE.NFO,07/01/2020,09:39:34,24.3,24.7,1250,25.35,2500,0,180000
SUNPHARMA30Jan20430CE.NFO,07/01/2020,09:39:39,24.3,24.65,1250,25.35,2500,0,180000
SUNPHARMA30Jan20430CE.NFO,07/01/2020,09:39:45,24.3,24.6,1250,25.3,1250,0,180000
SUNPHARMA30Jan20430CE.NFO,07/01/2020,09:39:50,24.3,24.65,1250,25.3,1250,0,180000
SUNPHARMA30Jan20430CE.NFO,07/01/2020,09:40:00,24.3,24.15,11250,25.25,2500,0,180000
SUNPHARMA30Jan20430CE.NFO,07/01/2020,09:40:06,24.3,24.7,1250,25.25,2500,0,180000
SUNPHARMA30Jan20430CE.NFO,07/01/2020,09:40:13,24.3,24.25,11250,25.25,2500,0,180000
SUNPHARMA30Jan20430CE.NFO,07/01/2020,09:40:18,24.3,24.6,1250,25.3,1250,0,180000
SUNPHARMA30Jan20430CE.NFO,07/01/2020,09:40:24,24.3,24.6,1250,25.2,1250,0,180000
SUNPHARMA30Jan20430CE.NFO,07/01/2020,09:40:36,24.3,24.45,1250,25.25,2500,0,180000
SUNPHARMA30Jan20430CE.NFO,07/01/2020,09:40:41,24.3,24.35,1250,25,1250,0,180000
SUNPHARMA30Jan20430CE.NFO,07/01/2020,09:40:52,24.3,24.25,1250,24.9,1250,0,180000
SUNPHARMA30Jan20430CE.NFO,07/01/2020,09:40:57,24.3,24.25,1250,24.8,1250,0,180000
SUNPHARMA30Jan20430CE.NFO,07/01/2020,09:41:03,24.3,24.2,1250,24.8,2500,0,180000
SUNPHARMA30Jan20430CE.NFO,07/01/2020,09:41:09,24.3,24.1,1250,24.8,1250,0,180000
SUNPHARMA30Jan20430CE.NFO,07/01/2020,09:41:14,24.3,24.2,1250,24.75,2500,0,180000
SUNPHARMA30Jan20430CE.NFO,07/01/2020,09:41:19,24.35,24.15,1250,24.7,1250,1250,180000
SUNPHARMA30Jan20430CE.NFO,07/01/2020,09:41:19,24.35,24.15,1250,24.7,1250,0,180000
SUNPHARMA30Jan20430CE.NFO,07/01/2020,09:41:24,24.35,24,1250,24.6,1250,0,180000
SUNPHARMA30Jan20430CE.NFO,07/01/2020,09:41:30,24.35,23.9,1250,24.65,1250,0,180000
SUNPHARMA30Jan20430CE.NFO,07/01/2020,09:41:35,24.35,24,1250,24.65,1250,0,180000
SUNPHARMA30Jan20430CE.NFO,07/01/2020,09:41:39,24.35,24.05,3750,25.25,7500,0,180000
SUNPHARMA30Jan20430CE.NFO,07/01/2020,09:41:44,24.35,24.2,2500,25.25,6250,0,180000
SUNPHARMA30Jan20430CE.NFO,07/01/2020,09:41:49,24.35,24.25,1250,25.25,6250,0,180000
SUNPHARMA30Jan20430CE.NFO,07/01/2020,09:41:56,24.35,24.3,1250,25.2,2500,0,180000
SUNPHARMA30Jan20430CE.NFO,07/01/2020,09:42:04,24.35,24.25,1250,24.9,1250,0,180000
SUNPHARMA30Jan20430CE.NFO,07/01/2020,09:42:11,24.35,24.3,1250,24.95,2500,0,180000
SUNPHARMA30Jan20430CE.NFO,07/01/2020,09:42:18,24.35,24.15,1250,24.85,1250,0,180000
SUNPHARMA30Jan20430CE.NFO,07/01/2020,09:42:24,24.35,24.15,1250,24.85,2500,0,180000
SUNPHARMA30Jan20430CE.NFO,07/01/2020,09:42:31,24.35,24,2500,24.8,1250,0,180000
SUNPHARMA30Jan20430CE.NFO,07/01/2020,09:42:39,24.35,24,1250,24.7,1250,0,180000
SUNPHARMA30Jan20430CE.NFO,07/01/2020,09:42:52,24.35,24,1250,24.65,2500,0,180000
SUNPHARMA30Jan20430CE.NFO,07/01/2020,09:42:59,24.35,23.85,1250,24.6,1250,0,180000
SUNPHARMA30Jan20430CE.NFO,07/01/2020,09:43:05,24.35,23.85,3750,24.55,2500,0,180000
SUNPHARMA30Jan20430CE.NFO,07/01/2020,09:43:10,24.35,23.9,1250,24.55,2500,0,180000
SUNPHARMA30Jan20430CE.NFO,07/01/2020,09:43:19,24.35,23.9,1250,24.75,3750,0,180000
SUNPHARMA30Jan20430CE.NFO,07/01/2020,09:43:25,24.35,23.95,1250,24.75,3750,0,180000
SUNPHARMA30Jan20430CE.NFO,07/01/2020,09:43:30,24.35,24.05,2500,24.75,3750,0,180000
SUNPHARMA30Jan20430CE.NFO,07/01/2020,09:43:35,24.35,23.9,1250,24.75,3750,0,180000
SUNPHARMA30Jan20430CE.NFO,07/01/2020,09:43:45,24.35,23.95,2500,24.7,1250,0,180000
SUNPHARMA30Jan20430CE.NFO,07/01/2020,09:43:51,24.35,23.95,1250,24.65,2500,0,180000
SUNPHARMA30Jan20430CE.NFO,07/01/2020,09:43:56,24.35,24,2500,24.65,2500,0,180000
SUNPHARMA30Jan20430CE.NFO,07/01/2020,09:44:08,24.35,23.9,1250,24.6,1250,0,180000
SUNPHARMA30Jan20430CE.NFO,07/01/2020,09:44:13,24.35,23.9,1250,24.55,1250,0,180000
SUNPHARMA30Jan20430CE.NFO,07/01/2020,09:44:19,24.35,23.85,2500,24.45,1250,0,180000
SUNPHARMA30Jan20430CE.NFO,07/01/2020,09:44:25,24.35,23.9,2500,24.5,2500,0,180000
SUNPHARMA30Jan20430CE.NFO,07/01/2020,09:44:30,24.35,23.9,1250,24.5,2500,0,180000
SUNPHARMA30Jan20430CE.NFO,07/01/2020,09:44:34,24.35,23.85,2500,24.6,1250,0,180000
SUNPHARMA30Jan20430CE.NFO,07/01/2020,09:44:39,24.35,24,1250,24.6,1250,0,180000
SUNPHARMA30Jan20430CE.NFO,07/01/2020,09:44:54,24.35,23.9,1250,24.85,2500,0,180000
SUNPHARMA30Jan20430CE.NFO,07/01/2020,09:45:00,24.35,24,2500,24.65,1250,0,180000
SUNPHARMA30Jan20430CE.NFO,07/01/2020,09:45:05,24.35,23.95,1250,24.65,1250,0,180000
SUNPHARMA30Jan20430CE.NFO,07/01/2020,09:45:12,24.35,23.65,12500,24.7,2500,0,180000
SUNPHARMA30Jan20430CE.NFO,07/01/2020,09:45:20,24.35,24.05,1250,24.6,2500,0,180000
SUNPHARMA30Jan20430CE.NFO,07/01/2020,09:45:26,24.35,24,1250,24.6,1250,0,180000
SUNPHARMA30Jan20430CE.NFO,07/01/2020,09:45:32,24.35,24.1,1250,24.6,1250,0,180000
SUNPHARMA30Jan20430CE.NFO,07/01/2020,09:46:05,24.35,23.85,1250,24.75,1250,0,180000
SUNPHARMA30Jan20430CE.NFO,07/01/2020,09:46:10,24.35,23.85,1250,24.55,1250,0,180000
SUNPHARMA30Jan20430CE.NFO,07/01/2020,09:46:15,24.35,23.8,1250,24.4,1250,0,180000
SUNPHARMA30Jan20430CE.NFO,07/01/2020,09:46:20,24.35,23.75,1250,24.35,2500,0,180000
SUNPHARMA30Jan20430CE.NFO,07/01/2020,09:46:26,24.35,23.65,1250,24.35,3750,0,180000
SUNPHARMA30Jan20430CE.NFO,07/01/2020,09:46:32,24.35,23.65,1250,24.25,1250,0,180000
SUNPHARMA30Jan20430CE.NFO,07/01/2020,09:46:38,24.35,23.6,1250,24.2,2500,0,180000
SUNPHARMA30Jan20430CE.NFO,07/01/2020,09:47:00,24.35,23.6,1250,24.2,3750,0,180000
SUNPHARMA30Jan20430CE.NFO,07/01/2020,09:47:09,24.35,23.6,1250,24.2,2500,0,180000
SUNPHARMA30Jan20430CE.NFO,07/01/2020,09:47:14,24.35,23.55,1250,24.2,2500,0,180000
SUNPHARMA30Jan20430CE.NFO,07/01/2020,09:47:19,24.35,23.65,1250,24.2,2500,0,180000
SUNPHARMA30Jan20430CE.NFO,07/01/2020,09:47:24,24.35,23.5,1250,24,1250,0,180000
SUNPHARMA30Jan20430CE.NFO,07/01/2020,09:47:29,24.35,23.5,2500,24.05,2500,0,180000
SUNPHARMA30Jan20430CE.NFO,07/01/2020,09:47:37,24.35,23.5,1250,24.05,2500,0,180000
SUNPHARMA30Jan20430CE.NFO,07/01/2020,09:47:46,23.3,22.85,1250,24.1,2500,1250,180000
SUNPHARMA30Jan20430CE.NFO,07/01/2020,09:47:51,23.3,22.75,1250,23.85,2500,0,180000
SUNPHARMA30Jan20430CE.NFO,07/01/2020,09:47:55,23.3,22.95,2500,23.75,1250,0,180000
SUNPHARMA30Jan20430CE.NFO,07/01/2020,09:48:00,23.3,22.95,1250,23.65,2500,0,180000
SUNPHARMA30Jan20430CE.NFO,07/01/2020,09:48:05,23.3,23,1250,23.8,1250,0,180000
SUNPHARMA30Jan20430CE.NFO,07/01/2020,09:48:10,23.3,23.05,2500,23.7,2500,0,180000
SUNPHARMA30Jan20430CE.NFO,07/01/2020,09:48:19,23.3,23,1250,23.7,2500,0,180000
SUNPHARMA30Jan20430CE.NFO,07/01/2020,09:48:24,23.3,23.1,1250,23.7,2500,0,180000
SUNPHARMA30Jan20430CE.NFO,07/01/2020,09:48:30,23.3,23.05,1250,23.7,2500,0,180000
SUNPHARMA30Jan20430CE.NFO,07/01/2020,09:48:36,23.3,22.95,1250,23.7,2500,0,180000
SUNPHARMA30Jan20430CE.NFO,07/01/2020,09:48:54,23.3,23,3750,23.8,1250,0,180000
SUNPHARMA30Jan20430CE.NFO,07/01/2020,09:49:00,23.3,22.95,1250,23.7,1250,0,180000
SUNPHARMA30Jan20430CE.NFO,07/01/2020,09:49:07,23.3,23,1250,23.65,2500,0,180000
SUNPHARMA30Jan20430CE.NFO,07/01/2020,09:49:18,23.3,23.05,1250,23.8,1250,0,180000
SUNPHARMA30Jan20430CE.NFO,07/01/2020,09:49:23,23.3,23.05,1250,23.7,1250,0,180000
SUNPHARMA30Jan20430CE.NFO,07/01/2020,09:49:29,23.3,23.05,1250,23.6,2500,0,180000
SUNPHARMA30Jan20430CE.NFO,07/01/2020,09:49:35,23.3,23.05,1250,23.55,1250,0,180000
SUNPHARMA30Jan20430CE.NFO,07/01/2020,09:49:40,23.3,23,1250,23.6,2500,0,180000
SUNPHARMA30Jan20430CE.NFO,07/01/2020,09:49:46,23.3,23.05,1250,23.75,1250,0,180000
SUNPHARMA30Jan20430CE.NFO,07/01/2020,09:49:51,23.3,22.95,1250,23.65,1250,0,180000
SUNPHARMA30Jan20430CE.NFO,07/01/2020,09:49:56,23.3,23.1,1250,23.8,1250,0,180000
SUNPHARMA30Jan20430CE.NFO,07/01/2020,09:50:00,23.3,23.1,1250,23.75,2500,0,180000
SUNPHARMA30Jan20430CE.NFO,07/01/2020,09:50:05,23.3,23.2,2500,23.9,1250,0,180000
SUNPHARMA30Jan20430CE.NFO,07/01/2020,09:50:30,23.3,23.3,1250,23.9,1250,0,180000
SUNPHARMA30Jan20430CE.NFO,07/01/2020,09:50:34,23.3,23.3,1250,23.85,2500,0,180000
SUNPHARMA30Jan20430CE.NFO,07/01/2020,09:50:39,23.3,23.3,1250,23.9,1250,0,180000
SUNPHARMA30Jan20430CE.NFO,07/01/2020,09:50:58,23.3,23.1,1250,23.75,1250,0,180000
SUNPHARMA30Jan20430CE.NFO,07/01/2020,09:51:03,23.3,23.1,1250,23.8,1250,0,180000
SUNPHARMA30Jan20430CE.NFO,07/01/2020,09:51:09,23.3,23.1,1250,23.75,2500,0,180000
SUNPHARMA30Jan20430CE.NFO,07/01/2020,09:51:14,23.3,23.1,1250,23.95,3750,0,180000
SUNPHARMA30Jan20430CE.NFO,07/01/2020,09:51:18,23.3,23.1,1250,23.75,1250,0,180000
SUNPHARMA30Jan20430CE.NFO,07/01/2020,09:51:22,23.3,23,1250,23.65,2500,0,180000
SUNPHARMA30Jan20430CE.NFO,07/01/2020,09:51:26,23.3,22.95,2500,23.65,2500,0,180000
SUNPHARMA30Jan20430CE.NFO,07/01/2020,09:51:34,23.3,23,1250,23.65,2500,0,180000
SUNPHARMA30Jan20430CE.NFO,07/01/2020,09:51:44,23.3,23.05,1250,23.65,2500,0,180000
SUNPHARMA30Jan20430CE.NFO,07/01/2020,09:51:49,23.3,23.05,1250,23.75,1250,0,180000
SUNPHARMA30Jan20430CE.NFO,07/01/2020,09:51:54,23.3,23.05,1250,23.65,1250,0,180000
SUNPHARMA30Jan20430CE.NFO,07/01/2020,09:52:08,23.3,23.05,1250,23.9,3750,0,180000
SUNPHARMA30Jan20430CE.NFO,07/01/2020,09:52:14,23.3,22.75,1250,23.65,1250,0,180000
SUNPHARMA30Jan20430CE.NFO,07/01/2020,09:52:19,23.3,22.65,2500,23.45,1250,0,180000
SUNPHARMA30Jan20430CE.NFO,07/01/2020,09:52:23,23.3,22.65,2500,23.3,1250,0,180000
SUNPHARMA30Jan20430CE.NFO,07/01/2020,09:52:29,23.3,22.5,2500,23.25,1250,0,180000
SUNPHARMA30Jan20430CE.NFO,07/01/2020,09:52:35,23.3,22.6,1250,23.25,1250,0,180000
SUNPHARMA30Jan20430CE.NFO,07/01/2020,09:52:39,23.3,22.35,3750,23.15,1250,0,180000
SUNPHARMA30Jan20430CE.NFO,07/01/2020,09:52:43,23.3,22.45,2500,23.05,1250,0,180000
SUNPHARMA30Jan20430CE.NFO,07/01/2020,09:52:57,23.3,22.45,1250,23.05,1250,0,180000
SUNPHARMA30Jan20430CE.NFO,07/01/2020,09:53:02,23.3,22.45,1250,23.1,1250,0,180000
SUNPHARMA30Jan20430CE.NFO,07/01/2020,09:53:09,23.3,22.55,1250,23.2,1250,0,180000
SUNPHARMA30Jan20430CE.NFO,07/01/2020,09:53:15,23.3,22.5,1250,23.15,2500,0,180000
SUNPHARMA30Jan20430CE.NFO,07/01/2020,09:53:25,23.3,22.5,1250,23.05,2500,0,180000
SUNPHARMA30Jan20430CE.NFO,07/01/2020,09:53:30,23.3,22.5,1250,23.2,1250,0,180000
SUNPHARMA30Jan20430CE.NFO,07/01/2020,09:53:34,23.3,22.5,1250,23.15,3750,0,180000
SUNPHARMA30Jan20430CE.NFO,07/01/2020,09:53:40,23.3,22.55,1250,23.15,3750,0,180000
SUNPHARMA30Jan20430CE.NFO,07/01/2020,09:53:50,23.3,22.6,1250,23.35,1250,0,180000
SUNPHARMA30Jan20430CE.NFO,07/01/2020,09:53:55,23.3,22.65,1250,23.35,1250,0,180000
SUNPHARMA30Jan20430CE.NFO,07/01/2020,09:54:00,23.3,22.65,1250,23.45,1250,0,180000
SUNPHARMA30Jan20430CE.NFO,07/01/2020,09:54:05,23.3,22.7,1250,23.35,1250,0,180000
SUNPHARMA30Jan20430CE.NFO,07/01/2020,09:54:10,23.3,22.65,2500,23.3,2500,0,180000
SUNPHARMA30Jan20430CE.NFO,07/01/2020,09:54:21,23.3,22.65,1250,23.5,1250,0,180000
SUNPHARMA30Jan20430CE.NFO,07/01/2020,09:54:27,23.3,22.65,1250,23.3,1250,0,180000
SUNPHARMA30Jan20430CE.NFO,07/01/2020,09:54:32,23.3,22.65,1250,23.25,3750,0,180000
SUNPHARMA30Jan20430CE.NFO,07/01/2020,09:54:36,23.3,22.65,1250,23.35,1250,0,180000
SUNPHARMA30Jan20430CE.NFO,07/01/2020,09:54:41,23.3,22.65,1250,23.3,2500,0,180000
SUNPHARMA30Jan20430CE.NFO,07/01/2020,09:54:51,23.3,22.8,1250,23.4,2500,0,180000
SUNPHARMA30Jan20430CE.NFO,07/01/2020,09:54:56,23.3,22.75,1250,23.4,2500,0,180000
SUNPHARMA30Jan20430CE.NFO,07/01/2020,09:55:19,23.3,22.8,1250,23.4,2500,0,180000
SUNPHARMA30Jan20430CE.NFO,07/01/2020,09:55:24,23.3,22.85,1250,23.4,2500,0,180000
SUNPHARMA30Jan20430CE.NFO,07/01/2020,09:55:35,23.3,22.8,2500,23.75,1250,0,180000
SUNPHARMA30Jan20430CE.NFO,07/01/2020,09:55:40,23.3,22.85,1250,23.55,1250,0,180000
SUNPHARMA30Jan20430CE.NFO,07/01/2020,09:55:44,23.3,22.85,1250,23.5,3750,0,180000
SUNPHARMA30Jan20430CE.NFO,07/01/2020,09:55:49,23.3,23,1250,23.5,3750,0,180000
SUNPHARMA30Jan20430CE.NFO,07/01/2020,09:56:07,23.3,23,1250,23.7,1250,0,180000
SUNPHARMA30Jan20430CE.NFO,07/01/2020,09:56:14,23.3,23,1250,23.6,1250,0,180000
SUNPHARMA30Jan20430CE.NFO,07/01/2020,09:56:21,23.3,23,1250,23.55,2500,0,180000
SUNPHARMA30Jan20430CE.NFO,07/01/2020,09:56:27,23.3,23,1250,23.65,1250,0,180000
SUNPHARMA30Jan20430CE.NFO,07/01/2020,09:56:34,23.3,23,1250,23.6,2500,0,180000
SUNPHARMA30Jan20430CE.NFO,07/01/2020,09:56:39,23.3,23,1250,23.85,1250,0,180000
SUNPHARMA30Jan20430CE.NFO,07/01/2020,09:56:44,23.3,23.05,1250,23.75,1250,0,180000
SUNPHARMA30Jan20430CE.NFO,07/01/2020,09:56:48,23.3,23.05,1250,23.7,3750,0,180000
SUNPHARMA30Jan20430CE.NFO,07/01/2020,09:56:52,23.3,23.1,2500,23.7,2500,0,180000
SUNPHARMA30Jan20430CE.NFO,07/01/2020,09:57:05,23.3,23.1,2500,23.55,1250,0,180000
SUNPHARMA30Jan20430CE.NFO,07/01/2020,09:57:10,23.3,23.15,1250,23.55,1250,0,180000
SUNPHARMA30Jan20430CE.NFO,07/01/2020,09:57:46,23.3,23.2,1250,23.55,1250,0,180000
SUNPHARMA30Jan20430CE.NFO,07/01/2020,09:57:50,23.3,23,1250,23.65,1250,0,180000
SUNPHARMA30Jan20430CE.NFO,07/01/2020,09:57:54,23.3,23.05,1250,23.55,1250,0,180000
SUNPHARMA30Jan20430CE.NFO,07/01/2020,09:57:59,23.3,23.1,1250,23.85,2500,0,180000
SUNPHARMA30Jan20430CE.NFO,07/01/2020,09:58:04,23.3,23.05,1250,23.75,1250,0,180000
SUNPHARMA30Jan20430CE.NFO,07/01/2020,09:58:09,23.3,23.05,1250,23.65,1250,0,180000
SUNPHARMA30Jan20430CE.NFO,07/01/2020,09:58:15,23.3,23.05,1250,23.6,2500,0,180000
SUNPHARMA30Jan20430CE.NFO,07/01/2020,09:58:25,23.3,23,1250,23.5,1250,0,180000
SUNPHARMA30Jan20430CE.NFO,07/01/2020,09:58:30,23.3,23.05,1250,23.6,2500,0,180000
SUNPHARMA30Jan20430CE.NFO,07/01/2020,09:58:38,23.3,23,1250,23.6,2500,0,180000
SUNPHARMA30Jan20430CE.NFO,07/01/2020,09:59:00,23.3,23.05,1250,23.6,2500,0,180000
SUNPHARMA30Jan20430CE.NFO,07/01/2020,09:59:06,23.3,23,1250,23.6,2500,0,180000
SUNPHARMA30Jan20430CE.NFO,07/01/2020,09:59:18,23.3,23,1250,23.5,1250,0,180000
SUNPHARMA30Jan20430CE.NFO,07/01/2020,09:59:29,23.3,23,1250,23.6,1250,0,180000
SUNPHARMA30Jan20430CE.NFO,07/01/2020,09:59:34,23.3,23.05,1250,23.5,1250,0,180000
SUNPHARMA30Jan20430CE.NFO,07/01/2020,09:59:39,23.3,23.05,1250,23.55,2500,0,180000
SUNPHARMA30Jan20430CE.NFO,07/01/2020,09:59:52,23.3,23,1250,23.55,2500,0,180000
SUNPHARMA30Jan20430CE.NFO,07/01/2020,10:00:01,23.3,23,1250,23.45,1250,0,180000
SUNPHARMA30Jan20430CE.NFO,07/01/2020,10:00:09,23.3,23,1250,23.4,2500,0,180000
SUNPHARMA30Jan20430CE.NFO,07/01/2020,10:00:13,23.3,23,1250,23.8,2500,0,180000
SUNPHARMA30Jan20430CE.NFO,07/01/2020,10:00:16,23.3,23,1250,23.55,1250,0,180000
SUNPHARMA30Jan20430CE.NFO,07/01/2020,10:00:21,23.3,23,1250,23.45,1250,0,180000
SUNPHARMA30Jan20430CE.NFO,07/01/2020,10:00:27,23.3,23,1250,23.35,1250,0,180000
SUNPHARMA30Jan20430CE.NFO,07/01/2020,10:00:48,23.3,23,1250,23.25,1250,0,180000
SUNPHARMA30Jan20430CE.NFO,07/01/2020,10:00:54,23,22.6,1250,23.25,1250,1250,180000
SUNPHARMA30Jan20430CE.NFO,07/01/2020,10:01:00,23,22.65,1250,23.3,1250,0,180000
SUNPHARMA30Jan20430CE.NFO,07/01/2020,10:01:07,23,22.7,1250,23.25,2500,0,180000
SUNPHARMA30Jan20430CE.NFO,07/01/2020,10:01:32,23,22.65,1250,23.35,1250,0,180000
SUNPHARMA30Jan20430CE.NFO,07/01/2020,10:01:37,23,22.65,2500,23.3,2500,0,180000
SUNPHARMA30Jan20430CE.NFO,07/01/2020,10:01:42,23,22.7,1250,23.3,2500,0,180000
SUNPHARMA30Jan20430CE.NFO,07/01/2020,10:01:49,23,22.6,3750,23.25,1250,0,180000
SUNPHARMA30Jan20430CE.NFO,07/01/2020,10:01:55,23,22.6,2500,23.25,1250,0,180000
SUNPHARMA30Jan20430CE.NFO,07/01/2020,10:02:01,23,22.6,2500,23.2,2500,0,180000
SUNPHARMA30Jan20430CE.NFO,07/01/2020,10:02:06,23,22.65,1250,23.4,1250,0,180000
SUNPHARMA30Jan20430CE.NFO,07/01/2020,10:02:11,23,22.65,1250,23.3,1250,0,180000
SUNPHARMA30Jan20430CE.NFO,07/01/2020,10:02:17,23,22.75,1250,23.35,1250,0,180000
SUNPHARMA30Jan20430CE.NFO,07/01/2020,10:02:27,23,22.7,3750,23.35,1250,0,180000
SUNPHARMA30Jan20430CE.NFO,07/01/2020,10:02:31,23,22.75,1250,23.3,2500,0,180000
SUNPHARMA30Jan20430CE.NFO,07/01/2020,10:02:37,23,22.7,1250,23.3,2500,0,180000
SUNPHARMA30Jan20430CE.NFO,07/01/2020,10:02:42,23,22.75,1250,23.3,2500,0,180000
SUNPHARMA30Jan20430CE.NFO,07/01/2020,10:02:52,23,22.7,1250,23.35,1250,0,180000
SUNPHARMA30Jan20430CE.NFO,07/01/2020,10:02:57,23,22.65,3750,23.3,1250,0,180000
SUNPHARMA30Jan20430CE.NFO,07/01/2020,10:03:03,23,22.75,1250,23.55,1250,0,180000
SUNPHARMA30Jan20430CE.NFO,07/01/2020,10:03:08,23,22.7,1250,23.45,1250,0,180000
SUNPHARMA30Jan20430CE.NFO,07/01/2020,10:03:14,23,22.65,1250,23.3,1250,0,180000
SUNPHARMA30Jan20430CE.NFO,07/01/2020,10:03:20,23,22.7,1250,23.4,1250,0,180000
SUNPHARMA30Jan20430CE.NFO,07/01/2020,10:03:26,23,22.8,1250,23.4,1250,0,180000
SUNPHARMA30Jan20430CE.NFO,07/01/2020,10:03:31,23,22.7,1250,23.35,2500,0,180000
SUNPHARMA30Jan20430CE.NFO,07/01/2020,10:04:03,23,22.75,1250,23.35,2500,0,180000
SUNPHARMA30Jan20430CE.NFO,07/01/2020,10:04:19,23,22.6,1250,23.55,2500,0,180000
SUNPHARMA30Jan20430CE.NFO,07/01/2020,10:04:24,23,22.75,1250,23.4,1250,0,180000
SUNPHARMA30Jan20430CE.NFO,07/01/2020,10:04:29,23,22.75,1250,23.45,1250,0,180000
SUNPHARMA30Jan20430CE.NFO,07/01/2020,10:04:35,23,22.75,1250,23.4,2500,0,180000
SUNPHARMA30Jan20430CE.NFO,07/01/2020,10:04:40,23,22.75,1250,23.3,1250,0,180000
SUNPHARMA30Jan20430CE.NFO,07/01/2020,10:04:45,23,22.75,1250,23.35,1250,0,180000
SUNPHARMA30Jan20430CE.NFO,07/01/2020,10:04:50,23,22.75,1250,23.4,1250,0,180000
SUNPHARMA30Jan20430CE.NFO,07/01/2020,10:04:56,23,22.75,1250,23.35,1250,0,180000
SUNPHARMA30Jan20430CE.NFO,07/01/2020,10:05:01,23,22.65,2500,23.3,1250,0,180000
SUNPHARMA30Jan20430CE.NFO,07/01/2020,10:05:07,23,22.7,1250,23.25,1250,0,180000
SUNPHARMA30Jan20430CE.NFO,07/01/2020,10:05:12,23,22.7,1250,23.3,1250,0,180000
SUNPHARMA30Jan20430CE.NFO,07/01/2020,10:05:17,23,22.75,1250,23.5,1250,0,180000
SUNPHARMA30Jan20430CE.NFO,07/01/2020,10:05:21,23,22.8,1250,23.4,1250,0,180000
SUNPHARMA30Jan20430CE.NFO,07/01/2020,10:05:38,23,22.8,1250,23.55,1250,0,180000
SUNPHARMA30Jan20430CE.NFO,07/01/2020,10:05:44,23,22.8,1250,23.45,1250,0,180000
SUNPHARMA30Jan20430CE.NFO,07/01/2020,10:05:50,23,22.85,2500,23.5,2500,0,180000
SUNPHARMA30Jan20430CE.NFO,07/01/2020,10:05:56,23,22.9,1250,23.5,2500,0,180000
SUNPHARMA30Jan20430CE.NFO,07/01/2020,10:06:07,23,22.7,2500,23.5,2500,0,180000
SUNPHARMA30Jan20430CE.NFO,07/01/2020,10:06:14,23,22.8,2500,23.5,2500,0,180000
SUNPHARMA30Jan20430CE.NFO,07/01/2020,10:06:25,23,22.55,1250,23.4,1250,0,180000
SUNPHARMA30Jan20430CE.NFO,07/01/2020,10:06:31,23,22.7,1250,23.35,3750,0,180000
SUNPHARMA30Jan20430CE.NFO,07/01/2020,10:06:36,23,22.7,1250,23.7,2500,0,180000
SUNPHARMA30Jan20430CE.NFO,07/01/2020,10:06:41,23,22.8,1250,23.5,1250,0,180000
SUNPHARMA30Jan20430CE.NFO,07/01/2020,10:06:46,23,22.7,2500,23.45,2500,0,180000
SUNPHARMA30Jan20430CE.NFO,07/01/2020,10:06:52,23,22.7,3750,23.35,1250,0,180000
SUNPHARMA30Jan20430CE.NFO,07/01/2020,10:06:57,23,22.6,1250,23.4,3750,0,180000
SUNPHARMA30Jan20430CE.NFO,07/01/2020,10:07:01,23,22.7,1250,23.4,3750,0,180000
SUNPHARMA30Jan20430CE.NFO,07/01/2020,10:07:17,23,22.6,1250,23.4,3750,0,180000
SUNPHARMA30Jan20430CE.NFO,07/01/2020,10:07:23,23,22.7,1250,23.4,3750,0,180000
SUNPHARMA30Jan20430CE.NFO,07/01/2020,10:07:29,23,22.4,3750,23.4,1250,0,180000
SUNPHARMA30Jan20430CE.NFO,07/01/2020,10:07:36,23,22.6,1250,23.3,1250,0,180000
SUNPHARMA30Jan20430CE.NFO,07/01/2020,10:07:42,23,22.45,1250,23.2,1250,0,180000
SUNPHARMA30Jan20430CE.NFO,07/01/2020,10:07:48,23,22.5,1250,23.15,3750,0,180000
SUNPHARMA30Jan20430CE.NFO,07/01/2020,10:07:54,23,22.55,1250,23.15,3750,0,180000
SUNPHARMA30Jan20430CE.NFO,07/01/2020,10:07:59,23,22.45,1250,23.15,1250,0,180000
SUNPHARMA30Jan20430CE.NFO,07/01/2020,10:08:04,23,22.5,1250,23.1,3750,0,180000
SUNPHARMA30Jan20430CE.NFO,07/01/2020,10:08:14,23,22.4,2500,23.05,1250,0,180000
SUNPHARMA30Jan20430CE.NFO,07/01/2020,10:08:25,23,22.45,2500,23,2500,0,180000
SUNPHARMA30Jan20430CE.NFO,07/01/2020,10:08:31,23,22.3,1250,22.9,1250,0,180000
SUNPHARMA30Jan20430CE.NFO,07/01/2020,10:08:38,23,22.25,2500,22.85,2500,0,180000
SUNPHARMA30Jan20430CE.NFO,07/01/2020,10:08:50,23,22.3,1250,22.9,2500,0,180000
SUNPHARMA30Jan20430CE.NFO,07/01/2020,10:08:56,23,22.3,2500,22.9,2500,0,180000
SUNPHARMA30Jan20430CE.NFO,07/01/2020,10:09:01,23,22.35,1250,22.9,2500,0,180000
SUNPHARMA30Jan20430CE.NFO,07/01/2020,10:09:07,23,22.3,1250,22.85,2500,0,180000
SUNPHARMA30Jan20430CE.NFO,07/01/2020,10:09:12,23,22.25,2500,22.75,1250,0,180000
SUNPHARMA30Jan20430CE.NFO,07/01/2020,10:09:17,23,22.3,2500,22.7,2500,0,180000
SUNPHARMA30Jan20430CE.NFO,07/01/2020,10:09:23,23,22.3,1250,22.9,1250,0,180000
SUNPHARMA30Jan20430CE.NFO,07/01/2020,10:09:28,23,22.25,1250,22.8,1250,0,180000
SUNPHARMA30Jan20430CE.NFO,07/01/2020,10:09:34,23,22.25,2500,22.85,3750,0,180000
SUNPHARMA30Jan20430CE.NFO,07/01/2020,10:09:39,23,22.25,3750,22.85,3750,0,180000
SUNPHARMA30Jan20430CE.NFO,07/01/2020,10:09:43,23,22.3,1250,22.85,3750,0,180000
SUNPHARMA30Jan20430CE.NFO,07/01/2020,10:09:48,23,22.25,1250,22.8,1250,0,180000
SUNPHARMA30Jan20430CE.NFO,07/01/2020,10:09:53,23,22.25,2500,22.75,3750,0,180000
SUNPHARMA30Jan20430CE.NFO,07/01/2020,10:09:59,23,22.25,2500,22.75,2500,0,180000
SUNPHARMA30Jan20430CE.NFO,07/01/2020,10:10:13,23,22.3,2500,22.75,2500,0,180000
SUNPHARMA30Jan20430CE.NFO,07/01/2020,10:10:19,23,22.35,2500,22.95,1250,0,180000
SUNPHARMA30Jan20430CE.NFO,07/01/2020,10:10:24,23,22.3,1250,22.9,2500,0,180000
SUNPHARMA30Jan20430CE.NFO,07/01/2020,10:10:34,23,22.3,1250,22.8,1250,0,180000
SUNPHARMA30Jan20430CE.NFO,07/01/2020,10:10:38,23,22.1,2500,22.75,1250,0,180000
SUNPHARMA30Jan20430CE.NFO,07/01/2020,10:10:43,23,22.2,1250,22.7,1250,0,180000
SUNPHARMA30Jan20430CE.NFO,07/01/2020,10:10:49,23,22.05,2500,22.75,1250,0,180000
SUNPHARMA30Jan20430CE.NFO,07/01/2020,10:10:53,23,22.05,2500,22.65,1250,0,180000
SUNPHARMA30Jan20430CE.NFO,07/01/2020,10:10:58,23,22.05,2500,22.6,5000,0,180000
SUNPHARMA30Jan20430CE.NFO,07/01/2020,10:11:02,23,22.05,2500,22.6,3750,0,180000
SUNPHARMA30Jan20430CE.NFO,07/01/2020,10:11:07,23,21.7,2500,22.5,1250,0,180000
SUNPHARMA30Jan20430CE.NFO,07/01/2020,10:11:12,23,21.9,1250,22.45,2500,0,180000
SUNPHARMA30Jan20430CE.NFO,07/01/2020,10:11:23,23,21.95,2500,22.45,1250,0,180000
SUNPHARMA30Jan20430CE.NFO,07/01/2020,10:11:28,23,21.95,1250,22.45,1250,0,180000
SUNPHARMA30Jan20430CE.NFO,07/01/2020,10:11:34,23,21.75,1250,22.3,2500,0,180000
SUNPHARMA30Jan20430CE.NFO,07/01/2020,10:11:39,23,21.9,1250,22.55,1250,0,180000
SUNPHARMA30Jan20430CE.NFO,07/01/2020,10:11:45,23,21.9,1250,22.65,1250,0,180000
SUNPHARMA30Jan20430CE.NFO,07/01/2020,10:11:51,23,21.9,1250,22.55,1250,0,180000
SUNPHARMA30Jan20430CE.NFO,07/01/2020,10:11:58,23,21.9,3750,22.6,1250,0,180000
SUNPHARMA30Jan20430CE.NFO,07/01/2020,10:12:04,23,21.85,1250,22.6,1250,0,180000
SUNPHARMA30Jan20430CE.NFO,07/01/2020,10:12:10,23,21.95,1250,22.6,1250,0,180000
SUNPHARMA30Jan20430CE.NFO,07/01/2020,10:12:15,23,21.9,1250,22.4,2500,0,180000
SUNPHARMA30Jan20430CE.NFO,07/01/2020,10:12:20,23,21.85,1250,22.4,2500,0,180000
SUNPHARMA30Jan20430CE.NFO,07/01/2020,10:12:25,22.2,21.8,1250,22.4,2500,1250,180000
SUNPHARMA30Jan20430CE.NFO,07/01/2020,10:12:25,22.2,21.8,1250,22.4,2500,0,180000
SUNPHARMA30Jan20430CE.NFO,07/01/2020,10:12:31,22.2,21.8,1250,22.4,2500,0,180000
SUNPHARMA30Jan20430CE.NFO,07/01/2020,10:12:36,22.2,21.75,2500,22.35,1250,0,180000
SUNPHARMA30Jan20430CE.NFO,07/01/2020,10:12:42,22.2,21.8,1250,22.4,2500,0,180000
SUNPHARMA30Jan20430CE.NFO,07/01/2020,10:12:47,22.2,21.75,1250,22.35,1250,0,180000
SUNPHARMA30Jan20430CE.NFO,07/01/2020,10:12:52,22.2,21.75,1250,22.3,2500,0,180000
SUNPHARMA30Jan20430CE.NFO,07/01/2020,10:12:58,22.2,21.8,1250,22.45,1250,0,180000
SUNPHARMA30Jan20430CE.NFO,07/01/2020,10:13:03,22.2,21.75,1250,22.65,2500,0,180000
SUNPHARMA30Jan20430CE.NFO,07/01/2020,10:13:09,22.2,21.9,1250,22.55,2500,0,180000
SUNPHARMA30Jan20430CE.NFO,07/01/2020,10:13:22,22.2,21.95,1250,22.7,2500,0,180000
SUNPHARMA30Jan20430CE.NFO,07/01/2020,10:13:29,22.2,21.85,2500,23,6250,0,180000
SUNPHARMA30Jan20430CE.NFO,07/01/2020,10:13:34,22.2,22.1,2500,22.9,1250,0,180000
SUNPHARMA30Jan20430CE.NFO,07/01/2020,10:13:40,22.2,21.8,2500,22.8,1250,0,180000
SUNPHARMA30Jan20430CE.NFO,07/01/2020,10:13:45,22.2,22.05,1250,22.75,2500,0,180000
SUNPHARMA30Jan20430CE.NFO,07/01/2020,10:13:51,22.2,22.1,1250,22.75,2500,0,180000
SUNPHARMA30Jan20430CE.NFO,07/01/2020,10:14:02,22.2,22.3,1250,23.1,2500,0,180000
SUNPHARMA30Jan20430CE.NFO,07/01/2020,10:14:07,22.2,22.2,2500,22.95,3750,0,180000
SUNPHARMA30Jan20430CE.NFO,07/01/2020,10:14:24,22.2,22.3,1250,22.95,2500,0,180000
SUNPHARMA30Jan20430CE.NFO,07/01/2020,10:14:30,22.2,22.3,2500,23.15,3750,0,180000
SUNPHARMA30Jan20430CE.NFO,07/01/2020,10:14:36,22.2,22.4,1250,23.05,1250,0,180000
SUNPHARMA30Jan20430CE.NFO,07/01/2020,10:14:42,22.2,22.4,1250,22.95,1250,0,180000
SUNPHARMA30Jan20430CE.NFO,07/01/2020,10:14:52,22.2,22.35,1250,23.25,2500,0,180000
SUNPHARMA30Jan20430CE.NFO,07/01/2020,10:14:58,22.2,22.35,1250,22.95,1250,0,180000
SUNPHARMA30Jan20430CE.NFO,07/01/2020,10:15:05,22.2,21.95,8750,22.9,3750,0,180000
SUNPHARMA30Jan20430CE.NFO,07/01/2020,10:15:15,22.2,21.95,8750,22.9,2500,0,180000
SUNPHARMA30Jan20430CE.NFO,07/01/2020,10:15:20,22.2,21.95,8750,22.85,1250,0,180000
SUNPHARMA30Jan20430CE.NFO,07/01/2020,10:15:25,22.2,21.95,8750,22.8,2500,0,180000
SUNPHARMA30Jan20430CE.NFO,07/01/2020,10:15:30,22.2,21.95,8750,23.05,2500,0,180000
SUNPHARMA30Jan20430CE.NFO,07/01/2020,10:15:36,22.2,21.95,5000,22.85,1250,0,180000
SUNPHARMA30Jan20430CE.NFO,07/01/2020,10:15:41,22.2,21.95,5000,22.8,2500,0,180000
SUNPHARMA30Jan20430CE.NFO,07/01/2020,10:15:47,22.2,21.95,2500,22.7,1250,0,180000
SUNPHARMA30Jan20430CE.NFO,07/01/2020,10:15:53,22.2,21.75,3750,22.6,1250,0,180000
SUNPHARMA30Jan20430CE.NFO,07/01/2020,10:15:59,22.2,21.85,1250,22.45,1250,0,180000
SUNPHARMA30Jan20430CE.NFO,07/01/2020,10:16:04,22.2,21.85,1250,22.35,1250,0,180000
SUNPHARMA30Jan20430CE.NFO,07/01/2020,10:16:41,22.2,21.9,1250,22.35,1250,0,180000
SUNPHARMA30Jan20430CE.NFO,07/01/2020,10:16:46,22.2,21.7,1250,22.4,2500,0,180000
SUNPHARMA30Jan20430CE.NFO,07/01/2020,10:16:50,22.2,21.85,1250,22.4,2500,0,180000
SUNPHARMA30Jan20430CE.NFO,07/01/2020,10:16:55,22.2,21.85,1250,22.85,10000,0,180000
SUNPHARMA30Jan20430CE.NFO,07/01/2020,10:17:13,22.2,21.8,1250,22.85,10000,0,180000
SUNPHARMA30Jan20430CE.NFO,07/01/2020,10:17:18,22.2,21.8,1250,22.65,2500,0,180000
SUNPHARMA30Jan20430CE.NFO,07/01/2020,10:17:23,22.2,21.9,1250,22.5,3750,0,180000
SUNPHARMA30Jan20430CE.NFO,07/01/2020,10:17:38,22.2,22,1250,22.6,3750,0,180000
SUNPHARMA30Jan20430CE.NFO,07/01/2020,10:17:43,22.2,21.9,2500,22.5,1250,0,180000
SUNPHARMA30Jan20430CE.NFO,07/01/2020,10:17:47,22.2,21.85,2500,22.4,1250,0,180000
SUNPHARMA30Jan20430CE.NFO,07/01/2020,10:17:55,22.2,21.9,1250,22.45,2500,0,180000
SUNPHARMA30Jan20430CE.NFO,07/01/2020,10:18:03,22.2,21.85,2500,22.45,2500,0,180000
SUNPHARMA30Jan20430CE.NFO,07/01/2020,10:18:07,22.2,21.9,1250,22.45,2500,0,180000
SUNPHARMA30Jan20430CE.NFO,07/01/2020,10:18:11,22.2,21.85,2500,22.45,3750,0,180000
SUNPHARMA30Jan20430CE.NFO,07/01/2020,10:18:14,22.2,21.9,1250,22.45,2500,0,180000
SUNPHARMA30Jan20430CE.NFO,07/01/2020,10:18:18,22.2,21.85,2500,22.45,2500,0,180000
SUNPHARMA30Jan20430CE.NFO,07/01/2020,10:18:25,22.2,21.85,2500,22.35,2500,0,180000
SUNPHARMA30Jan20430CE.NFO,07/01/2020,10:18:29,22.2,21.85,2500,22.4,1250,0,180000
SUNPHARMA30Jan20430CE.NFO,07/01/2020,10:18:34,22.2,21.85,1250,22.4,1250,0,180000
SUNPHARMA30Jan20430CE.NFO,07/01/2020,10:19:03,22.2,21.9,1250,22.35,2500,0,180000
SUNPHARMA30Jan20430CE.NFO,07/01/2020,10:19:07,22.2,21.8,2500,22.35,2500,0,180000
SUNPHARMA30Jan20430CE.NFO,07/01/2020,10:19:20,22.2,21.85,1250,22.4,1250,0,180000
SUNPHARMA30Jan20430CE.NFO,07/01/2020,10:19:25,22.2,21.8,2500,22.35,2500,0,180000
SUNPHARMA30Jan20430CE.NFO,07/01/2020,10:19:30,22.2,21.8,3750,22.35,2500,0,180000
SUNPHARMA30Jan20430CE.NFO,07/01/2020,10:19:34,22.2,21.75,1250,22.25,1250,0,180000
SUNPHARMA30Jan20430CE.NFO,07/01/2020,10:19:38,22.2,21.75,1250,22.35,3750,0,180000
SUNPHARMA30Jan20430CE.NFO,07/01/2020,10:19:42,22.2,21.8,1250,22.3,1250,0,180000
SUNPHARMA30Jan20430CE.NFO,07/01/2020,10:19:47,22.2,21.75,2500,22.25,2500,0,180000
SUNPHARMA30Jan20430CE.NFO,07/01/2020,10:19:53,22.2,21.75,2500,22.3,2500,0,180000
SUNPHARMA30Jan20430CE.NFO,07/01/2020,10:19:59,22.2,21.7,2500,22.25,1250,0,180000
SUNPHARMA30Jan20430CE.NFO,07/01/2020,10:20:04,22.2,21.75,1250,22.25,1250,0,180000
SUNPHARMA30Jan20430CE.NFO,07/01/2020,10:20:18,22.2,21.75,2500,22.25,1250,0,180000
SUNPHARMA30Jan20430CE.NFO,07/01/2020,10:20:23,22.2,21.75,1250,22.2,2500,0,180000
SUNPHARMA30Jan20430CE.NFO,07/01/2020,10:20:44,22.2,21.35,12500,22.35,5000,0,180000
SUNPHARMA30Jan20430CE.NFO,07/01/2020,10:20:48,22.2,21.65,1250,22.25,2500,0,180000
SUNPHARMA30Jan20430CE.NFO,07/01/2020,10:20:52,22.2,21.65,2500,22.25,2500,0,180000
SUNPHARMA30Jan20430CE.NFO,07/01/2020,10:20:57,22.2,21.7,2500,22.25,2500,0,180000
SUNPHARMA30Jan20430CE.NFO,07/01/2020,10:21:02,22.2,21.55,1250,22.3,1250,0,180000
SUNPHARMA30Jan20430CE.NFO,07/01/2020,10:21:07,22.2,21.65,2500,22.2,1250,0,180000
SUNPHARMA30Jan20430CE.NFO,07/01/2020,10:21:16,22.2,21.65,2500,22.2,2500,0,180000
SUNPHARMA30Jan20430CE.NFO,07/01/2020,10:21:21,22.2,21.4,2500,22.2,1250,0,180000
SUNPHARMA30Jan20430CE.NFO,07/01/2020,10:21:26,22.2,21.55,1250,22.05,1250,0,180000
SUNPHARMA30Jan20430CE.NFO,07/01/2020,10:21:31,22.2,21.55,2500,22.1,2500,0,180000
SUNPHARMA30Jan20430CE.NFO,07/01/2020,10:21:45,22.2,21.55,1250,22.1,2500,0,180000
SUNPHARMA30Jan20430CE.NFO,07/01/2020,10:21:49,22.2,21.55,2500,22.1,2500,0,180000
SUNPHARMA30Jan20430CE.NFO,07/01/2020,10:21:54,22.2,21,1250,21.5,1250,0,180000
SUNPHARMA30Jan20430CE.NFO,07/01/2020,10:21:59,22.2,21,1250,21.3,1250,0,180000
SUNPHARMA30Jan20430CE.NFO,07/01/2020,10:22:03,21,20.8,2500,21.5,1250,1250,180000
SUNPHARMA30Jan20430CE.NFO,07/01/2020,10:22:03,21,20.8,2500,21.5,1250,0,180000
SUNPHARMA30Jan20430CE.NFO,07/01/2020,10:22:07,21,20.95,1250,21.5,1250,0,180000
SUNPHARMA30Jan20430CE.NFO,07/01/2020,10:22:13,21,21.05,1250,21.7,1250,0,180000
SUNPHARMA30Jan20430CE.NFO,07/01/2020,10:22:17,21,21.2,2500,21.7,1250,0,180000
SUNPHARMA30Jan20430CE.NFO,07/01/2020,10:22:26,21,20.95,2500,21.7,1250,0,180000
SUNPHARMA30Jan20430CE.NFO,07/01/2020,10:22:30,21,21.15,1250,21.75,2500,0,180000
SUNPHARMA30Jan20430CE.NFO,07/01/2020,10:22:39,21,20.9,2500,21.7,1250,0,180000
SUNPHARMA30Jan20430CE.NFO,07/01/2020,10:22:44,21,21.25,1250,21.95,1250,0,180000
SUNPHARMA30Jan20430CE.NFO,07/01/2020,10:22:51,21,21.3,2500,21.85,1250,0,180000
SUNPHARMA30Jan20430CE.NFO,07/01/2020,10:23:02,21,21.4,1250,22,1250,0,180000
SUNPHARMA30Jan20430CE.NFO,07/01/2020,10:23:07,21,21.25,2500,21.9,1250,0,180000
SUNPHARMA30Jan20430CE.NFO,07/01/2020,10:23:12,21,21.3,1250,21.9,1250,0,180000
SUNPHARMA30Jan20430CE.NFO,07/01/2020,10:23:17,21,21.4,1250,22.05,1250,0,180000
SUNPHARMA30Jan20430CE.NFO,07/01/2020,10:23:22,21,21.35,1250,21.95,1250,0,180000
SUNPHARMA30Jan20430CE.NFO,07/01/2020,10:23:26,21,21.3,1250,22,2500,0,180000
SUNPHARMA30Jan20430CE.NFO,07/01/2020,10:23:31,21,21.3,1250,21.9,1250,0,180000
SUNPHARMA30Jan20430CE.NFO,07/01/2020,10:23:36,21,21.3,1250,21.85,1250,0,180000
SUNPHARMA30Jan20430CE.NFO,07/01/2020,10:23:41,21,21.1,3750,21.9,1250,0,180000
SUNPHARMA30Jan20430CE.NFO,07/01/2020,10:23:46,21,21.2,3750,21.95,1250,0,180000
SUNPHARMA30Jan20430CE.NFO,07/01/2020,10:23:51,21,21.2,3750,21.9,1250,0,180000
SUNPHARMA30Jan20430CE.NFO,07/01/2020,10:23:55,21,21.3,1250,22,3750,0,180000
SUNPHARMA30Jan20430CE.NFO,07/01/2020,10:23:59,21,21.35,1250,21.9,1250,0,180000
SUNPHARMA30Jan20430CE.NFO,07/01/2020,10:24:02,21,21.15,2500,21.85,3750,0,180000
SUNPHARMA30Jan20430CE.NFO,07/01/2020,10:24:06,21,21.25,1250,22.3,10000,0,180000
SUNPHARMA30Jan20430CE.NFO,07/01/2020,10:24:16,21,20.8,3750,21.7,1250,0,180000
SUNPHARMA30Jan20430CE.NFO,07/01/2020,10:24:20,21,21.1,1250,21.6,1250,0,180000
SUNPHARMA30Jan20430CE.NFO,07/01/2020,10:24:29,21,21.1,1250,21.65,1250,0,180000
SUNPHARMA30Jan20430CE.NFO,07/01/2020,10:24:32,21,21.1,1250,21.7,2500,0,180000
SUNPHARMA30Jan20430CE.NFO,07/01/2020,10:24:35,21,21.3,1250,21.7,1250,0,180000
SUNPHARMA30Jan20430CE.NFO,07/01/2020,10:24:39,21.7,21.15,3750,22,1250,1250,180000
SUNPHARMA30Jan20430CE.NFO,07/01/2020,10:24:43,21.7,21.3,1250,21.8,1250,0,180000
SUNPHARMA30Jan20430CE.NFO,07/01/2020,10:24:47,21.7,21.2,1250,21.8,1250,0,180000
SUNPHARMA30Jan20430CE.NFO,07/01/2020,10:24:51,21.7,21.15,1250,21.8,1250,0,180000
SUNPHARMA30Jan20430CE.NFO,07/01/2020,10:24:56,21.7,21.2,1250,21.95,1250,0,180000
SUNPHARMA30Jan20430CE.NFO,07/01/2020,10:25:00,21.7,21.2,1250,21.9,5000,0,180000
SUNPHARMA30Jan20430CE.NFO,07/01/2020,10:25:05,21.7,21.15,2500,21.75,5000,0,180000
SUNPHARMA30Jan20430CE.NFO,07/01/2020,10:25:09,21.7,21,1250,21.65,1250,0,180000
SUNPHARMA30Jan20430CE.NFO,07/01/2020,10:25:12,21.7,21.05,1250,21.55,1250,0,180000
SUNPHARMA30Jan20430CE.NFO,07/01/2020,10:25:16,21.7,21,1250,21.55,2500,0,180000
SUNPHARMA30Jan20430CE.NFO,07/01/2020,10:25:20,21.7,20.95,1250,21.5,1250,0,180000
SUNPHARMA30Jan20430CE.NFO,07/01/2020,10:25:24,21.7,20.9,1250,21.6,1250,0,180000
SUNPHARMA30Jan20430CE.NFO,07/01/2020,10:25:28,21.7,20.95,2500,21.6,2500,0,180000
SUNPHARMA30Jan20430CE.NFO,07/01/2020,10:25:37,21.7,21.15,1250,21.6,1250,0,180000
SUNPHARMA30Jan20430CE.NFO,07/01/2020,10:25:41,21.7,21,2500,21.55,1250,0,180000
SUNPHARMA30Jan20430CE.NFO,07/01/2020,10:25:46,21.7,20.8,1250,21.65,1250,0,180000
SUNPHARMA30Jan20430CE.NFO,07/01/2020,10:25:51,21.7,20.95,2500,21.6,1250,0,180000
SUNPHARMA30Jan20430CE.NFO,07/01/2020,10:25:56,21.7,21.05,1250,21.55,1250,0,180000
SUNPHARMA30Jan20430CE.NFO,07/01/2020,10:26:06,21.7,20.85,1250,21.6,1250,0,180000
SUNPHARMA30Jan20430CE.NFO,07/01/2020,10:26:10,21.7,21,1250,21.5,1250,0,180000
SUNPHARMA30Jan20430CE.NFO,07/01/2020,10:26:15,21.7,21.05,1250,21.5,1250,0,180000
SUNPHARMA30Jan20430CE.NFO,07/01/2020,10:26:20,21.7,21.05,2500,21.75,1250,0,180000
SUNPHARMA30Jan20430CE.NFO,07/01/2020,10:26:24,21.7,21.15,1250,21.75,2500,0,180000
SUNPHARMA30Jan20430CE.NFO,07/01/2020,10:26:28,21.7,21.15,2500,21.65,1250,0,180000
SUNPHARMA30Jan20430CE.NFO,07/01/2020,10:26:31,21.7,21.15,1250,21.65,1250,0,180000
SUNPHARMA30Jan20430CE.NFO,07/01/2020,10:26:34,21.7,21.05,2500,21.65,2500,0,180000
SUNPHARMA30Jan20430CE.NFO,07/01/2020,10:26:38,21.7,21.1,1250,21.6,1250,0,180000
SUNPHARMA30Jan20430CE.NFO,07/01/2020,10:26:42,21.7,21.15,1250,21.6,1250,0,180000
SUNPHARMA30Jan20430CE.NFO,07/01/2020,10:26:47,21.7,21,2500,21.55,2500,0,180000
SUNPHARMA30Jan20430CE.NFO,07/01/2020,10:26:51,21.7,21,1250,21.55,2500,0,180000
SUNPHARMA30Jan20430CE.NFO,07/01/2020,10:27:04,21.7,20.75,1250,21.4,1250,0,180000
SUNPHARMA30Jan20430CE.NFO,07/01/2020,10:27:08,21.7,20.75,1250,21.25,1250,0,180000
SUNPHARMA30Jan20430CE.NFO,07/01/2020,10:27:16,21.7,20.7,1250,21.2,1250,0,180000
SUNPHARMA30Jan20430CE.NFO,07/01/2020,10:27:20,21.7,20.65,1250,21.25,3750,0,180000
SUNPHARMA30Jan20430CE.NFO,07/01/2020,10:27:24,21.7,20.7,1250,21.15,1250,0,180000
SUNPHARMA30Jan20430CE.NFO,07/01/2020,10:27:28,21.7,20.75,1250,21.3,1250,0,180000
SUNPHARMA30Jan20430CE.NFO,07/01/2020,10:27:32,21.7,20.7,1250,21.3,2500,0,180000
SUNPHARMA30Jan20430CE.NFO,07/01/2020,10:27:54,21.7,20.8,1250,21.3,1250,0,180000
SUNPHARMA30Jan20430CE.NFO,07/01/2020,10:28:02,21.7,20.7,1250,21.25,1250,0,180000
SUNPHARMA30Jan20430CE.NFO,07/01/2020,10:28:06,21.7,20.35,2500,20.95,1250,0,180000
SUNPHARMA30Jan20430CE.NFO,07/01/2020,10:28:11,21.7,20.3,2500,20.95,1250,0,180000
SUNPHARMA30Jan20430CE.NFO,07/01/2020,10:28:16,21.7,20.25,1250,20.7,1250,0,180000
SUNPHARMA30Jan20430CE.NFO,07/01/2020,10:28:20,21.7,20.35,1250,21,1250,0,180000
SUNPHARMA30Jan20430CE.NFO,07/01/2020,10:28:25,21.7,20.3,1250,20.8,1250,0,180000
SUNPHARMA30Jan20430CE.NFO,07/01/2020,10:28:30,21.7,20.35,2500,20.9,1250,0,180000
SUNPHARMA30Jan20430CE.NFO,07/01/2020,10:28:38,21.7,20.45,1250,21,1250,0,180000
SUNPHARMA30Jan20430CE.NFO,07/01/2020,10:28:42,21.7,20.4,1250,20.9,1250,0,180000
SUNPHARMA30Jan20430CE.NFO,07/01/2020,10:28:45,21.7,20.45,1250,20.9,1250,0,180000
SUNPHARMA30Jan20430CE.NFO,07/01/2020,10:28:48,21.7,20.5,1250,21.15,1250,0,180000
SUNPHARMA30Jan20430CE.NFO,07/01/2020,10:28:51,21.7,20.5,2500,21,1250,0,180000
SUNPHARMA30Jan20430CE.NFO,07/01/2020,10:28:55,21.7,20.5,1250,21.05,1250,0,180000
SUNPHARMA30Jan20430CE.NFO,07/01/2020,10:28:58,21.7,20.5,2500,21.05,2500,0,180000
SUNPHARMA30Jan20430CE.NFO,07/01/2020,10:29:01,21.7,20.4,2500,20.9,2500,0,180000
SUNPHARMA30Jan20430CE.NFO,07/01/2020,10:29:05,21.7,20.35,1250,20.95,1250,0,180000
SUNPHARMA30Jan20430CE.NFO,07/01/2020,10:29:08,21.7,20.4,1250,20.95,5000,0,180000
SUNPHARMA30Jan20430CE.NFO,07/01/2020,10:29:15,21.7,20.2,1250,20.85,5000,0,180000
SUNPHARMA30Jan20430CE.NFO,07/01/2020,10:29:19,21.7,20.15,2500,20.8,1250,0,180000
SUNPHARMA30Jan20430CE.NFO,07/01/2020,10:29:23,21.7,20.2,3750,20.8,1250,0,180000
SUNPHARMA30Jan20430CE.NFO,07/01/2020,10:29:27,21.7,20.1,1250,20.75,1250,0,180000
SUNPHARMA30Jan20430CE.NFO,07/01/2020,10:29:35,21.7,19.75,10000,20.6,1250,0,180000
SUNPHARMA30Jan20430CE.NFO,07/01/2020,10:29:38,21.7,19.95,1250,20.5,1250,0,180000
SUNPHARMA30Jan20430CE.NFO,07/01/2020,10:29:42,21.7,20.05,1250,20.5,1250,0,180000
SUNPHARMA30Jan20430CE.NFO,07/01/2020,10:29:45,21.7,19.95,1250,20.95,1250,0,180000
SUNPHARMA30Jan20430CE.NFO,07/01/2020,10:29:48,21.7,19.95,1250,20.9,1250,0,180000
SUNPHARMA30Jan20430CE.NFO,07/01/2020,10:29:51,21.7,19.95,1250,20.5,1250,0,180000
SUNPHARMA30Jan20430CE.NFO,07/01/2020,10:29:54,21.7,19.95,1250,20.65,1250,0,180000
SUNPHARMA30Jan20430CE.NFO,07/01/2020,10:29:57,21.7,19.95,1250,20.5,1250,0,180000
SUNPHARMA30Jan20430CE.NFO,07/01/2020,10:29:59,21.7,19.95,1250,20.6,1250,0,180000
SUNPHARMA30Jan20430CE.NFO,07/01/2020,10:30:04,21.7,19.95,1250,20.5,1250,0,180000
SUNPHARMA30Jan20430CE.NFO,07/01/2020,10:30:07,21.7,20,1250,20.55,1250,0,180000
SUNPHARMA30Jan20430CE.NFO,07/01/2020,10:30:10,21.7,20,1250,20.5,1250,0,180000
SUNPHARMA30Jan20430CE.NFO,07/01/2020,10:30:14,21.7,19.95,1250,20.5,1250,0,180000
SUNPHARMA30Jan20430CE.NFO,07/01/2020,10:30:17,21.7,20,1250,20.9,1250,0,180000
SUNPHARMA30Jan20430CE.NFO,07/01/2020,10:30:21,21.7,20.1,1250,20.6,1250,0,180000
SUNPHARMA30Jan20430CE.NFO,07/01/2020,10:30:24,21.7,20.05,2500,20.7,1250,0,180000
SUNPHARMA30Jan20430CE.NFO,07/01/2020,10:30:27,21.7,20.15,2500,20.8,1250,0,180000
SUNPHARMA30Jan20430CE.NFO,07/01/2020,10:30:35,21.7,20.15,1250,21.05,1250,0,180000
SUNPHARMA30Jan20430CE.NFO,07/01/2020,10:30:37,21.7,20.25,1250,20.85,1250,0,180000
SUNPHARMA30Jan20430CE.NFO,07/01/2020,10:30:40,21.7,20.2,1250,20.8,5000,0,180000
SUNPHARMA30Jan20430CE.NFO,07/01/2020,10:30:43,21.7,20.3,1250,20.8,1250,0,180000
SUNPHARMA30Jan20430CE.NFO,07/01/2020,10:30:46,21.7,20.3,1250,21.35,8750,0,180000
SUNPHARMA30Jan20430CE.NFO,07/01/2020,10:30:50,21.7,19.8,15000,21.35,7500,0,180000
SUNPHARMA30Jan20430CE.NFO,07/01/2020,10:30:53,21.7,19.8,15000,21.05,1250,0,180000
SUNPHARMA30Jan20430CE.NFO,07/01/2020,10:30:55,21.7,20.3,1250,21,5000,0,180000
SUNPHARMA30Jan20430CE.NFO,07/01/2020,10:30:58,21.7,20.35,1250,21,1250,0,180000
SUNPHARMA30Jan20430CE.NFO,07/01/2020,10:31:01,21.7,20.4,1250,20.9,1250,0,180000
SUNPHARMA30Jan20430CE.NFO,07/01/2020,10:31:03,21.7,20.3,1250,20.85,1250,0,180000
SUNPHARMA30Jan20430CE.NFO,07/01/2020,10:31:06,21.7,20.3,1250,20.8,1250,0,180000
SUNPHARMA30Jan20430CE.NFO,07/01/2020,10:31:11,21.7,20.35,1250,21.3,7500,0,180000
SUNPHARMA30Jan20430CE.NFO,07/01/2020,10:31:15,21.7,20.35,3750,21.3,6250,0,180000
SUNPHARMA30Jan20430CE.NFO,07/01/2020,10:31:18,21.7,20.35,1250,21.3,6250,0,180000
SUNPHARMA30Jan20430CE.NFO,07/01/2020,10:31:23,21.7,20.4,1250,21.3,6250,0,180000
SUNPHARMA30Jan20430CE.NFO,07/01/2020,10:31:30,21.7,20.3,1250,21.1,1250,0,180000
SUNPHARMA30Jan20430CE.NFO,07/01/2020,10:31:34,21.7,20.4,1250,21.05,5000,0,180000
SUNPHARMA30Jan20430CE.NFO,07/01/2020,10:31:46,21.7,20.5,1250,21.2,2500,0,180000
SUNPHARMA30Jan20430CE.NFO,07/01/2020,10:31:50,21.7,20.6,1250,21.25,1250,0,180000
SUNPHARMA30Jan20430CE.NFO,07/01/2020,10:31:54,21.7,20.6,1250,21.35,1250,0,180000
SUNPHARMA30Jan20430CE.NFO,07/01/2020,10:31:58,21.7,20.6,1250,21.25,1250,0,180000
SUNPHARMA30Jan20430CE.NFO,07/01/2020,10:32:03,21.7,20.6,1250,21.2,1250,0,180000
SUNPHARMA30Jan20430CE.NFO,07/01/2020,10:32:13,21.7,20.6,1250,21.3,1250,0,180000
SUNPHARMA30Jan20430CE.NFO,07/01/2020,10:32:18,21.7,20.55,2500,21.2,1250,0,180000
SUNPHARMA30Jan20430CE.NFO,07/01/2020,10:32:22,21.7,20.85,1250,21.5,1250,0,180000
SUNPHARMA30Jan20430CE.NFO,07/01/2020,10:32:27,21.7,20.7,1250,21.3,1250,0,180000
SUNPHARMA30Jan20430CE.NFO,07/01/2020,10:32:31,21.7,20.7,1250,21.2,1250,0,180000
SUNPHARMA30Jan20430CE.NFO,07/01/2020,10:32:44,21.7,20.45,1250,21.15,1250,0,180000
SUNPHARMA30Jan20430CE.NFO,07/01/2020,10:32:50,21.7,20.45,1250,21.05,1250,0,180000
SUNPHARMA30Jan20430CE.NFO,07/01/2020,10:32:54,21.7,20.45,1250,20.95,1250,0,180000
SUNPHARMA30Jan20430CE.NFO,07/01/2020,10:33:05,21.7,20.45,1250,21.45,8750,0,180000
SUNPHARMA30Jan20430CE.NFO,07/01/2020,10:33:08,21.7,20.5,1250,21.45,7500,0,180000
SUNPHARMA30Jan20430CE.NFO,07/01/2020,10:33:11,21.7,20.55,1250,21.25,1250,0,180000
SUNPHARMA30Jan20430CE.NFO,07/01/2020,10:33:14,21.7,20.45,3750,21.2,5000,0,180000
SUNPHARMA30Jan20430CE.NFO,07/01/2020,10:33:17,21.7,20.35,1250,21.15,1250,0,180000
SUNPHARMA30Jan20430CE.NFO,07/01/2020,10:33:21,21.7,20.4,1250,21.05,1250,0,180000
SUNPHARMA30Jan20430CE.NFO,07/01/2020,10:33:24,21.7,20.4,1250,20.95,1250,0,180000
SUNPHARMA30Jan20430CE.NFO,07/01/2020,10:33:27,21.7,20.4,1250,21,1250,0,180000
SUNPHARMA30Jan20430CE.NFO,07/01/2020,10:33:31,21.7,20.35,1250,21.25,1250,0,180000
SUNPHARMA30Jan20430CE.NFO,07/01/2020,10:33:35,21.7,20.4,1250,21,1250,0,180000
SUNPHARMA30Jan20430CE.NFO,07/01/2020,10:33:39,21.7,20.4,1250,20.95,1250,0,180000
SUNPHARMA30Jan20430CE.NFO,07/01/2020,10:33:45,21.7,20.4,1250,21.45,8750,0,180000
SUNPHARMA30Jan20430CE.NFO,07/01/2020,10:33:50,21.7,20.4,1250,21.05,1250,0,180000
SUNPHARMA30Jan20430CE.NFO,07/01/2020,10:33:54,21.7,20.4,1250,21,5000,0,180000
SUNPHARMA30Jan20430CE.NFO,07/01/2020,10:33:56,21.7,20.4,1250,21,1250,0,180000
SUNPHARMA30Jan20430CE.NFO,07/01/2020,10:34:12,21.7,20.45,1250,21,1250,0,180000
SUNPHARMA30Jan20430CE.NFO,07/01/2020,10:34:15,21.7,20.4,1250,21.5,8750,0,180000
SUNPHARMA30Jan20430CE.NFO,07/01/2020,10:34:23,21.7,20.45,1250,21.5,8750,0,180000
SUNPHARMA30Jan20430CE.NFO,07/01/2020,10:34:44,21.7,20.5,1250,21.5,7500,0,180000
SUNPHARMA30Jan20430CE.NFO,07/01/2020,10:34:49,21.7,20.45,1250,21.15,5000,0,180000
SUNPHARMA30Jan20430CE.NFO,07/01/2020,10:35:09,21.7,20.4,1250,21.05,1250,0,180000
SUNPHARMA30Jan20430CE.NFO,07/01/2020,10:35:12,21.7,20.25,5000,20.95,1250,0,180000
SUNPHARMA30Jan20430CE.NFO,07/01/2020,10:35:15,21.7,20.4,1250,21,5000,0,180000
SUNPHARMA30Jan20430CE.NFO,07/01/2020,10:35:39,21.7,20.25,2500,21,5000,0,180000
SUNPHARMA30Jan20430CE.NFO,07/01/2020,10:35:42,21.7,20.35,1250,21,5000,0,180000
SUNPHARMA30Jan20430CE.NFO,07/01/2020,10:35:53,21.7,20.45,1250,21,1250,0,180000
SUNPHARMA30Jan20430CE.NFO,07/01/2020,10:35:56,21.7,20.25,2500,21,1250,0,180000
SUNPHARMA30Jan20430CE.NFO,07/01/2020,10:36:03,21.7,20.45,1250,20.95,2500,0,180000
SUNPHARMA30Jan20430CE.NFO,07/01/2020,10:36:07,21.7,20.45,1250,21.15,1250,0,180000
SUNPHARMA30Jan20430CE.NFO,07/01/2020,10:36:10,21.7,20.5,1250,21.2,1250,0,180000
SUNPHARMA30Jan20430CE.NFO,07/01/2020,10:36:14,21.7,20.5,1250,21.15,3750,0,180000
SUNPHARMA30Jan20430CE.NFO,07/01/2020,10:36:18,21.7,20.5,1250,21.1,1250,0,180000
SUNPHARMA30Jan20430CE.NFO,07/01/2020,10:36:21,21.7,20.4,3750,21.05,1250,0,180000
SUNPHARMA30Jan20430CE.NFO,07/01/2020,10:36:24,21.7,20.55,1250,21.05,1250,0,180000
SUNPHARMA30Jan20430CE.NFO,07/01/2020,10:36:27,21.7,20.5,3750,21.05,1250,0,180000
SUNPHARMA30Jan20430CE.NFO,07/01/2020,10:36:29,21.7,20.6,1250,21.1,1250,0,180000
SUNPHARMA30Jan20430CE.NFO,07/01/2020,10:36:36,21.7,20.5,5000,21.1,1250,0,180000
SUNPHARMA30Jan20430CE.NFO,07/01/2020,10:36:39,21.7,20.65,1250,21.1,1250,0,180000
SUNPHARMA30Jan20430CE.NFO,07/01/2020,10:36:45,21.7,20.65,3750,21.4,1250,0,180000
SUNPHARMA30Jan20430CE.NFO,07/01/2020,10:36:49,21.7,20.7,1250,21.3,1250,0,180000
SUNPHARMA30Jan20430CE.NFO,07/01/2020,10:36:52,21.7,20.75,1250,21.9,8750,0,180000
SUNPHARMA30Jan20430CE.NFO,07/01/2020,10:36:55,21.7,20.8,1250,21.9,8750,0,180000
SUNPHARMA30Jan20430CE.NFO,07/01/2020,10:37:03,21.7,20.75,1250,21.6,1250,0,180000
SUNPHARMA30Jan20430CE.NFO,07/01/2020,10:37:07,21.7,20.7,1250,21.4,1250,0,180000
SUNPHARMA30Jan20430CE.NFO,07/01/2020,10:37:11,21.7,20.8,1250,21.45,1250,0,180000
SUNPHARMA30Jan20430CE.NFO,07/01/2020,10:37:14,21.7,20.8,1250,21.4,5000,0,180000
SUNPHARMA30Jan20430CE.NFO,07/01/2020,10:37:17,21.7,20.75,1250,21.4,5000,0,180000
SUNPHARMA30Jan20430CE.NFO,07/01/2020,10:37:21,21.7,20.8,1250,21.4,5000,0,180000
SUNPHARMA30Jan20430CE.NFO,07/01/2020,10:37:28,21.7,20.9,1250,21.6,1250,0,180000
SUNPHARMA30Jan20430CE.NFO,07/01/2020,10:37:32,21.7,20.85,1250,21.45,1250,0,180000
SUNPHARMA30Jan20430CE.NFO,07/01/2020,10:37:35,21.7,20.9,2500,21.7,1250,0,180000
SUNPHARMA30Jan20430CE.NFO,07/01/2020,10:37:39,21.7,20.9,2500,21.6,1250,0,180000
SUNPHARMA30Jan20430CE.NFO,07/01/2020,10:37:44,21.7,21,1250,21.55,1250,0,180000
SUNPHARMA30Jan20430CE.NFO,07/01/2020,10:37:51,21.7,20.95,1250,21.55,1250,0,180000
SUNPHARMA30Jan20430CE.NFO,07/01/2020,10:37:54,21.7,20.9,1250,21.55,1250,0,180000
SUNPHARMA30Jan20430CE.NFO,07/01/2020,10:38:01,21.7,20.95,1250,21.55,1250,0,180000
SUNPHARMA30Jan20430CE.NFO,07/01/2020,10:38:07,21.7,21.4,1250,21.55,1250,0,180000
SUNPHARMA30Jan20430CE.NFO,07/01/2020,10:38:10,21.4,20.85,2500,21.55,1250,1250,180000
SUNPHARMA30Jan20430CE.NFO,07/01/2020,10:38:14,21.4,20.95,1250,21.55,1250,0,180000
SUNPHARMA30Jan20430CE.NFO,07/01/2020,10:38:17,21.55,20.95,1250,21.6,2500,1250,180000
SUNPHARMA30Jan20430CE.NFO,07/01/2020,10:38:20,21.55,20.85,1250,21.7,1250,0,180000
SUNPHARMA30Jan20430CE.NFO,07/01/2020,10:38:23,21.55,20.85,1250,21.5,1250,0,180000
SUNPHARMA30Jan20430CE.NFO,07/01/2020,10:38:27,21.55,20.85,1250,21.55,1250,0,180000
SUNPHARMA30Jan20430CE.NFO,07/01/2020,10:38:30,21.55,20.85,1250,21.5,3750,0,180000
SUNPHARMA30Jan20430CE.NFO,07/01/2020,10:38:41,21.55,20.85,1250,21.8,6250,0,180000
SUNPHARMA30Jan20430CE.NFO,07/01/2020,10:38:44,21.55,20.7,3750,21.65,1250,0,180000
SUNPHARMA30Jan20430CE.NFO,07/01/2020,10:38:47,21.55,20.85,1250,21.5,1250,0,180000
SUNPHARMA30Jan20430CE.NFO,07/01/2020,10:38:50,21.55,20.85,1250,21.4,1250,0,180000
SUNPHARMA30Jan20430CE.NFO,07/01/2020,10:39:19,21.55,20.8,1250,21.4,1250,0,180000
SUNPHARMA30Jan20430CE.NFO,07/01/2020,10:39:23,21.55,20.7,3750,21.5,1250,0,180000
SUNPHARMA30Jan20430CE.NFO,07/01/2020,10:39:27,21.55,20.75,2500,21.45,5000,0,180000
SUNPHARMA30Jan20430CE.NFO,07/01/2020,10:40:05,21.55,20.7,2500,21.55,1250,0,180000
SUNPHARMA30Jan20430CE.NFO,07/01/2020,10:40:10,21.55,20.8,1250,21.4,1250,0,180000
SUNPHARMA30Jan20430CE.NFO,07/01/2020,10:40:16,21.55,20.8,2500,21.5,5000,0,180000
SUNPHARMA30Jan20430CE.NFO,07/01/2020,10:40:28,21.55,20.85,1250,21.5,3750,0,180000
SUNPHARMA30Jan20430CE.NFO,07/01/2020,10:40:47,21.55,20.95,2500,21.6,1250,0,180000
SUNPHARMA30Jan20430CE.NFO,07/01/2020,10:40:51,21.55,20.95,2500,21.65,1250,0,180000
SUNPHARMA30Jan20430CE.NFO,07/01/2020,10:40:55,21.55,21,1250,21.65,1250,0,180000
SUNPHARMA30Jan20430CE.NFO,07/01/2020,10:40:59,21.55,21.05,1250,22.15,2500,0,180000
SUNPHARMA30Jan20430CE.NFO,07/01/2020,10:41:02,21.55,21.15,1250,21.75,1250,0,180000
SUNPHARMA30Jan20430CE.NFO,07/01/2020,10:41:05,21.55,21.1,1250,21.75,1250,0,180000
SUNPHARMA30Jan20430CE.NFO,07/01/2020,10:41:08,21.55,21.15,2500,22,1250,0,180000
SUNPHARMA30Jan20430CE.NFO,07/01/2020,10:41:12,21.55,21.3,1250,21.9,1250,0,180000
SUNPHARMA30Jan20430CE.NFO,07/01/2020,10:41:17,21.55,20.85,1250,21.9,1250,0,180000
SUNPHARMA30Jan20430CE.NFO,07/01/2020,10:41:20,21.55,21.15,1250,21.85,5000,0,180000
SUNPHARMA30Jan20430CE.NFO,07/01/2020,10:41:27,21.55,21.2,1250,21.8,1250,0,180000
SUNPHARMA30Jan20430CE.NFO,07/01/2020,10:41:33,21.55,21.1,1250,21.8,1250,0,180000
SUNPHARMA30Jan20430CE.NFO,07/01/2020,10:41:38,21.55,21.15,1250,21.8,1250,0,180000
SUNPHARMA30Jan20430CE.NFO,07/01/2020,10:41:41,21.55,21.1,1250,21.75,1250,0,180000
SUNPHARMA30Jan20430CE.NFO,07/01/2020,10:41:45,21.55,21.15,1250,21.8,1250,0,180000
SUNPHARMA30Jan20430CE.NFO,07/01/2020,10:41:48,21.55,21.1,1250,21.8,1250,0,180000
SUNPHARMA30Jan20430CE.NFO,07/01/2020,10:41:56,21.55,21.15,2500,21.8,1250,0,180000
SUNPHARMA30Jan20430CE.NFO,07/01/2020,10:42:00,21.55,21.15,1250,21.75,1250,0,180000
SUNPHARMA30Jan20430CE.NFO,07/01/2020,10:42:04,21.55,21.1,1250,21.75,1250,0,180000
SUNPHARMA30Jan20430CE.NFO,07/01/2020,10:42:09,21.55,21.05,1250,21.7,1250,0,180000
SUNPHARMA30Jan20430CE.NFO,07/01/2020,10:42:14,21.55,20.8,2500,21.6,1250,0,180000
SUNPHARMA30Jan20430CE.NFO,07/01/2020,10:42:18,21.55,20.95,1250,21.6,1250,0,180000
SUNPHARMA30Jan20430CE.NFO,07/01/2020,10:42:22,21.55,20.8,1250,21.55,1250,0,180000
SUNPHARMA30Jan20430CE.NFO,07/01/2020,10:42:25,21.55,20.7,1250,21.3,1250,0,180000
SUNPHARMA30Jan20430CE.NFO,07/01/2020,10:42:28,21.55,20.7,1250,21.35,1250,0,180000
SUNPHARMA30Jan20430CE.NFO,07/01/2020,10:42:31,21.55,20.65,1250,21.3,1250,0,180000
SUNPHARMA30Jan20430CE.NFO,07/01/2020,10:42:35,21.55,20.8,1250,21.45,1250,0,180000
SUNPHARMA30Jan20430CE.NFO,07/01/2020,10:42:38,21.55,20.75,2500,21.4,5000,0,180000
SUNPHARMA30Jan20430CE.NFO,07/01/2020,10:42:42,21.55,20.55,3750,21.35,1250,0,180000
SUNPHARMA30Jan20430CE.NFO,07/01/2020,10:42:45,21.55,20.55,2500,21.25,5000,0,180000
SUNPHARMA30Jan20430CE.NFO,07/01/2020,10:42:48,21.55,20.6,1250,21.25,3750,0,180000
SUNPHARMA30Jan20430CE.NFO,07/01/2020,10:42:52,21.55,20.35,6250,21.25,2500,0,180000
SUNPHARMA30Jan20430CE.NFO,07/01/2020,10:42:54,21.55,20.6,1250,21.25,2500,0,180000
SUNPHARMA30Jan20430CE.NFO,07/01/2020,10:42:57,21.55,20.65,2500,21.6,1250,0,180000
SUNPHARMA30Jan20430CE.NFO,07/01/2020,10:42:59,21.55,20.65,2500,21.35,3750,0,180000
SUNPHARMA30Jan20430CE.NFO,07/01/2020,10:43:01,21.55,20.7,1250,21.35,3750,0,180000
SUNPHARMA30Jan20430CE.NFO,07/01/2020,10:43:04,21.55,20.65,2500,21.35,3750,0,180000
SUNPHARMA30Jan20430CE.NFO,07/01/2020,10:43:11,21.55,20.7,1250,21.45,2500,0,180000
SUNPHARMA30Jan20430CE.NFO,07/01/2020,10:43:14,21.55,20.6,2500,21.4,3750,0,180000
SUNPHARMA30Jan20430CE.NFO,07/01/2020,10:43:16,21.55,20.6,2500,21.3,1250,0,180000
SUNPHARMA30Jan20430CE.NFO,07/01/2020,10:43:18,21.55,20.6,2500,21.3,2500,0,180000
SUNPHARMA30Jan20430CE.NFO,07/01/2020,10:43:21,21.55,20.75,1250,21.55,2500,0,180000
SUNPHARMA30Jan20430CE.NFO,07/01/2020,10:43:24,21.55,20.8,1250,21.4,1250,0,180000
SUNPHARMA30Jan20430CE.NFO,07/01/2020,10:43:28,21.55,20.7,2500,21.4,1250,0,180000
SUNPHARMA30Jan20430CE.NFO,07/01/2020,10:43:33,21.55,20.8,1250,21.45,1250,0,180000
SUNPHARMA30Jan20430CE.NFO,07/01/2020,10:43:36,21.55,20.8,1250,21.4,1250,0,180000
SUNPHARMA30Jan20430CE.NFO,07/01/2020,10:43:39,21.55,20.75,2500,21.4,1250,0,180000
SUNPHARMA30Jan20430CE.NFO,07/01/2020,10:43:43,21.55,20.8,1250,21.45,1250,0,180000
SUNPHARMA30Jan20430CE.NFO,07/01/2020,10:43:57,21.55,20.9,1250,21.45,1250,0,180000
SUNPHARMA30Jan20430CE.NFO,07/01/2020,10:44:05,21.55,20.75,5000,21.45,1250,0,180000
SUNPHARMA30Jan20430CE.NFO,07/01/2020,10:44:08,21.55,20.8,1250,21.45,1250,0,180000
SUNPHARMA30Jan20430CE.NFO,07/01/2020,10:44:15,21.55,20.9,1250,21.45,1250,0,180000
SUNPHARMA30Jan20430CE.NFO,07/01/2020,10:44:32,21.55,20.8,1250,21.45,1250,0,180000
SUNPHARMA30Jan20430CE.NFO,07/01/2020,10:44:35,21.55,20.9,1250,21.45,1250,0,180000
SUNPHARMA30Jan20430CE.NFO,07/01/2020,10:44:38,21.55,20.8,1250,21.45,1250,0,180000
SUNPHARMA30Jan20430CE.NFO,07/01/2020,10:44:41,21.55,20.85,1250,21.45,1250,0,180000
SUNPHARMA30Jan20430CE.NFO,07/01/2020,10:44:50,21.55,20.9,1250,21.45,1250,0,180000
SUNPHARMA30Jan20430CE.NFO,07/01/2020,10:44:56,21.55,20.95,2500,21.75,1250,0,180000
SUNPHARMA30Jan20430CE.NFO,07/01/2020,10:45:01,21.55,21.05,1250,21.65,1250,0,180000
SUNPHARMA30Jan20430CE.NFO,07/01/2020,10:45:06,21.55,21.05,1250,21.85,1250,0,180000
SUNPHARMA30Jan20430CE.NFO,07/01/2020,10:45:11,21.55,20.95,2500,21.55,1250,0,180000
SUNPHARMA30Jan20430CE.NFO,07/01/2020,10:45:16,21.55,21.1,1250,21.7,1250,0,180000
SUNPHARMA30Jan20430CE.NFO,07/01/2020,10:45:21,21.55,21.05,1250,21.65,3750,0,180000
SUNPHARMA30Jan20430CE.NFO,07/01/2020,10:45:25,21.55,21.05,1250,21.65,5000,0,180000
SUNPHARMA30Jan20430CE.NFO,07/01/2020,10:45:29,21.55,21.05,1250,21.6,1250,0,180000
SUNPHARMA30Jan20430CE.NFO,07/01/2020,10:45:35,21.55,21.05,1250,21.65,5000,0,180000
SUNPHARMA30Jan20430CE.NFO,07/01/2020,10:45:46,21.55,21.05,1250,21.95,1250,0,180000
SUNPHARMA30Jan20430CE.NFO,07/01/2020,10:45:50,21.55,21.15,1250,21.75,1250,0,180000
SUNPHARMA30Jan20430CE.NFO,07/01/2020,10:45:54,21.55,21.2,2500,21.75,1250,0,180000
SUNPHARMA30Jan20430CE.NFO,07/01/2020,10:45:58,21.55,21.15,1250,21.75,1250,0,180000
SUNPHARMA30Jan20430CE.NFO,07/01/2020,10:46:02,21.55,21.1,2500,21.75,1250,0,180000
SUNPHARMA30Jan20430CE.NFO,07/01/2020,10:46:06,21.55,21.15,2500,21.75,1250,0,180000
SUNPHARMA30Jan20430CE.NFO,07/01/2020,10:46:22,21.55,21.2,1250,21.75,1250,0,180000
SUNPHARMA30Jan20430CE.NFO,07/01/2020,10:46:29,21.55,21.25,1250,21.75,1250,0,180000
SUNPHARMA30Jan20430CE.NFO,07/01/2020,10:46:54,21.55,21.3,1250,21.85,1250,0,180000
SUNPHARMA30Jan20430CE.NFO,07/01/2020,10:46:57,21.55,21.25,1250,21.85,1250,0,180000
SUNPHARMA30Jan20430CE.NFO,07/01/2020,10:47:00,21.55,21.2,2500,21.8,5000,0,180000
SUNPHARMA30Jan20430CE.NFO,07/01/2020,10:47:03,21.55,21.2,2500,21.85,2500,0,180000
SUNPHARMA30Jan20430CE.NFO,07/01/2020,10:47:07,21.55,21.3,1250,21.9,1250,0,180000
SUNPHARMA30Jan20430CE.NFO,07/01/2020,10:47:10,21.55,21.25,3750,21.8,2500,0,180000
SUNPHARMA30Jan20430CE.NFO,07/01/2020,10:47:12,21.55,21.25,3750,21.95,1250,0,180000
SUNPHARMA30Jan20430CE.NFO,07/01/2020,10:47:16,21.55,21.25,1250,21.85,1250,0,180000
SUNPHARMA30Jan20430CE.NFO,07/01/2020,10:47:22,21.55,21.4,1250,22,1250,0,180000
SUNPHARMA30Jan20430CE.NFO,07/01/2020,10:47:29,21.55,21.45,1250,21.95,2500,0,180000
SUNPHARMA30Jan20430CE.NFO,07/01/2020,10:47:33,21.55,21.35,1250,21.9,1250,0,180000
SUNPHARMA30Jan20430CE.NFO,07/01/2020,10:47:37,21.55,21.35,2500,21.9,2500,0,180000
SUNPHARMA30Jan20430CE.NFO,07/01/2020,10:47:45,21.55,21.35,1250,21.9,2500,0,180000
SUNPHARMA30Jan20430CE.NFO,07/01/2020,10:47:49,21.55,21.4,1250,21.9,1250,0,180000
SUNPHARMA30Jan20430CE.NFO,07/01/2020,10:47:52,21.55,21.3,1250,21.85,1250,0,180000
SUNPHARMA30Jan20430CE.NFO,07/01/2020,10:47:56,21.55,21.3,1250,21.9,1250,0,180000
SUNPHARMA30Jan20430CE.NFO,07/01/2020,10:48:08,21.55,21.3,1250,22.25,2500,0,180000
SUNPHARMA30Jan20430CE.NFO,07/01/2020,10:48:12,21.55,21.35,1250,21.95,1250,0,180000
SUNPHARMA30Jan20430CE.NFO,07/01/2020,10:48:16,21.55,21.4,2500,22,5000,0,180000
SUNPHARMA30Jan20430CE.NFO,07/01/2020,10:48:20,21.55,21.4,1250,21.9,1250,0,180000
SUNPHARMA30Jan20430CE.NFO,07/01/2020,10:48:27,21.55,21.35,1250,21.85,1250,0,180000
SUNPHARMA30Jan20430CE.NFO,07/01/2020,10:48:29,21.55,21.25,2500,21.9,1250,0,180000
SUNPHARMA30Jan20430CE.NFO,07/01/2020,10:48:32,21.55,21.35,1250,21.9,1250,0,180000
SUNPHARMA30Jan20430CE.NFO,07/01/2020,10:48:38,21.55,21.35,2500,21.9,1250,0,180000
SUNPHARMA30Jan20430CE.NFO,07/01/2020,10:48:43,21.55,21.4,1250,22,1250,0,180000
SUNPHARMA30Jan20430CE.NFO,07/01/2020,10:48:47,21.55,21.5,1250,22,1250,0,180000
SUNPHARMA30Jan20430CE.NFO,07/01/2020,10:48:50,21.55,21.5,2500,22.1,1250,0,180000
SUNPHARMA30Jan20430CE.NFO,07/01/2020,10:48:54,21.55,21.5,2500,22.1,2500,0,180000
SUNPHARMA30Jan20430CE.NFO,07/01/2020,10:49:02,21.55,21.5,1250,22.05,1250,0,180000
SUNPHARMA30Jan20430CE.NFO,07/01/2020,10:49:09,21.55,21.6,1250,22.15,1250,0,180000
SUNPHARMA30Jan20430CE.NFO,07/01/2020,10:49:13,21.55,21.6,2500,22.2,1250,0,180000
SUNPHARMA30Jan20430CE.NFO,07/01/2020,10:49:22,21.55,21.65,1250,22.25,1250,0,180000
SUNPHARMA30Jan20430CE.NFO,07/01/2020,10:49:26,21.55,21.7,1250,22.25,1250,0,180000
SUNPHARMA30Jan20430CE.NFO,07/01/2020,10:49:29,21.55,21.65,1250,22.25,1250,0,180000
SUNPHARMA30Jan20430CE.NFO,07/01/2020,10:49:32,21.55,21.6,2500,22.2,2500,0,180000
SUNPHARMA30Jan20430CE.NFO,07/01/2020,10:49:35,21.55,21.6,3750,22.3,1250,0,180000
SUNPHARMA30Jan20430CE.NFO,07/01/2020,10:49:37,21.55,21.65,1250,22.2,1250,0,180000
SUNPHARMA30Jan20430CE.NFO,07/01/2020,10:49:40,21.55,21.6,1250,22.35,1250,0,180000
SUNPHARMA30Jan20430CE.NFO,07/01/2020,10:49:44,21.55,21.65,1250,22.2,2500,0,180000
SUNPHARMA30Jan20430CE.NFO,07/01/2020,10:49:55,21.55,21.55,1250,22.1,2500,0,180000
SUNPHARMA30Jan20430CE.NFO,07/01/2020,10:50:11,21.55,21.55,1250,22.1,1250,0,180000
SUNPHARMA30Jan20430CE.NFO,07/01/2020,10:50:17,21.55,21.55,1250,22.05,1250,0,180000
SUNPHARMA30Jan20430CE.NFO,07/01/2020,10:50:22,21.55,21.55,2500,22.25,5000,0,180000
SUNPHARMA30Jan20430CE.NFO,07/01/2020,10:50:27,21.55,21.6,1250,22.1,2500,0,180000
SUNPHARMA30Jan20430CE.NFO,07/01/2020,10:50:33,21.55,21.6,1250,22.15,1250,0,180000
SUNPHARMA30Jan20430CE.NFO,07/01/2020,10:50:38,21.55,21.6,2500,22.15,1250,0,180000
SUNPHARMA30Jan20430CE.NFO,07/01/2020,10:50:44,21.55,21.6,1250,22.1,1250,0,180000
SUNPHARMA30Jan20430CE.NFO,07/01/2020,10:50:52,21.55,21.6,1250,22.1,2500,0,180000
SUNPHARMA30Jan20430CE.NFO,07/01/2020,10:51:04,21.55,21.55,1250,22,1250,0,180000
SUNPHARMA30Jan20430CE.NFO,07/01/2020,10:51:29,21.55,21.45,1250,21.95,1250,0,180000
SUNPHARMA30Jan20430CE.NFO,07/01/2020,10:51:36,21.55,21.5,2500,22,1250,0,180000
SUNPHARMA30Jan20430CE.NFO,07/01/2020,10:51:57,21.55,21.4,1250,21.9,1250,0,180000
SUNPHARMA30Jan20430CE.NFO,07/01/2020,10:52:14,21.55,21.35,2500,21.9,1250,0,180000
SUNPHARMA30Jan20430CE.NFO,07/01/2020,10:52:19,21.55,21.35,1250,21.9,1250,0,180000
SUNPHARMA30Jan20430CE.NFO,07/01/2020,10:52:28,21.55,21.4,2500,21.9,1250,0,180000
SUNPHARMA30Jan20430CE.NFO,07/01/2020,10:52:33,21.55,21.25,2500,21.8,1250,0,180000
SUNPHARMA30Jan20430CE.NFO,07/01/2020,10:52:36,21.55,21.2,1250,21.75,1250,0,180000
SUNPHARMA30Jan20430CE.NFO,07/01/2020,10:52:45,21.55,21.2,1250,21.7,3750,0,180000
SUNPHARMA30Jan20430CE.NFO,07/01/2020,10:52:49,21.55,21.15,1250,21.65,3750,0,180000
SUNPHARMA30Jan20430CE.NFO,07/01/2020,10:52:53,21.55,21.15,1250,21.6,1250,0,180000
SUNPHARMA30Jan20430CE.NFO,07/01/2020,10:53:10,21.55,21.1,1250,21.65,3750,0,180000
SUNPHARMA30Jan20430CE.NFO,07/01/2020,10:53:18,21.55,21.1,1250,21.6,1250,0,180000
SUNPHARMA30Jan20430CE.NFO,07/01/2020,10:53:24,21.55,21.05,1250,21.6,1250,0,180000
SUNPHARMA30Jan20430CE.NFO,07/01/2020,10:53:29,21.55,21,2500,21.55,1250,0,180000
SUNPHARMA30Jan20430CE.NFO,07/01/2020,10:53:35,21.55,21.05,1250,21.55,5000,0,180000
SUNPHARMA30Jan20430CE.NFO,07/01/2020,10:53:40,21.55,21.05,1250,21.5,1250,0,180000
SUNPHARMA30Jan20430CE.NFO,07/01/2020,10:53:46,21.55,21,2500,21.45,1250,0,180000
SUNPHARMA30Jan20430CE.NFO,07/01/2020,10:53:52,21.55,20.9,1250,21.7,1250,0,180000
SUNPHARMA30Jan20430CE.NFO,07/01/2020,10:53:59,21.55,20.85,1250,21.4,1250,0,180000
SUNPHARMA30Jan20430CE.NFO,07/01/2020,10:54:05,21.55,20.65,1250,21.25,1250,0,180000
SUNPHARMA30Jan20430CE.NFO,07/01/2020,10:54:11,21.55,20.65,1250,21.2,1250,0,180000
SUNPHARMA30Jan20430CE.NFO,07/01/2020,10:54:17,21.55,20.7,2500,21.2,1250,0,180000
SUNPHARMA30Jan20430CE.NFO,07/01/2020,10:54:23,21.55,20.65,1250,21.2,1250,0,180000
SUNPHARMA30Jan20430CE.NFO,07/01/2020,10:54:28,21.55,20.7,1250,21.25,3750,0,180000
SUNPHARMA30Jan20430CE.NFO,07/01/2020,10:54:32,21.55,20.7,1250,21.2,1250,0,180000
SUNPHARMA30Jan20430CE.NFO,07/01/2020,10:54:41,20.7,20.7,1250,21.2,1250,1250,180000
SUNPHARMA30Jan20430CE.NFO,07/01/2020,10:54:41,20.7,20.7,1250,21.2,1250,0,180000
SUNPHARMA30Jan20430CE.NFO,07/01/2020,10:54:46,20.7,20.65,1250,21.2,2500,0,180000
SUNPHARMA30Jan20430CE.NFO,07/01/2020,10:54:51,20.7,20.7,1250,21.2,1250,0,180000
SUNPHARMA30Jan20430CE.NFO,07/01/2020,10:54:56,20.7,20.75,1250,21.45,1250,0,180000
SUNPHARMA30Jan20430CE.NFO,07/01/2020,10:55:00,20.7,20.7,2500,21.3,1250,0,180000
SUNPHARMA30Jan20430CE.NFO,07/01/2020,10:55:04,20.7,20.8,1250,21.35,1250,0,180000
SUNPHARMA30Jan20430CE.NFO,07/01/2020,10:55:09,20.7,20.8,1250,21.35,2500,0,180000
SUNPHARMA30Jan20430CE.NFO,07/01/2020,10:55:13,20.7,20.85,1250,21.4,5000,0,180000
SUNPHARMA30Jan20430CE.NFO,07/01/2020,10:55:18,20.7,20.8,1250,21.35,2500,0,180000
SUNPHARMA30Jan20430CE.NFO,07/01/2020,10:55:38,20.7,20.85,2500,21.45,1250,0,180000
SUNPHARMA30Jan20430CE.NFO,07/01/2020,10:55:43,20.7,20.9,1250,21.45,2500,0,180000
SUNPHARMA30Jan20430CE.NFO,07/01/2020,10:55:47,20.7,21,1250,21.6,1250,0,180000
SUNPHARMA30Jan20430CE.NFO,07/01/2020,10:55:51,20.7,20.95,1250,21.5,2500,0,180000
SUNPHARMA30Jan20430CE.NFO,07/01/2020,10:55:56,20.7,20.9,2500,21.45,3750,0,180000
SUNPHARMA30Jan20430CE.NFO,07/01/2020,10:56:01,20.7,20.95,2500,21.45,3750,0,180000
SUNPHARMA30Jan20430CE.NFO,07/01/2020,10:56:05,20.7,20.95,3750,21.45,3750,0,180000
SUNPHARMA30Jan20430CE.NFO,07/01/2020,10:56:12,20.7,20.95,1250,21.5,2500,0,180000
SUNPHARMA30Jan20430CE.NFO,07/01/2020,10:56:17,20.7,20.95,1250,21.6,5000,0,180000
SUNPHARMA30Jan20430CE.NFO,07/01/2020,10:56:22,20.7,21,1250,21.5,2500,0,180000
SUNPHARMA30Jan20430CE.NFO,07/01/2020,10:56:26,20.7,20.95,1250,21.5,1250,0,180000
SUNPHARMA30Jan20430CE.NFO,07/01/2020,10:56:30,20.7,21,1250,21.5,1250,0,180000
SUNPHARMA30Jan20430CE.NFO,07/01/2020,10:56:35,20.7,21,1250,21.45,1250,0,180000
SUNPHARMA30Jan20430CE.NFO,07/01/2020,10:56:40,20.7,20.75,2500,21.3,1250,0,180000
SUNPHARMA30Jan20430CE.NFO,07/01/2020,10:56:45,20.7,20.65,2500,21.2,1250,0,180000
SUNPHARMA30Jan20430CE.NFO,07/01/2020,10:56:50,20.7,20.7,1250,21.25,1250,0,180000
SUNPHARMA30Jan20430CE.NFO,07/01/2020,10:56:54,20.7,20.7,1250,21.25,2500,0,180000
SUNPHARMA30Jan20430CE.NFO,07/01/2020,10:57:03,20.7,20.65,3750,21.3,1250,0,180000
SUNPHARMA30Jan20430CE.NFO,07/01/2020,10:57:07,20.7,20.7,1250,21.25,1250,0,180000
SUNPHARMA30Jan20430CE.NFO,07/01/2020,10:57:13,20.7,20.7,1250,21.2,1250,0,180000
SUNPHARMA30Jan20430CE.NFO,07/01/2020,10:57:20,20.7,20.6,1250,21.1,1250,0,180000
SUNPHARMA30Jan20430CE.NFO,07/01/2020,10:57:26,20.7,20.55,1250,21,2500,0,180000
SUNPHARMA30Jan20430CE.NFO,07/01/2020,10:57:33,20.7,20.55,1250,21,1250,0,180000
SUNPHARMA30Jan20430CE.NFO,07/01/2020,10:57:45,20.7,20.55,1250,21.1,2500,0,180000
SUNPHARMA30Jan20430CE.NFO,07/01/2020,10:57:51,20.7,20.55,1250,21.05,3750,0,180000
SUNPHARMA30Jan20430CE.NFO,07/01/2020,10:57:59,20.7,20.5,1250,20.95,1250,0,180000
SUNPHARMA30Jan20430CE.NFO,07/01/2020,10:58:04,20.7,20.55,1250,21.05,2500,0,180000
SUNPHARMA30Jan20430CE.NFO,07/01/2020,10:58:10,20.7,20.55,1250,21,1250,0,180000
SUNPHARMA30Jan20430CE.NFO,07/01/2020,10:58:14,20.7,20.6,1250,21,1250,0,180000
SUNPHARMA30Jan20430CE.NFO,07/01/2020,10:58:20,20.7,20.55,1250,21.05,2500,0,180000
SUNPHARMA30Jan20430CE.NFO,07/01/2020,10:58:25,20.7,20.6,1250,21.05,1250,0,180000
SUNPHARMA30Jan20430CE.NFO,07/01/2020,10:58:31,20.7,20.6,2500,21.05,1250,0,180000
SUNPHARMA30Jan20430CE.NFO,07/01/2020,10:58:48,20.7,20.5,1250,21,1250,0,180000
SUNPHARMA30Jan20430CE.NFO,07/01/2020,10:58:59,20.7,20.5,2500,21,1250,0,180000
SUNPHARMA30Jan20430CE.NFO,07/01/2020,10:59:04,20.7,20.5,3750,21,1250,0,180000
SUNPHARMA30Jan20430CE.NFO,07/01/2020,10:59:10,20.7,20.5,1250,21.05,2500,0,180000
SUNPHARMA30Jan20430CE.NFO,07/01/2020,10:59:15,20.7,20.5,1250,21,2500,0,180000
SUNPHARMA30Jan20430CE.NFO,07/01/2020,10:59:20,20.7,20.55,2500,21,1250,0,180000
SUNPHARMA30Jan20430CE.NFO,07/01/2020,10:59:25,20.7,20.45,3750,20.95,1250,0,180000
SUNPHARMA30Jan20430CE.NFO,07/01/2020,10:59:30,20.7,20.25,1250,20.8,1250,0,180000
SUNPHARMA30Jan20430CE.NFO,07/01/2020,10:59:36,20.7,20.25,1250,20.75,1250,0,180000
SUNPHARMA30Jan20430CE.NFO,07/01/2020,10:59:42,20.7,20.3,2500,20.85,1250,0,180000
SUNPHARMA30Jan20430CE.NFO,07/01/2020,10:59:47,20.7,20.4,1250,21,1250,0,180000
SUNPHARMA30Jan20430CE.NFO,07/01/2020,10:59:53,20.7,20.4,2500,20.9,1250,0,180000
SUNPHARMA30Jan20430CE.NFO,07/01/2020,10:59:58,20.7,20.5,2500,21,1250,0,180000
SUNPHARMA30Jan20430CE.NFO,07/01/2020,11:00:03,20.7,20.4,1250,21,2500,0,180000
SUNPHARMA30Jan20430CE.NFO,07/01/2020,11:00:10,20.7,20.45,2500,20.9,1250,0,180000
SUNPHARMA30Jan20430CE.NFO,07/01/2020,11:00:16,20.7,20.25,5000,20.8,2500,0,180000
SUNPHARMA30Jan20430CE.NFO,07/01/2020,11:00:23,20.7,20.3,1250,20.8,1250,0,180000
SUNPHARMA30Jan20430CE.NFO,07/01/2020,11:00:29,20.7,20.25,1250,20.75,1250,0,180000
SUNPHARMA30Jan20430CE.NFO,07/01/2020,11:00:37,20.7,20.35,1250,20.9,1250,0,180000
SUNPHARMA30Jan20430CE.NFO,07/01/2020,11:00:44,20.7,20.3,1250,20.8,1250,0,180000
SUNPHARMA30Jan20430CE.NFO,07/01/2020,11:00:50,20.7,20.35,1250,20.85,1250,0,180000
SUNPHARMA30Jan20430CE.NFO,07/01/2020,11:00:57,20.7,20.45,1250,20.9,2500,0,180000
SUNPHARMA30Jan20430CE.NFO,07/01/2020,11:01:05,20.7,20.35,1250,20.75,1250,0,180000
SUNPHARMA30Jan20430CE.NFO,07/01/2020,11:01:13,20.7,20.35,5000,20.85,1250,0,180000
SUNPHARMA30Jan20430CE.NFO,07/01/2020,11:01:20,20.7,20.3,1250,20.8,1250,0,180000
SUNPHARMA30Jan20430CE.NFO,07/01/2020,11:01:28,20.7,20.3,1250,20.75,2500,0,180000
SUNPHARMA30Jan20430CE.NFO,07/01/2020,11:01:35,20.7,20.45,1250,21,1250,0,180000
SUNPHARMA30Jan20430CE.NFO,07/01/2020,11:01:42,20.7,20.4,1250,20.9,1250,0,180000
SUNPHARMA30Jan20430CE.NFO,07/01/2020,11:01:51,20.7,20.45,1250,20.95,1250,0,180000
SUNPHARMA30Jan20430CE.NFO,07/01/2020,11:01:58,20.7,20.5,2500,20.95,1250,0,180000
SUNPHARMA30Jan20430CE.NFO,07/01/2020,11:02:05,20.7,20.55,2500,21,1250,0,180000
SUNPHARMA30Jan20430CE.NFO,07/01/2020,11:02:12,20.7,20.75,2500,21.2,1250,0,180000
SUNPHARMA30Jan20430CE.NFO,07/01/2020,11:02:19,20.7,20.7,1250,21.1,1250,0,180000
SUNPHARMA30Jan20430CE.NFO,07/01/2020,11:02:26,20.7,20.75,1250,21.25,1250,0,180000
SUNPHARMA30Jan20430CE.NFO,07/01/2020,11:02:33,20.7,20.65,1250,21.1,1250,0,180000
SUNPHARMA30Jan20430CE.NFO,07/01/2020,11:02:40,20.7,20.65,1250,21.15,2500,0,180000
SUNPHARMA30Jan20430CE.NFO,07/01/2020,11:02:45,20.7,20.55,3750,21.15,1250,0,180000
SUNPHARMA30Jan20430CE.NFO,07/01/2020,11:02:52,20.7,20.45,1250,21,1250,0,180000
SUNPHARMA30Jan20430CE.NFO,07/01/2020,11:03:05,20.7,20.5,2500,21,1250,0,180000
SUNPHARMA30Jan20430CE.NFO,07/01/2020,11:03:12,20.7,20.45,1250,21,2500,0,180000
SUNPHARMA30Jan20430CE.NFO,07/01/2020,11:03:24,20.7,20.6,1250,21.15,1250,0,180000
SUNPHARMA30Jan20430CE.NFO,07/01/2020,11:03:30,20.7,20.75,1250,21.25,2500,0,180000
SUNPHARMA30Jan20430CE.NFO,07/01/2020,11:03:36,20.7,20.7,1250,21.3,1250,0,180000
SUNPHARMA30Jan20430CE.NFO,07/01/2020,11:03:43,20.7,20.65,1250,21.2,1250,0,180000
SUNPHARMA30Jan20430CE.NFO,07/01/2020,11:03:51,20.7,20.8,1250,21.35,2500,0,180000
SUNPHARMA30Jan20430CE.NFO,07/01/2020,11:03:57,20.7,20.8,1250,21.35,1250,0,180000
SUNPHARMA30Jan20430CE.NFO,07/01/2020,11:04:04,20.7,20.85,1250,21.3,2500,0,180000
SUNPHARMA30Jan20430CE.NFO,07/01/2020,11:04:11,20.7,20.75,1250,21.3,1250,0,180000
SUNPHARMA30Jan20430CE.NFO,07/01/2020,11:04:17,20.7,20.75,1250,21.25,1250,0,180000
SUNPHARMA30Jan20430CE.NFO,07/01/2020,11:04:24,20.7,20.6,5000,21.15,2500,0,180000
SUNPHARMA30Jan20430CE.NFO,07/01/2020,11:04:30,20.7,20.65,1250,21.15,1250,0,180000
SUNPHARMA30Jan20430CE.NFO,07/01/2020,11:04:36,20.7,20.55,3750,21.05,1250,0,180000
SUNPHARMA30Jan20430CE.NFO,07/01/2020,11:04:44,20.7,20.55,1250,21,1250,0,180000
SUNPHARMA30Jan20430CE.NFO,07/01/2020,11:04:51,20.7,20.55,1250,21.05,1250,0,180000
SUNPHARMA30Jan20430CE.NFO,07/01/2020,11:05:11,20.7,20.45,2500,21,5000,0,180000
SUNPHARMA30Jan20430CE.NFO,07/01/2020,11:05:18,20.7,20.75,1250,21.25,1250,0,180000
SUNPHARMA30Jan20430CE.NFO,07/01/2020,11:05:25,20.7,20.75,2500,21.3,1250,0,180000
SUNPHARMA30Jan20430CE.NFO,07/01/2020,11:05:31,20.7,20.75,1250,21.25,2500,0,180000
SUNPHARMA30Jan20430CE.NFO,07/01/2020,11:05:38,20.7,20.7,1250,21.25,1250,0,180000
SUNPHARMA30Jan20430CE.NFO,07/01/2020,11:05:50,20.7,20.75,1250,21.2,2500,0,180000
SUNPHARMA30Jan20430CE.NFO,07/01/2020,11:05:58,20.7,20.75,2500,21.2,2500,0,180000
SUNPHARMA30Jan20430CE.NFO,07/01/2020,11:06:04,20.7,20.95,2500,21.45,1250,0,180000
SUNPHARMA30Jan20430CE.NFO,07/01/2020,11:06:11,20.7,20.95,1250,21.5,1250,0,180000
SUNPHARMA30Jan20430CE.NFO,07/01/2020,11:06:24,20.7,20.95,1250,21.4,1250,0,180000
SUNPHARMA30Jan20430CE.NFO,07/01/2020,11:06:30,20.7,20.9,1250,21.4,1250,0,180000
SUNPHARMA30Jan20430CE.NFO,07/01/2020,11:06:41,20.7,20.9,2500,21.4,1250,0,180000
SUNPHARMA30Jan20430CE.NFO,07/01/2020,11:06:46,20.7,20.95,1250,21.4,1250,0,180000
SUNPHARMA30Jan20430CE.NFO,07/01/2020,11:06:51,20.7,20.9,1250,21.3,1250,0,180000
SUNPHARMA30Jan20430CE.NFO,07/01/2020,11:06:57,20.7,20.9,2500,21.35,1250,0,180000
SUNPHARMA30Jan20430CE.NFO,07/01/2020,11:07:03,20.7,20.95,1250,21.45,2500,0,180000
SUNPHARMA30Jan20430CE.NFO,07/01/2020,11:07:08,20.7,20.9,2500,21.45,2500,0,180000
SUNPHARMA30Jan20430CE.NFO,07/01/2020,11:07:14,20.7,20.9,2500,21.4,2500,0,180000
SUNPHARMA30Jan20430CE.NFO,07/01/2020,11:07:19,20.7,21,1250,21.45,2500,0,180000
SUNPHARMA30Jan20430CE.NFO,07/01/2020,11:07:24,20.7,21,1250,21.45,1250,0,180000
SUNPHARMA30Jan20430CE.NFO,07/01/2020,11:07:34,20.7,21.05,1250,21.55,2500,0,180000
SUNPHARMA30Jan20430CE.NFO,07/01/2020,11:07:39,20.7,21.05,1250,21.5,2500,0,180000
SUNPHARMA30Jan20430CE.NFO,07/01/2020,11:07:45,20.7,21,1250,21.5,2500,0,180000
SUNPHARMA30Jan20430CE.NFO,07/01/2020,11:07:50,20.7,21,1250,21.4,1250,0,180000
SUNPHARMA30Jan20430CE.NFO,07/01/2020,11:07:55,20.7,21,2500,21.45,1250,0,180000
SUNPHARMA30Jan20430CE.NFO,07/01/2020,11:07:59,20.7,21.1,1250,21.5,1250,0,180000
SUNPHARMA30Jan20430CE.NFO,07/01/2020,11:08:09,20.7,21.15,2500,21.65,1250,0,180000
SUNPHARMA30Jan20430CE.NFO,07/01/2020,11:08:14,20.7,21.15,2500,21.65,2500,0,180000
SUNPHARMA30Jan20430CE.NFO,07/01/2020,11:08:23,20.7,21.25,1250,21.7,1250,0,180000
SUNPHARMA30Jan20430CE.NFO,07/01/2020,11:08:29,20.7,21.3,1250,21.8,1250,0,180000
SUNPHARMA30Jan20430CE.NFO,07/01/2020,11:08:34,20.7,21.4,1250,21.8,1250,0,180000
SUNPHARMA30Jan20430CE.NFO,07/01/2020,11:08:39,20.7,21.35,2500,21.8,1250,0,180000
SUNPHARMA30Jan20430CE.NFO,07/01/2020,11:08:44,20.7,21.15,1250,21.6,1250,0,180000
SUNPHARMA30Jan20430CE.NFO,07/01/2020,11:08:53,20.7,21.15,1250,21.6,2500,0,180000
SUNPHARMA30Jan20430CE.NFO,07/01/2020,11:08:57,20.7,21.05,1250,21.6,2500,0,180000
SUNPHARMA30Jan20430CE.NFO,07/01/2020,11:09:02,20.7,21.1,1250,21.6,2500,0,180000
SUNPHARMA30Jan20430CE.NFO,07/01/2020,11:09:21,20.7,21.05,1250,21.55,1250,0,180000
SUNPHARMA30Jan20430CE.NFO,07/01/2020,11:09:27,20.7,21.15,1250,21.7,1250,0,180000
SUNPHARMA30Jan20430CE.NFO,07/01/2020,11:09:32,20.7,21.05,1250,21.6,1250,0,180000
SUNPHARMA30Jan20430CE.NFO,07/01/2020,11:09:37,20.7,21.15,2500,21.6,1250,0,180000
SUNPHARMA30Jan20430CE.NFO,07/01/2020,11:09:43,20.7,21.15,1250,21.55,1250,0,180000
SUNPHARMA30Jan20430CE.NFO,07/01/2020,11:09:59,20.7,21.15,1250,21.6,1250,0,180000
SUNPHARMA30Jan20430CE.NFO,07/01/2020,11:10:04,20.7,21.05,1250,21.55,1250,0,180000
SUNPHARMA30Jan20430CE.NFO,07/01/2020,11:10:09,20.7,21.05,1250,21.5,1250,0,180000
SUNPHARMA30Jan20430CE.NFO,07/01/2020,11:10:14,20.7,21,1250,21.5,1250,0,180000
SUNPHARMA30Jan20430CE.NFO,07/01/2020,11:10:19,20.7,21,1250,21.55,2500,0,180000
SUNPHARMA30Jan20430CE.NFO,07/01/2020,11:10:23,20.7,21,1250,21.5,2500,0,180000
SUNPHARMA30Jan20430CE.NFO,07/01/2020,11:10:52,20.7,20.95,1250,21.45,1250,0,180000
SUNPHARMA30Jan20430CE.NFO,07/01/2020,11:10:56,20.7,21,1250,21.45,1250,0,180000
SUNPHARMA30Jan20430CE.NFO,07/01/2020,11:11:03,20.7,20.95,1250,21.4,1250,0,180000
SUNPHARMA30Jan20430CE.NFO,07/01/2020,11:11:13,20.7,20.95,1250,21.4,2500,0,180000
SUNPHARMA30Jan20430CE.NFO,07/01/2020,11:11:20,20.7,20.9,2500,21.35,1250,0,180000
SUNPHARMA30Jan20430CE.NFO,07/01/2020,11:11:28,20.7,20.8,2500,21.4,1250,0,180000
SUNPHARMA30Jan20430CE.NFO,07/01/2020,11:11:36,20.7,20.7,1250,21.2,1250,0,180000
SUNPHARMA30Jan20430CE.NFO,07/01/2020,11:11:43,20.7,20.8,2500,21.3,2500,0,180000
SUNPHARMA30Jan20430CE.NFO,07/01/2020,11:11:50,20.7,20.85,2500,21.25,1250,0,180000
SUNPHARMA30Jan20430CE.NFO,07/01/2020,11:11:56,20.7,20.7,1250,21.15,1250,0,180000
SUNPHARMA30Jan20430CE.NFO,07/01/2020,11:12:04,20.7,20.5,1250,21.05,1250,0,180000
SUNPHARMA30Jan20430CE.NFO,07/01/2020,11:12:12,20.7,20.4,1250,21.05,2500,0,180000
SUNPHARMA30Jan20430CE.NFO,07/01/2020,11:12:19,20.7,20.3,1250,20.9,2500,0,180000
SUNPHARMA30Jan20430CE.NFO,07/01/2020,11:12:25,20.7,20.4,1250,20.95,1250,0,180000
SUNPHARMA30Jan20430CE.NFO,07/01/2020,11:12:31,20.7,20.4,1250,21,1250,0,180000
SUNPHARMA30Jan20430CE.NFO,07/01/2020,11:12:36,20.7,20.5,1250,21,1250,0,180000
SUNPHARMA30Jan20430CE.NFO,07/01/2020,11:12:42,20.5,20.45,1250,20.95,2500,1250,180000
SUNPHARMA30Jan20430CE.NFO,07/01/2020,11:12:42,20.5,20.45,1250,20.95,2500,0,180000
SUNPHARMA30Jan20430CE.NFO,07/01/2020,11:12:48,20.5,20.4,2500,20.85,2500,0,180000
SUNPHARMA30Jan20430CE.NFO,07/01/2020,11:12:53,20.5,20.35,1250,20.85,1250,0,180000
SUNPHARMA30Jan20430CE.NFO,07/01/2020,11:12:58,20.5,20.3,1250,20.8,1250,0,180000
SUNPHARMA30Jan20430CE.NFO,07/01/2020,11:13:03,20.5,20.1,1250,20.7,1250,0,180000
SUNPHARMA30Jan20430CE.NFO,07/01/2020,11:13:08,20.5,20.1,1250,20.8,1250,0,180000
SUNPHARMA30Jan20430CE.NFO,07/01/2020,11:13:13,20.5,20.05,2500,20.5,1250,0,180000
SUNPHARMA30Jan20430CE.NFO,07/01/2020,11:13:19,20.5,20.1,1250,20.6,2500,0,180000
SUNPHARMA30Jan20430CE.NFO,07/01/2020,11:13:25,20.5,20.15,2500,20.6,1250,0,180000
SUNPHARMA30Jan20430CE.NFO,07/01/2020,11:13:30,20.5,20.15,2500,20.7,1250,0,180000
SUNPHARMA30Jan20430CE.NFO,07/01/2020,11:13:42,20.5,20.15,3750,20.65,2500,0,180000
SUNPHARMA30Jan20430CE.NFO,07/01/2020,11:13:48,20.5,20.2,2500,20.65,1250,0,180000
SUNPHARMA30Jan20430CE.NFO,07/01/2020,11:13:54,20.5,20.15,2500,20.6,1250,0,180000
SUNPHARMA30Jan20430CE.NFO,07/01/2020,11:13:59,20.5,20.2,1250,20.7,2500,0,180000
SUNPHARMA30Jan20430CE.NFO,07/01/2020,11:14:04,20.5,20.15,1250,20.7,3750,0,180000
SUNPHARMA30Jan20430CE.NFO,07/01/2020,11:14:14,20.5,20.2,1250,20.65,2500,0,180000
SUNPHARMA30Jan20430CE.NFO,07/01/2020,11:14:19,20.6,20.15,2500,20.65,1250,1250,180000
SUNPHARMA30Jan20430CE.NFO,07/01/2020,11:14:25,20.6,20.05,3750,20.55,1250,0,180000
SUNPHARMA30Jan20430CE.NFO,07/01/2020,11:14:29,20.6,20.05,3750,20.55,2500,0,180000
SUNPHARMA30Jan20430CE.NFO,07/01/2020,11:14:38,20.6,20.1,1250,20.5,1250,0,180000
SUNPHARMA30Jan20430CE.NFO,07/01/2020,11:14:43,20.6,20.15,1250,20.55,1250,0,180000
SUNPHARMA30Jan20430CE.NFO,07/01/2020,11:14:48,20.6,20.05,3750,20.55,1250,0,180000
SUNPHARMA30Jan20430CE.NFO,07/01/2020,11:14:52,20.6,20.05,2500,20.4,1250,0,180000
SUNPHARMA30Jan20430CE.NFO,07/01/2020,11:14:58,20.6,20.05,2500,20.45,1250,0,180000
SUNPHARMA30Jan20430CE.NFO,07/01/2020,11:15:04,19.7,19.4,1250,19.95,1250,3750,180000
SUNPHARMA30Jan20430CE.NFO,07/01/2020,11:15:04,19.7,19.4,1250,19.95,1250,0,180000
SUNPHARMA30Jan20430CE.NFO,07/01/2020,11:15:11,19.7,19.6,1250,20,1250,0,180000
SUNPHARMA30Jan20430CE.NFO,07/01/2020,11:15:17,19.7,19.6,1250,20.35,1250,0,180000
SUNPHARMA30Jan20430CE.NFO,07/01/2020,11:15:22,19.7,19.65,1250,20.15,1250,0,180000
SUNPHARMA30Jan20430CE.NFO,07/01/2020,11:15:28,19.7,19.7,1250,20.2,2500,0,180000
SUNPHARMA30Jan20430CE.NFO,07/01/2020,11:15:33,19.7,19.7,1250,20.15,1250,0,180000
SUNPHARMA30Jan20430CE.NFO,07/01/2020,11:15:42,19.7,19.65,1250,20.15,2500,0,180000
SUNPHARMA30Jan20430CE.NFO,07/01/2020,11:15:47,19.7,19.65,1250,20.2,2500,0,180000
SUNPHARMA30Jan20430CE.NFO,07/01/2020,11:15:51,19.7,19.7,1250,20.25,1250,0,180000
SUNPHARMA30Jan20430CE.NFO,07/01/2020,11:15:55,19.7,19.7,1250,20.2,2500,0,180000
SUNPHARMA30Jan20430CE.NFO,07/01/2020,11:16:00,19.7,19.75,1250,20.25,2500,0,180000
SUNPHARMA30Jan20430CE.NFO,07/01/2020,11:16:06,19.7,19.8,1250,20.25,1250,0,180000
SUNPHARMA30Jan20430CE.NFO,07/01/2020,11:16:12,19.7,19.85,1250,20.3,1250,0,180000
SUNPHARMA30Jan20430CE.NFO,07/01/2020,11:16:18,19.7,20,2500,20.5,1250,0,180000
SUNPHARMA30Jan20430CE.NFO,07/01/2020,11:16:24,19.7,20,1250,20.65,1250,0,180000
SUNPHARMA30Jan20430CE.NFO,07/01/2020,11:16:30,19.7,20,1250,20.5,1250,0,180000
SUNPHARMA30Jan20430CE.NFO,07/01/2020,11:16:35,19.7,20.05,1250,20.5,1250,0,180000
SUNPHARMA30Jan20430CE.NFO,07/01/2020,11:16:40,19.7,20.05,1250,20.5,2500,0,180000
SUNPHARMA30Jan20430CE.NFO,07/01/2020,11:16:45,20.5,20.05,1250,20.55,1250,1250,180000
SUNPHARMA30Jan20430CE.NFO,07/01/2020,11:16:50,20.5,20.05,1250,20.5,2500,0,180000
SUNPHARMA30Jan20430CE.NFO,07/01/2020,11:17:16,20.5,20.15,1250,20.75,2500,0,180000
SUNPHARMA30Jan20430CE.NFO,07/01/2020,11:17:23,20.5,20.05,1250,20.6,1250,0,180000
SUNPHARMA30Jan20430CE.NFO,07/01/2020,11:17:28,20.5,20.25,1250,20.9,1250,0,180000
SUNPHARMA30Jan20430CE.NFO,07/01/2020,11:17:33,20.5,20.3,2500,21.05,1250,0,180000
SUNPHARMA30Jan20430CE.NFO,07/01/2020,11:17:39,20.5,20.45,1250,20.9,1250,0,180000
SUNPHARMA30Jan20430CE.NFO,07/01/2020,11:17:45,20.5,20.35,1250,20.85,2500,0,180000
SUNPHARMA30Jan20430CE.NFO,07/01/2020,11:17:56,20.5,20.1,5000,20.8,2500,0,180000
SUNPHARMA30Jan20430CE.NFO,07/01/2020,11:18:01,20.5,20.2,2500,20.8,3750,0,180000
SUNPHARMA30Jan20430CE.NFO,07/01/2020,11:18:05,20.5,20.2,1250,20.75,2500,0,180000
SUNPHARMA30Jan20430CE.NFO,07/01/2020,11:18:09,20.5,20.25,1250,20.7,1250,0,180000
SUNPHARMA30Jan20430CE.NFO,07/01/2020,11:18:23,20.5,20.15,3750,20.65,1250,0,180000
SUNPHARMA30Jan20430CE.NFO,07/01/2020,11:18:28,20.5,20.25,1250,20.7,2500,0,180000
SUNPHARMA30Jan20430CE.NFO,07/01/2020,11:18:33,20.5,20.25,2500,20.7,2500,0,180000
SUNPHARMA30Jan20430CE.NFO,07/01/2020,11:18:39,20.5,20.3,1250,21.05,1250,0,180000
SUNPHARMA30Jan20430CE.NFO,07/01/2020,11:18:47,20.5,20.15,1250,20.75,1250,0,180000
SUNPHARMA30Jan20430CE.NFO,07/01/2020,11:18:54,20.5,20.05,1250,20.85,5000,0,180000
SUNPHARMA30Jan20430CE.NFO,07/01/2020,11:19:00,20.5,20.2,1250,20.8,1250,0,180000
SUNPHARMA30Jan20430CE.NFO,07/01/2020,11:19:06,20.5,20.2,1250,20.75,1250,0,180000
SUNPHARMA30Jan20430CE.NFO,07/01/2020,11:19:11,20.5,20.1,1250,20.65,1250,0,180000
SUNPHARMA30Jan20430CE.NFO,07/01/2020,11:19:17,20.5,20.1,2500,20.6,2500,0,180000
SUNPHARMA30Jan20430CE.NFO,07/01/2020,11:19:26,20.5,19.95,2500,20.45,2500,0,180000
SUNPHARMA30Jan20430CE.NFO,07/01/2020,11:19:34,20.5,19.95,1250,20.7,1250,0,180000
SUNPHARMA30Jan20430CE.NFO,07/01/2020,11:19:39,20.5,19.75,1250,20.45,1250,0,180000
SUNPHARMA30Jan20430CE.NFO,07/01/2020,11:19:44,20.5,19.75,1250,20.3,1250,0,180000
SUNPHARMA30Jan20430CE.NFO,07/01/2020,11:19:50,20.5,19.9,1250,20.35,3750,0,180000
SUNPHARMA30Jan20430CE.NFO,07/01/2020,11:19:55,20.5,19.8,1250,20.35,3750,0,180000
SUNPHARMA30Jan20430CE.NFO,07/01/2020,11:19:59,20.5,19.85,1250,20.35,3750,0,180000
SUNPHARMA30Jan20430CE.NFO,07/01/2020,11:20:03,20.5,19.9,2500,20.35,1250,0,180000
SUNPHARMA30Jan20430CE.NFO,07/01/2020,11:20:08,20.5,19.95,1250,20.35,1250,0,180000
SUNPHARMA30Jan20430CE.NFO,07/01/2020,11:20:14,20.5,19.9,2500,20.85,7500,0,180000
SUNPHARMA30Jan20430CE.NFO,07/01/2020,11:20:20,20.5,20,1250,20.55,1250,0,180000
SUNPHARMA30Jan20430CE.NFO,07/01/2020,11:20:25,20.5,20.1,2500,20.7,1250,0,180000
SUNPHARMA30Jan20430CE.NFO,07/01/2020,11:20:30,20.5,20.2,1250,20.85,1250,0,180000
SUNPHARMA30Jan20430CE.NFO,07/01/2020,11:20:36,20.5,20.3,1250,20.85,1250,0,180000
SUNPHARMA30Jan20430CE.NFO,07/01/2020,11:20:41,20.5,20.35,2500,20.85,1250,0,180000
SUNPHARMA30Jan20430CE.NFO,07/01/2020,11:20:47,20.5,20.4,1250,21.25,3750,0,180000
SUNPHARMA30Jan20430CE.NFO,07/01/2020,11:20:53,20.5,20.35,1250,21,3750,0,180000
SUNPHARMA30Jan20430CE.NFO,07/01/2020,11:20:59,20.5,20.4,2500,20.9,2500,0,180000
SUNPHARMA30Jan20430CE.NFO,07/01/2020,11:21:27,20.5,20.4,2500,20.85,1250,0,180000
SUNPHARMA30Jan20430CE.NFO,07/01/2020,11:21:32,20.5,20.3,1250,20.9,1250,0,180000
SUNPHARMA30Jan20430CE.NFO,07/01/2020,11:21:38,20.5,20.2,1250,20.85,1250,0,180000
SUNPHARMA30Jan20430CE.NFO,07/01/2020,11:21:43,20.5,20.25,1250,20.85,1250,0,180000
SUNPHARMA30Jan20430CE.NFO,07/01/2020,11:21:48,20.5,20.3,1250,20.85,1250,0,180000
SUNPHARMA30Jan20430CE.NFO,07/01/2020,11:21:52,20.5,20.2,1250,20.95,2500,0,180000
SUNPHARMA30Jan20430CE.NFO,07/01/2020,11:21:56,20.5,20.3,1250,20.8,2500,0,180000
SUNPHARMA30Jan20430CE.NFO,07/01/2020,11:22:01,20.5,20.2,1250,20.7,1250,0,180000
SUNPHARMA30Jan20430CE.NFO,07/01/2020,11:22:06,20.5,20.5,1250,20.7,1250,0,180000
SUNPHARMA30Jan20430CE.NFO,07/01/2020,11:22:10,20.5,20.5,1250,20.8,1250,0,180000
SUNPHARMA30Jan20430CE.NFO,07/01/2020,11:22:14,20.5,20.5,1250,20.75,1250,0,180000
SUNPHARMA30Jan20430CE.NFO,07/01/2020,11:22:52,20.5,20.5,1250,21,5000,0,180000
SUNPHARMA30Jan20430CE.NFO,07/01/2020,11:22:56,20.5,20.5,1250,20.9,2500,0,180000
SUNPHARMA30Jan20430CE.NFO,07/01/2020,11:23:00,20.5,20.5,1250,21,1250,0,180000
SUNPHARMA30Jan20430CE.NFO,07/01/2020,11:23:10,20.5,20.5,2500,21,1250,0,180000
SUNPHARMA30Jan20430CE.NFO,07/01/2020,11:23:15,20.95,20.45,1250,21,2500,1250,178750
SUNPHARMA30Jan20430CE.NFO,07/01/2020,11:23:20,20.95,20.45,1250,20.95,1250,0,178750
SUNPHARMA30Jan20430CE.NFO,07/01/2020,11:23:25,20.95,20.4,2500,21.2,1250,0,178750
SUNPHARMA30Jan20430CE.NFO,07/01/2020,11:23:30,20.95,20.6,2500,21.7,8750,0,178750
SUNPHARMA30Jan20430CE.NFO,07/01/2020,11:23:34,20.95,20.5,2500,21.4,1250,0,178750
SUNPHARMA30Jan20430CE.NFO,07/01/2020,11:23:39,20.95,20.5,2500,21.2,1250,0,178750
SUNPHARMA30Jan20430CE.NFO,07/01/2020,11:23:44,20.95,20.6,1250,21.2,1250,0,178750
SUNPHARMA30Jan20430CE.NFO,07/01/2020,11:23:48,20.95,20.6,2500,21.1,1250,0,178750
SUNPHARMA30Jan20430CE.NFO,07/01/2020,11:23:52,20.95,20.65,1250,21.15,1250,0,178750
SUNPHARMA30Jan20430CE.NFO,07/01/2020,11:23:56,20.95,20.75,1250,21.4,1250,0,178750
SUNPHARMA30Jan20430CE.NFO,07/01/2020,11:24:01,20.95,20.8,1250,21.45,2500,0,178750
SUNPHARMA30Jan20430CE.NFO,07/01/2020,11:24:05,20.95,21,1250,21.7,1250,0,178750
SUNPHARMA30Jan20430CE.NFO,07/01/2020,11:24:11,20.95,20.9,1250,21.55,1250,0,178750
SUNPHARMA30Jan20430CE.NFO,07/01/2020,11:24:20,20.95,21.05,1250,21.55,1250,0,178750
SUNPHARMA30Jan20430CE.NFO,07/01/2020,11:24:24,20.95,21,1250,21.85,6250,0,178750
SUNPHARMA30Jan20430CE.NFO,07/01/2020,11:24:29,20.95,21.05,1250,21.65,2500,0,178750
SUNPHARMA30Jan20430CE.NFO,07/01/2020,11:24:34,20.95,20.85,2500,21.55,1250,0,178750
SUNPHARMA30Jan20430CE.NFO,07/01/2020,11:24:43,20.95,20.95,2500,21.4,1250,0,178750
SUNPHARMA30Jan20430CE.NFO,07/01/2020,11:24:47,20.95,20.9,2500,21.35,1250,0,178750
SUNPHARMA30Jan20430CE.NFO,07/01/2020,11:24:52,20.95,20.9,2500,21.3,1250,0,178750
SUNPHARMA30Jan20430CE.NFO,07/01/2020,11:25:00,20.95,20.8,1250,21.3,1250,0,178750
SUNPHARMA30Jan20430CE.NFO,07/01/2020,11:25:06,20.95,20.85,1250,21.3,1250,0,178750
SUNPHARMA30Jan20430CE.NFO,07/01/2020,11:25:15,20.95,20.75,2500,21.4,3750,0,178750
SUNPHARMA30Jan20430CE.NFO,07/01/2020,11:25:19,20.95,20.8,1250,21.4,5000,0,178750
SUNPHARMA30Jan20430CE.NFO,07/01/2020,11:25:30,20.95,20.8,1250,21.4,3750,0,178750
SUNPHARMA30Jan20430CE.NFO,07/01/2020,11:25:43,20.95,20.9,2500,21.5,2500,0,178750
SUNPHARMA30Jan20430CE.NFO,07/01/2020,11:25:49,20.95,20.95,1250,21.45,1250,0,178750
SUNPHARMA30Jan20430CE.NFO,07/01/2020,11:25:53,20.95,20.95,2500,21.4,1250,0,178750
SUNPHARMA30Jan20430CE.NFO,07/01/2020,11:26:24,20.95,20.9,1250,21.45,1250,0,178750
SUNPHARMA30Jan20430CE.NFO,07/01/2020,11:26:32,20.95,20.9,2500,21.5,1250,0,178750
SUNPHARMA30Jan20430CE.NFO,07/01/2020,11:26:37,20.95,20.9,2500,21.45,1250,0,178750
SUNPHARMA30Jan20430CE.NFO,07/01/2020,11:26:41,20.95,21,1250,21.5,2500,0,178750
SUNPHARMA30Jan20430CE.NFO,07/01/2020,11:26:46,20.95,20.95,2500,21.4,1250,0,178750
SUNPHARMA30Jan20430CE.NFO,07/01/2020,11:27:02,20.95,20.9,2500,21.45,2500,0,178750
SUNPHARMA30Jan20430CE.NFO,07/01/2020,11:27:05,20.95,20.9,1250,21.35,1250,0,178750
SUNPHARMA30Jan20430CE.NFO,07/01/2020,11:27:08,20.95,20.9,2500,21.4,2500,0,178750
SUNPHARMA30Jan20430CE.NFO,07/01/2020,11:27:21,20.95,20.75,1250,21.35,1250,0,178750
SUNPHARMA30Jan20430CE.NFO,07/01/2020,11:27:25,20.95,20.75,1250,21.25,2500,0,178750
SUNPHARMA30Jan20430CE.NFO,07/01/2020,11:27:28,20.95,20.75,2500,21.2,2500,0,178750
SUNPHARMA30Jan20430CE.NFO,07/01/2020,11:27:35,20.95,20.7,1250,21.2,2500,0,178750
SUNPHARMA30Jan20430CE.NFO,07/01/2020,11:27:39,20.95,20.8,1250,21.4,1250,0,178750
SUNPHARMA30Jan20430CE.NFO,07/01/2020,11:27:42,20.95,20.8,1250,21.3,1250,0,178750
SUNPHARMA30Jan20430CE.NFO,07/01/2020,11:27:44,20.95,20.8,1250,21.25,1250,0,178750
SUNPHARMA30Jan20430CE.NFO,07/01/2020,11:28:05,20.95,20.8,1250,21.25,2500,0,178750
SUNPHARMA30Jan20430CE.NFO,07/01/2020,11:28:09,20.95,20.8,1250,21.25,1250,0,178750
SUNPHARMA30Jan20430CE.NFO,07/01/2020,11:28:12,20.95,20.9,1250,21.45,1250,0,178750
SUNPHARMA30Jan20430CE.NFO,07/01/2020,11:28:15,20.95,20.9,1250,21.4,2500,0,178750
SUNPHARMA30Jan20430CE.NFO,07/01/2020,11:28:20,20.95,20.9,1250,21.3,1250,0,178750
SUNPHARMA30Jan20430CE.NFO,07/01/2020,11:28:27,20.95,20.8,1250,21.3,2500,0,178750
SUNPHARMA30Jan20430CE.NFO,07/01/2020,11:28:30,20.95,20.75,1250,21.2,1250,0,178750
SUNPHARMA30Jan20430CE.NFO,07/01/2020,11:28:32,20.95,20.75,1250,21.2,2500,0,178750
SUNPHARMA30Jan20430CE.NFO,07/01/2020,11:28:37,20.95,20.75,1250,21.25,1250,0,178750
SUNPHARMA30Jan20430CE.NFO,07/01/2020,11:28:43,20.95,20.75,1250,21.2,2500,0,178750
SUNPHARMA30Jan20430CE.NFO,07/01/2020,11:28:45,20.95,20.8,1250,21.35,1250,0,178750
SUNPHARMA30Jan20430CE.NFO,07/01/2020,11:28:48,20.95,20.85,1250,21.25,1250,0,178750
SUNPHARMA30Jan20430CE.NFO,07/01/2020,11:28:51,20.95,20.75,1250,21.2,2500,0,178750
SUNPHARMA30Jan20430CE.NFO,07/01/2020,11:28:58,20.95,20.75,1250,21.2,1250,0,178750
SUNPHARMA30Jan20430CE.NFO,07/01/2020,11:29:02,20.95,20.75,1250,21.2,2500,0,178750
SUNPHARMA30Jan20430CE.NFO,07/01/2020,11:29:11,20.95,20.75,1250,21.1,1250,0,178750
SUNPHARMA30Jan20430CE.NFO,07/01/2020,11:29:17,20.95,20.75,1250,21.2,2500,0,178750
SUNPHARMA30Jan20430CE.NFO,07/01/2020,11:29:39,20.95,20.75,1250,21.1,1250,0,178750
SUNPHARMA30Jan20430CE.NFO,07/01/2020,11:29:42,20.95,20.75,1250,21.15,1250,0,178750
SUNPHARMA30Jan20430CE.NFO,07/01/2020,11:29:46,20.95,20.7,1250,21.15,1250,0,178750
SUNPHARMA30Jan20430CE.NFO,07/01/2020,11:29:53,20.95,20.7,2500,21.1,1250,0,178750
SUNPHARMA30Jan20430CE.NFO,07/01/2020,11:29:56,20.95,20.7,1250,21.25,3750,0,178750
SUNPHARMA30Jan20430CE.NFO,07/01/2020,11:29:58,20.95,20.7,2500,21.25,3750,0,178750
SUNPHARMA30Jan20430CE.NFO,07/01/2020,11:30:02,20.95,20.75,1250,21.2,1250,0,178750
SUNPHARMA30Jan20430CE.NFO,07/01/2020,11:30:04,20.95,20.75,1250,21.15,1250,0,178750
SUNPHARMA30Jan20430CE.NFO,07/01/2020,11:30:07,20.95,20.75,1250,21.35,2500,0,178750
SUNPHARMA30Jan20430CE.NFO,07/01/2020,11:30:13,20.95,20.75,1250,21.3,1250,0,178750
SUNPHARMA30Jan20430CE.NFO,07/01/2020,11:30:17,20.95,20.8,2500,21.2,1250,0,178750
SUNPHARMA30Jan20430CE.NFO,07/01/2020,11:30:22,20.95,20.8,1250,21.15,1250,0,178750
