Ticker,Date,Time,LTP,BuyPrice,BuyQty,SellPrice,SellQty,LTQ,OpenInterest
TATAGLOBAL30Jan20305PE.NFO,07/01/2020,09:16:18,5,4.45,2700,5.1,2700,2700,62100
TATAGLOBAL30Jan20305PE.NFO,07/01/2020,09:16:18,5,4.45,2700,5.1,2700,0,62100
TATAGLOBAL30Jan20305PE.NFO,07/01/2020,09:16:18,5,4.45,2700,5.1,2700,0,62100
TATAGLOBAL30Jan20305PE.NFO,07/01/2020,09:16:18,5,4.45,2700,5.1,2700,0,62100
TATAGLOBAL30Jan20305PE.NFO,07/01/2020,09:16:29,5,4.45,2700,5.1,8100,0,62100
TATAGLOBAL30Jan20305PE.NFO,07/01/2020,09:16:39,5,4.45,2700,5.05,2700,0,62100
TATAGLOBAL30Jan20305PE.NFO,07/01/2020,09:17:08,5,4.3,2700,4.9,8100,0,62100
TATAGLOBAL30Jan20305PE.NFO,07/01/2020,09:17:17,5,4.3,2700,4.85,8100,0,62100
TATAGLOBAL30Jan20305PE.NFO,07/01/2020,09:17:37,5,4.35,2700,5,8100,0,62100
TATAGLOBAL30Jan20305PE.NFO,07/01/2020,09:17:48,5,4.4,2700,5.05,10800,0,62100
TATAGLOBAL30Jan20305PE.NFO,07/01/2020,09:17:58,5,4.4,2700,5,8100,0,62100
TATAGLOBAL30Jan20305PE.NFO,07/01/2020,09:18:17,5,4.4,2700,5.05,8100,0,62100
TATAGLOBAL30Jan20305PE.NFO,07/01/2020,09:18:26,5,4.45,2700,5.05,8100,0,62100
TATAGLOBAL30Jan20305PE.NFO,07/01/2020,09:18:35,5,4.5,2700,5.1,8100,0,62100
TATAGLOBAL30Jan20305PE.NFO,07/01/2020,09:18:53,5,4.5,2700,5.1,2700,0,62100
TATAGLOBAL30Jan20305PE.NFO,07/01/2020,09:19:02,5,4.45,2700,5.1,8100,0,62100
TATAGLOBAL30Jan20305PE.NFO,07/01/2020,09:19:19,5,4.45,2700,5,2700,0,62100
TATAGLOBAL30Jan20305PE.NFO,07/01/2020,09:19:28,5,4.35,2700,5,8100,0,62100
TATAGLOBAL30Jan20305PE.NFO,07/01/2020,09:19:36,5,4.4,2700,5,10800,0,62100
TATAGLOBAL30Jan20305PE.NFO,07/01/2020,09:19:44,5,4.3,2700,4.9,2700,0,62100
TATAGLOBAL30Jan20305PE.NFO,07/01/2020,09:20:38,5,4.25,2700,4.9,8100,0,62100
TATAGLOBAL30Jan20305PE.NFO,07/01/2020,09:20:46,5,4.35,2700,4.9,2700,0,62100
TATAGLOBAL30Jan20305PE.NFO,07/01/2020,09:20:54,5,4.25,2700,4.9,10800,0,62100
TATAGLOBAL30Jan20305PE.NFO,07/01/2020,09:21:18,5,4.2,2700,4.7,2700,0,62100
TATAGLOBAL30Jan20305PE.NFO,07/01/2020,09:21:25,5,4.3,2700,4.7,2700,0,62100
TATAGLOBAL30Jan20305PE.NFO,07/01/2020,09:23:26,5,4.3,2700,4.7,8100,0,62100
TATAGLOBAL30Jan20305PE.NFO,07/01/2020,09:23:32,5,4.3,2700,4.6,5400,0,62100
TATAGLOBAL30Jan20305PE.NFO,07/01/2020,09:23:45,5,4.3,2700,4.6,2700,0,62100
TATAGLOBAL30Jan20305PE.NFO,07/01/2020,09:23:51,5,4.3,2700,4.6,5400,0,62100
TATAGLOBAL30Jan20305PE.NFO,07/01/2020,09:23:58,5,4.3,2700,4.5,5400,0,62100
TATAGLOBAL30Jan20305PE.NFO,07/01/2020,09:24:05,5,4.3,2700,4.45,5400,0,62100
TATAGLOBAL30Jan20305PE.NFO,07/01/2020,09:24:12,5,4.3,2700,4.5,5400,0,62100
TATAGLOBAL30Jan20305PE.NFO,07/01/2020,09:24:26,5,4.3,2700,4.45,5400,0,62100
TATAGLOBAL30Jan20305PE.NFO,07/01/2020,09:24:39,5,4.25,2700,4.45,5400,0,62100
TATAGLOBAL30Jan20305PE.NFO,07/01/2020,09:24:51,5,4.15,2700,4.35,2700,0,62100
TATAGLOBAL30Jan20305PE.NFO,07/01/2020,09:25:12,5,4.1,2700,4.35,5400,0,62100
TATAGLOBAL30Jan20305PE.NFO,07/01/2020,09:25:20,5,4.1,2700,4.35,2700,0,62100
TATAGLOBAL30Jan20305PE.NFO,07/01/2020,09:25:33,5,4.2,2700,4.35,2700,0,62100
TATAGLOBAL30Jan20305PE.NFO,07/01/2020,09:25:40,5,4.15,5400,4.35,2700,0,62100
TATAGLOBAL30Jan20305PE.NFO,07/01/2020,09:26:12,5,4.1,2700,4.3,2700,0,62100
TATAGLOBAL30Jan20305PE.NFO,07/01/2020,09:26:32,5,4.05,2700,4.3,5400,0,62100
TATAGLOBAL30Jan20305PE.NFO,07/01/2020,09:26:39,5,4.05,2700,4.2,2700,0,62100
TATAGLOBAL30Jan20305PE.NFO,07/01/2020,09:26:57,5,4.05,5400,4.2,2700,0,62100
TATAGLOBAL30Jan20305PE.NFO,07/01/2020,09:27:25,5,4.1,2700,4.2,2700,0,62100
TATAGLOBAL30Jan20305PE.NFO,07/01/2020,09:27:38,5,4.1,5400,4.3,2700,0,62100
TATAGLOBAL30Jan20305PE.NFO,07/01/2020,09:27:44,5,4.1,2700,4.3,2700,0,62100
TATAGLOBAL30Jan20305PE.NFO,07/01/2020,09:28:13,4,4,2700,4.15,5400,2700,64800
TATAGLOBAL30Jan20305PE.NFO,07/01/2020,09:28:13,4,4,2700,4.15,5400,0,64800
TATAGLOBAL30Jan20305PE.NFO,07/01/2020,09:28:20,4,4,2700,4.15,5400,0,64800
TATAGLOBAL30Jan20305PE.NFO,07/01/2020,09:28:26,4,4,5400,4.15,5400,0,64800
TATAGLOBAL30Jan20305PE.NFO,07/01/2020,09:28:49,4,4,2700,4.05,2700,0,64800
TATAGLOBAL30Jan20305PE.NFO,07/01/2020,09:29:07,4,3.9,2700,4.05,5400,2700,64800
TATAGLOBAL30Jan20305PE.NFO,07/01/2020,09:29:14,3.95,3.85,8100,4,2700,2700,67500
TATAGLOBAL30Jan20305PE.NFO,07/01/2020,09:29:14,3.95,3.85,8100,4,2700,0,67500
TATAGLOBAL30Jan20305PE.NFO,07/01/2020,09:29:20,3.95,3.85,5400,4,2700,0,67500
TATAGLOBAL30Jan20305PE.NFO,07/01/2020,09:29:26,3.95,3.85,8100,4,2700,0,67500
TATAGLOBAL30Jan20305PE.NFO,07/01/2020,09:29:32,3.95,3.85,8100,4.05,8100,0,67500
TATAGLOBAL30Jan20305PE.NFO,07/01/2020,09:29:45,3.95,3.85,8100,4.05,5400,0,67500
TATAGLOBAL30Jan20305PE.NFO,07/01/2020,09:30:06,3.95,3.75,5400,3.95,8100,0,67500
TATAGLOBAL30Jan20305PE.NFO,07/01/2020,09:30:12,3.95,3.7,2700,3.95,13500,0,67500
TATAGLOBAL30Jan20305PE.NFO,07/01/2020,09:30:18,3.95,3.75,8100,3.95,10800,0,67500
TATAGLOBAL30Jan20305PE.NFO,07/01/2020,09:30:24,3.95,3.75,8100,3.95,5400,0,67500
TATAGLOBAL30Jan20305PE.NFO,07/01/2020,09:30:29,3.95,3.75,8100,3.95,13500,0,67500
TATAGLOBAL30Jan20305PE.NFO,07/01/2020,09:30:34,3.75,3.7,2700,3.85,2700,2700,67500
TATAGLOBAL30Jan20305PE.NFO,07/01/2020,09:30:34,3.75,3.7,2700,3.85,2700,0,67500
TATAGLOBAL30Jan20305PE.NFO,07/01/2020,09:30:40,3.75,3.65,5400,3.85,2700,0,67500
TATAGLOBAL30Jan20305PE.NFO,07/01/2020,09:30:51,3.75,3.6,2700,3.75,2700,0,67500
TATAGLOBAL30Jan20305PE.NFO,07/01/2020,09:30:55,3.75,3.55,2700,3.75,2700,0,67500
TATAGLOBAL30Jan20305PE.NFO,07/01/2020,09:31:00,3.75,3.55,2700,3.75,5400,0,67500
TATAGLOBAL30Jan20305PE.NFO,07/01/2020,09:31:06,3.75,3.5,2700,3.65,2700,0,67500
TATAGLOBAL30Jan20305PE.NFO,07/01/2020,09:31:12,3.75,3.45,5400,3.65,2700,0,67500
TATAGLOBAL30Jan20305PE.NFO,07/01/2020,09:31:18,3.75,3.4,5400,3.55,2700,0,67500
TATAGLOBAL30Jan20305PE.NFO,07/01/2020,09:31:24,3.75,3.4,5400,3.6,2700,0,67500
TATAGLOBAL30Jan20305PE.NFO,07/01/2020,09:31:30,3.75,3.5,2700,3.65,2700,0,67500
TATAGLOBAL30Jan20305PE.NFO,07/01/2020,09:31:35,3.75,3.5,2700,3.7,5400,0,67500
TATAGLOBAL30Jan20305PE.NFO,07/01/2020,09:31:47,3.75,3.5,8100,3.7,5400,0,67500
TATAGLOBAL30Jan20305PE.NFO,07/01/2020,09:31:52,3.75,3.5,8100,3.7,10800,0,67500
TATAGLOBAL30Jan20305PE.NFO,07/01/2020,09:32:04,3.75,3.5,5400,3.7,10800,0,67500
TATAGLOBAL30Jan20305PE.NFO,07/01/2020,09:32:11,3.75,3.5,8100,3.7,10800,0,67500
TATAGLOBAL30Jan20305PE.NFO,07/01/2020,09:32:17,3.75,3.5,8100,3.7,5400,0,67500
TATAGLOBAL30Jan20305PE.NFO,07/01/2020,09:32:25,3.75,3.55,2700,3.7,5400,0,67500
TATAGLOBAL30Jan20305PE.NFO,07/01/2020,09:32:31,3.75,3.55,5400,3.75,2700,0,67500
TATAGLOBAL30Jan20305PE.NFO,07/01/2020,09:32:37,3.75,3.65,2700,3.8,5400,0,67500
TATAGLOBAL30Jan20305PE.NFO,07/01/2020,09:32:44,3.75,3.65,5400,3.8,5400,0,67500
TATAGLOBAL30Jan20305PE.NFO,07/01/2020,09:32:50,3.75,3.7,5400,3.85,2700,0,67500
TATAGLOBAL30Jan20305PE.NFO,07/01/2020,09:33:07,3.75,3.55,5400,3.75,2700,0,67500
TATAGLOBAL30Jan20305PE.NFO,07/01/2020,09:33:14,3.75,3.55,5400,3.75,8100,0,67500
TATAGLOBAL30Jan20305PE.NFO,07/01/2020,09:33:20,3.75,3.55,5400,3.75,5400,0,67500
TATAGLOBAL30Jan20305PE.NFO,07/01/2020,09:33:26,3.75,3.5,8100,3.7,2700,0,67500
TATAGLOBAL30Jan20305PE.NFO,07/01/2020,09:33:33,3.75,3.5,5400,3.7,8100,0,67500
TATAGLOBAL30Jan20305PE.NFO,07/01/2020,09:33:43,3.75,3.6,2700,3.7,2700,0,67500
TATAGLOBAL30Jan20305PE.NFO,07/01/2020,09:33:49,3.75,3.6,2700,3.75,2700,0,67500
TATAGLOBAL30Jan20305PE.NFO,07/01/2020,09:33:59,3.75,3.6,2700,3.8,5400,0,67500
TATAGLOBAL30Jan20305PE.NFO,07/01/2020,09:34:05,3.75,3.6,2700,3.8,8100,0,67500
TATAGLOBAL30Jan20305PE.NFO,07/01/2020,09:34:10,3.75,3.6,2700,3.8,5400,0,67500
TATAGLOBAL30Jan20305PE.NFO,07/01/2020,09:34:16,3.75,3.6,2700,3.8,2700,0,67500
TATAGLOBAL30Jan20305PE.NFO,07/01/2020,09:34:22,3.75,3.6,5400,3.8,2700,0,67500
TATAGLOBAL30Jan20305PE.NFO,07/01/2020,09:34:34,3.75,3.7,2700,3.85,5400,0,67500
TATAGLOBAL30Jan20305PE.NFO,07/01/2020,09:34:52,3.75,3.7,5400,3.9,8100,0,67500
TATAGLOBAL30Jan20305PE.NFO,07/01/2020,09:34:58,3.75,3.7,5400,3.9,2700,0,67500
TATAGLOBAL30Jan20305PE.NFO,07/01/2020,09:35:03,3.75,3.7,2700,3.85,2700,0,67500
TATAGLOBAL30Jan20305PE.NFO,07/01/2020,09:35:08,3.75,3.7,2700,3.85,5400,0,67500
TATAGLOBAL30Jan20305PE.NFO,07/01/2020,09:35:14,3.85,3.7,2700,3.9,5400,8100,67500
TATAGLOBAL30Jan20305PE.NFO,07/01/2020,09:35:20,3.85,3.7,5400,3.9,5400,0,67500
TATAGLOBAL30Jan20305PE.NFO,07/01/2020,09:35:44,3.85,3.75,2700,3.9,5400,0,67500
TATAGLOBAL30Jan20305PE.NFO,07/01/2020,09:35:53,3.85,3.75,5400,3.9,5400,0,67500
TATAGLOBAL30Jan20305PE.NFO,07/01/2020,09:36:13,3.85,3.8,5400,3.9,2700,0,67500
TATAGLOBAL30Jan20305PE.NFO,07/01/2020,09:36:30,3.85,3.85,2700,3.9,2700,0,67500
TATAGLOBAL30Jan20305PE.NFO,07/01/2020,09:36:36,3.85,3.85,5400,3.9,2700,0,67500
TATAGLOBAL30Jan20305PE.NFO,07/01/2020,09:36:46,3.85,3.85,5400,4,2700,0,67500
TATAGLOBAL30Jan20305PE.NFO,07/01/2020,09:36:58,3.85,3.85,5400,4,5400,0,67500
TATAGLOBAL30Jan20305PE.NFO,07/01/2020,09:37:03,3.85,3.9,5400,4.05,5400,0,67500
TATAGLOBAL30Jan20305PE.NFO,07/01/2020,09:37:08,3.85,3.85,5400,4.05,8100,0,67500
TATAGLOBAL30Jan20305PE.NFO,07/01/2020,09:37:14,3.85,3.85,5400,4.05,5400,0,67500
TATAGLOBAL30Jan20305PE.NFO,07/01/2020,09:37:19,3.85,3.85,2700,4.05,5400,0,67500
TATAGLOBAL30Jan20305PE.NFO,07/01/2020,09:37:29,3.85,3.85,5400,4.05,5400,0,67500
TATAGLOBAL30Jan20305PE.NFO,07/01/2020,09:37:34,4.05,3.85,5400,4,5400,2700,70200
TATAGLOBAL30Jan20305PE.NFO,07/01/2020,09:37:39,4.05,3.85,5400,4,5400,0,70200
TATAGLOBAL30Jan20305PE.NFO,07/01/2020,09:37:44,4,3.85,5400,4,2700,2700,70200
TATAGLOBAL30Jan20305PE.NFO,07/01/2020,09:37:53,4,3.8,5400,4,2700,0,70200
TATAGLOBAL30Jan20305PE.NFO,07/01/2020,09:38:14,4,3.75,5400,3.9,2700,0,70200
TATAGLOBAL30Jan20305PE.NFO,07/01/2020,09:38:20,4,3.75,2700,3.9,2700,0,70200
TATAGLOBAL30Jan20305PE.NFO,07/01/2020,09:38:25,4,3.75,5400,3.9,2700,0,70200
TATAGLOBAL30Jan20305PE.NFO,07/01/2020,09:38:42,4,3.75,5400,3.95,5400,0,70200
TATAGLOBAL30Jan20305PE.NFO,07/01/2020,09:38:48,4,3.75,5400,3.95,2700,0,70200
TATAGLOBAL30Jan20305PE.NFO,07/01/2020,09:38:53,4,3.8,2700,3.95,2700,0,70200
TATAGLOBAL30Jan20305PE.NFO,07/01/2020,09:39:08,4,3.8,5400,3.95,2700,0,70200
TATAGLOBAL30Jan20305PE.NFO,07/01/2020,09:40:25,4,3.85,2700,4,2700,0,70200
TATAGLOBAL30Jan20305PE.NFO,07/01/2020,09:40:30,4,3.85,5400,4,2700,0,70200
TATAGLOBAL30Jan20305PE.NFO,07/01/2020,09:40:42,4,3.9,2700,4,2700,0,70200
TATAGLOBAL30Jan20305PE.NFO,07/01/2020,09:40:58,4,3.9,5400,4,2700,0,70200
TATAGLOBAL30Jan20305PE.NFO,07/01/2020,09:41:09,4,3.85,2700,4,2700,0,70200
TATAGLOBAL30Jan20305PE.NFO,07/01/2020,09:41:14,4,3.85,5400,4,2700,0,70200
TATAGLOBAL30Jan20305PE.NFO,07/01/2020,09:41:30,4,3.95,2700,4.1,8100,0,70200
TATAGLOBAL30Jan20305PE.NFO,07/01/2020,09:41:57,4,3.95,2700,4.05,5400,0,70200
TATAGLOBAL30Jan20305PE.NFO,07/01/2020,09:42:05,4,3.95,5400,4.05,5400,0,70200
TATAGLOBAL30Jan20305PE.NFO,07/01/2020,09:42:11,4,3.95,5400,4.05,2700,0,70200
TATAGLOBAL30Jan20305PE.NFO,07/01/2020,09:42:25,4,3.9,5400,4.05,8100,0,70200
TATAGLOBAL30Jan20305PE.NFO,07/01/2020,09:42:31,4,3.9,2700,4,2700,0,70200
TATAGLOBAL30Jan20305PE.NFO,07/01/2020,09:42:39,4,3.9,2700,4,8100,0,70200
TATAGLOBAL30Jan20305PE.NFO,07/01/2020,09:42:46,4,3.9,2700,4,2700,0,70200
TATAGLOBAL30Jan20305PE.NFO,07/01/2020,09:42:53,4,3.9,5400,4,2700,0,70200
TATAGLOBAL30Jan20305PE.NFO,07/01/2020,09:42:59,4,3.9,5400,4.05,5400,0,70200
TATAGLOBAL30Jan20305PE.NFO,07/01/2020,09:43:10,4,3.9,2700,4.05,5400,0,70200
TATAGLOBAL30Jan20305PE.NFO,07/01/2020,09:43:15,4,3.9,2700,4.05,8100,0,70200
TATAGLOBAL30Jan20305PE.NFO,07/01/2020,09:43:25,4,3.9,2700,4,2700,0,70200
TATAGLOBAL30Jan20305PE.NFO,07/01/2020,09:43:30,4,3.9,2700,4,8100,0,70200
TATAGLOBAL30Jan20305PE.NFO,07/01/2020,09:43:41,4,3.9,2700,4,2700,0,70200
TATAGLOBAL30Jan20305PE.NFO,07/01/2020,09:43:46,4,3.9,2700,4,8100,0,70200
TATAGLOBAL30Jan20305PE.NFO,07/01/2020,09:43:56,3.9,3.85,8100,4,8100,2700,72900
TATAGLOBAL30Jan20305PE.NFO,07/01/2020,09:44:02,3.9,3.85,2700,3.95,5400,0,72900
TATAGLOBAL30Jan20305PE.NFO,07/01/2020,09:44:08,3.9,3.85,2700,3.95,2700,0,72900
TATAGLOBAL30Jan20305PE.NFO,07/01/2020,09:44:14,3.9,3.85,5400,4,10800,0,72900
TATAGLOBAL30Jan20305PE.NFO,07/01/2020,09:44:20,3.9,3.85,2700,4,10800,0,72900
TATAGLOBAL30Jan20305PE.NFO,07/01/2020,09:44:25,3.85,3.85,2700,4,2700,2700,72900
TATAGLOBAL30Jan20305PE.NFO,07/01/2020,09:44:30,3.85,3.9,5400,4,2700,0,72900
TATAGLOBAL30Jan20305PE.NFO,07/01/2020,09:44:35,3.85,3.85,8100,4,2700,0,72900
TATAGLOBAL30Jan20305PE.NFO,07/01/2020,09:44:39,3.85,3.85,5400,4,2700,0,72900
TATAGLOBAL30Jan20305PE.NFO,07/01/2020,09:44:44,3.85,3.85,8100,4,2700,0,72900
TATAGLOBAL30Jan20305PE.NFO,07/01/2020,09:44:49,3.85,3.9,5400,4,2700,0,72900
TATAGLOBAL30Jan20305PE.NFO,07/01/2020,09:44:54,3.85,3.85,8100,4,2700,0,72900
TATAGLOBAL30Jan20305PE.NFO,07/01/2020,09:45:13,3.85,3.85,5400,4,2700,0,72900
TATAGLOBAL30Jan20305PE.NFO,07/01/2020,09:45:20,3.85,3.85,5400,4,8100,0,72900
TATAGLOBAL30Jan20305PE.NFO,07/01/2020,09:45:26,3.85,3.9,5400,4,2700,0,72900
TATAGLOBAL30Jan20305PE.NFO,07/01/2020,09:45:37,3.85,3.9,2700,4,2700,0,72900
TATAGLOBAL30Jan20305PE.NFO,07/01/2020,09:45:48,3.85,3.9,5400,4,2700,0,72900
TATAGLOBAL30Jan20305PE.NFO,07/01/2020,09:45:59,3.85,3.9,8100,4,2700,0,72900
TATAGLOBAL30Jan20305PE.NFO,07/01/2020,09:46:49,3.85,3.9,5400,4.05,2700,0,72900
TATAGLOBAL30Jan20305PE.NFO,07/01/2020,09:46:54,3.85,3.9,8100,4.05,5400,0,72900
TATAGLOBAL30Jan20305PE.NFO,07/01/2020,09:47:00,3.85,3.95,5400,4.05,2700,0,72900
TATAGLOBAL30Jan20305PE.NFO,07/01/2020,09:47:10,3.85,3.9,10800,4.05,2700,0,72900
TATAGLOBAL30Jan20305PE.NFO,07/01/2020,09:47:19,3.85,3.95,13500,4.1,2700,0,72900
TATAGLOBAL30Jan20305PE.NFO,07/01/2020,09:47:29,3.85,3.95,5400,4.1,5400,0,72900
TATAGLOBAL30Jan20305PE.NFO,07/01/2020,09:47:33,3.85,3.95,10800,4.1,2700,0,72900
TATAGLOBAL30Jan20305PE.NFO,07/01/2020,09:47:37,3.85,3.95,8100,4.1,2700,0,72900
TATAGLOBAL30Jan20305PE.NFO,07/01/2020,09:48:05,3.85,3.95,13500,4.15,8100,0,72900
TATAGLOBAL30Jan20305PE.NFO,07/01/2020,09:48:14,3.85,3.95,13500,4.15,5400,0,72900
TATAGLOBAL30Jan20305PE.NFO,07/01/2020,09:48:19,3.85,4,5400,4.15,5400,0,72900
TATAGLOBAL30Jan20305PE.NFO,07/01/2020,09:48:24,3.85,4.05,5400,4.15,5400,0,72900
TATAGLOBAL30Jan20305PE.NFO,07/01/2020,09:48:30,3.85,4,8100,4.15,5400,0,72900
TATAGLOBAL30Jan20305PE.NFO,07/01/2020,09:48:36,3.85,4.05,5400,4.15,5400,0,72900
TATAGLOBAL30Jan20305PE.NFO,07/01/2020,09:49:01,3.85,4.05,8100,4.15,5400,0,72900
TATAGLOBAL30Jan20305PE.NFO,07/01/2020,09:49:13,3.85,4,8100,4.15,8100,0,72900
TATAGLOBAL30Jan20305PE.NFO,07/01/2020,09:49:18,3.85,4,8100,4.15,5400,0,72900
TATAGLOBAL30Jan20305PE.NFO,07/01/2020,09:49:23,3.85,4.05,8100,4.15,5400,0,72900
TATAGLOBAL30Jan20305PE.NFO,07/01/2020,09:49:46,3.85,4,8100,4.15,8100,0,72900
TATAGLOBAL30Jan20305PE.NFO,07/01/2020,09:50:06,3.85,4.05,2700,4.15,5400,0,72900
TATAGLOBAL30Jan20305PE.NFO,07/01/2020,09:50:10,3.85,4.05,8100,4.15,2700,0,72900
TATAGLOBAL30Jan20305PE.NFO,07/01/2020,09:50:16,3.85,4.05,10800,4.15,2700,0,72900
TATAGLOBAL30Jan20305PE.NFO,07/01/2020,09:50:21,3.85,4.1,2700,4.15,2700,0,72900
TATAGLOBAL30Jan20305PE.NFO,07/01/2020,09:50:26,3.85,4.1,5400,4.15,2700,0,72900
TATAGLOBAL30Jan20305PE.NFO,07/01/2020,09:50:31,3.85,4.1,8100,4.15,2700,0,72900
TATAGLOBAL30Jan20305PE.NFO,07/01/2020,09:50:39,3.85,4.1,2700,4.15,2700,0,72900
TATAGLOBAL30Jan20305PE.NFO,07/01/2020,09:50:44,3.85,4.1,8100,4.15,2700,0,72900
TATAGLOBAL30Jan20305PE.NFO,07/01/2020,09:50:48,4,4.05,8100,4.15,8100,27000,78300
TATAGLOBAL30Jan20305PE.NFO,07/01/2020,09:50:53,4,3.95,5400,4,16200,10800,78300
TATAGLOBAL30Jan20305PE.NFO,07/01/2020,09:50:58,4,3.95,5400,4,10800,5400,78300
TATAGLOBAL30Jan20305PE.NFO,07/01/2020,09:51:03,4,3.95,5400,4,10800,0,78300
TATAGLOBAL30Jan20305PE.NFO,07/01/2020,09:51:09,4,3.95,2700,4,10800,0,78300
TATAGLOBAL30Jan20305PE.NFO,07/01/2020,09:51:22,4,3.9,2700,4,13500,0,78300
TATAGLOBAL30Jan20305PE.NFO,07/01/2020,09:51:26,4,3.9,5400,4,2700,13500,78300
TATAGLOBAL30Jan20305PE.NFO,07/01/2020,09:51:31,4,3.9,2700,4,2700,0,78300
TATAGLOBAL30Jan20305PE.NFO,07/01/2020,09:51:39,4,3.9,2700,4.05,29700,0,78300
TATAGLOBAL30Jan20305PE.NFO,07/01/2020,09:51:49,4,3.9,2700,4.05,35100,0,78300
TATAGLOBAL30Jan20305PE.NFO,07/01/2020,09:51:59,4,3.9,2700,4.05,32400,0,78300
TATAGLOBAL30Jan20305PE.NFO,07/01/2020,09:52:14,4,3.9,5400,4.05,27000,0,78300
TATAGLOBAL30Jan20305PE.NFO,07/01/2020,09:52:19,4,3.9,5400,4.05,29700,0,78300
TATAGLOBAL30Jan20305PE.NFO,07/01/2020,09:52:29,4,3.9,5400,4.05,27000,0,78300
TATAGLOBAL30Jan20305PE.NFO,07/01/2020,09:52:39,4,3.9,2700,4.05,32400,0,78300
TATAGLOBAL30Jan20305PE.NFO,07/01/2020,09:52:52,4,3.95,5400,4.05,29700,0,78300
TATAGLOBAL30Jan20305PE.NFO,07/01/2020,09:52:57,4,3.95,5400,4.05,32400,0,78300
TATAGLOBAL30Jan20305PE.NFO,07/01/2020,09:53:02,4,3.95,5400,4.05,27000,0,78300
TATAGLOBAL30Jan20305PE.NFO,07/01/2020,09:53:09,4,3.95,8100,4.05,27000,0,78300
TATAGLOBAL30Jan20305PE.NFO,07/01/2020,09:53:25,4,4,5400,4.05,27000,0,78300
TATAGLOBAL30Jan20305PE.NFO,07/01/2020,09:53:35,4,4,2700,4.05,27000,0,78300
TATAGLOBAL30Jan20305PE.NFO,07/01/2020,09:53:50,4,4,5400,4.05,27000,0,78300
TATAGLOBAL30Jan20305PE.NFO,07/01/2020,09:57:54,4,3.95,5400,4,16200,2700,110700
TATAGLOBAL30Jan20305PE.NFO,07/01/2020,09:57:59,4,3.95,2700,4,13500,2700,110700
TATAGLOBAL30Jan20305PE.NFO,07/01/2020,09:58:04,4,3.95,2700,4,13500,0,110700
TATAGLOBAL30Jan20305PE.NFO,07/01/2020,09:58:10,3.95,3.85,5400,4,18900,2700,110700
TATAGLOBAL30Jan20305PE.NFO,07/01/2020,09:58:20,3.95,3.85,5400,4,18900,0,110700
TATAGLOBAL30Jan20305PE.NFO,07/01/2020,09:58:25,3.95,3.85,5400,3.95,2700,0,110700
TATAGLOBAL30Jan20305PE.NFO,07/01/2020,09:58:30,3.95,3.85,2700,3.95,2700,0,110700
TATAGLOBAL30Jan20305PE.NFO,07/01/2020,09:58:39,3.95,3.85,5400,3.95,2700,0,110700
TATAGLOBAL30Jan20305PE.NFO,07/01/2020,09:59:30,3.95,3.9,5400,3.95,2700,0,110700
TATAGLOBAL30Jan20305PE.NFO,07/01/2020,09:59:39,3.95,3.9,8100,3.95,2700,0,110700
TATAGLOBAL30Jan20305PE.NFO,07/01/2020,09:59:44,3.95,3.9,8100,4,13500,2700,116100
TATAGLOBAL30Jan20305PE.NFO,07/01/2020,10:00:01,3.95,3.95,8100,4,13500,0,116100
TATAGLOBAL30Jan20305PE.NFO,07/01/2020,10:00:13,3.95,3.95,5400,4,13500,0,116100
TATAGLOBAL30Jan20305PE.NFO,07/01/2020,10:00:16,4,3.95,5400,4,8100,5400,116100
TATAGLOBAL30Jan20305PE.NFO,07/01/2020,10:00:21,4,3.95,8100,4,2700,5400,116100
TATAGLOBAL30Jan20305PE.NFO,07/01/2020,10:00:27,4,4,2700,4.05,29700,2700,116100
TATAGLOBAL30Jan20305PE.NFO,07/01/2020,10:00:41,4,4,2700,4.05,29700,0,116100
TATAGLOBAL30Jan20305PE.NFO,07/01/2020,10:00:55,4,4,5400,4.05,29700,0,116100
TATAGLOBAL30Jan20305PE.NFO,07/01/2020,10:01:07,4,4,2700,4.05,29700,2700,116100
TATAGLOBAL30Jan20305PE.NFO,07/01/2020,10:01:13,4,4,2700,4.05,29700,0,116100
TATAGLOBAL30Jan20305PE.NFO,07/01/2020,10:01:26,4,3.95,2700,4,24300,2700,116100
TATAGLOBAL30Jan20305PE.NFO,07/01/2020,10:01:32,4,3.95,2700,4,24300,0,116100
TATAGLOBAL30Jan20305PE.NFO,07/01/2020,10:01:37,4,4,8100,4.05,2700,27000,116100
TATAGLOBAL30Jan20305PE.NFO,07/01/2020,10:01:43,4,4.05,10800,4.1,5400,0,116100
TATAGLOBAL30Jan20305PE.NFO,07/01/2020,10:01:49,4.05,4.05,8100,4.1,5400,2700,116100
TATAGLOBAL30Jan20305PE.NFO,07/01/2020,10:01:55,4.05,4.05,10800,4.1,2700,2700,116100
TATAGLOBAL30Jan20305PE.NFO,07/01/2020,10:02:01,4.05,4.05,10800,4.1,2700,0,116100
TATAGLOBAL30Jan20305PE.NFO,07/01/2020,10:02:06,4.05,4,16200,4.1,5400,0,116100
TATAGLOBAL30Jan20305PE.NFO,07/01/2020,10:02:17,4.05,4,13500,4.1,5400,0,116100
TATAGLOBAL30Jan20305PE.NFO,07/01/2020,10:02:27,4.05,4,16200,4.1,5400,0,116100
TATAGLOBAL30Jan20305PE.NFO,07/01/2020,10:02:32,4.05,4,13500,4.05,5400,0,116100
TATAGLOBAL30Jan20305PE.NFO,07/01/2020,10:02:37,4.05,4,13500,4.05,2700,0,116100
TATAGLOBAL30Jan20305PE.NFO,07/01/2020,10:02:42,4.05,4,13500,4.05,5400,0,116100
TATAGLOBAL30Jan20305PE.NFO,07/01/2020,10:02:47,4.05,4,13500,4.05,2700,0,116100
TATAGLOBAL30Jan20305PE.NFO,07/01/2020,10:02:57,4.05,4,10800,4.05,2700,0,116100
TATAGLOBAL30Jan20305PE.NFO,07/01/2020,10:03:03,4.05,4,2700,4.05,2700,0,116100
TATAGLOBAL30Jan20305PE.NFO,07/01/2020,10:03:09,4.05,3.95,13500,4.05,2700,0,116100
TATAGLOBAL30Jan20305PE.NFO,07/01/2020,10:03:15,4.05,4,13500,4.05,2700,0,116100
TATAGLOBAL30Jan20305PE.NFO,07/01/2020,10:03:20,4.05,4,13500,4.05,5400,0,116100
TATAGLOBAL30Jan20305PE.NFO,07/01/2020,10:03:26,4.05,4,13500,4.05,2700,0,116100
TATAGLOBAL30Jan20305PE.NFO,07/01/2020,10:03:47,4.05,4,2700,4.1,5400,0,116100
TATAGLOBAL30Jan20305PE.NFO,07/01/2020,10:03:58,4.05,3.95,5400,4.1,5400,0,116100
TATAGLOBAL30Jan20305PE.NFO,07/01/2020,10:04:04,4.05,3.95,5400,4.05,5400,0,116100
TATAGLOBAL30Jan20305PE.NFO,07/01/2020,10:04:09,4.05,3.95,5400,4.1,5400,0,116100
TATAGLOBAL30Jan20305PE.NFO,07/01/2020,10:04:19,4.05,3.95,5400,4.05,5400,0,116100
TATAGLOBAL30Jan20305PE.NFO,07/01/2020,10:04:40,4.05,3.95,5400,4.05,2700,0,116100
TATAGLOBAL30Jan20305PE.NFO,07/01/2020,10:05:07,4.05,3.95,5400,4.1,2700,0,116100
TATAGLOBAL30Jan20305PE.NFO,07/01/2020,10:05:17,4.05,3.95,8100,4.1,8100,0,116100
TATAGLOBAL30Jan20305PE.NFO,07/01/2020,10:05:21,4.05,3.95,8100,4.1,2700,0,116100
TATAGLOBAL30Jan20305PE.NFO,07/01/2020,10:05:26,4.05,4.05,5400,4.15,2700,0,116100
TATAGLOBAL30Jan20305PE.NFO,07/01/2020,10:05:31,4.05,4.05,8100,4.15,2700,0,116100
TATAGLOBAL30Jan20305PE.NFO,07/01/2020,10:05:38,4.25,4.1,8100,4.3,8100,5400,156600
TATAGLOBAL30Jan20305PE.NFO,07/01/2020,10:05:44,4.25,4.1,2700,4.3,10800,0,156600
TATAGLOBAL30Jan20305PE.NFO,07/01/2020,10:05:50,4.25,4.1,5400,4.3,10800,0,156600
TATAGLOBAL30Jan20305PE.NFO,07/01/2020,10:06:08,4.25,4.1,5400,4.3,8100,0,156600
TATAGLOBAL30Jan20305PE.NFO,07/01/2020,10:06:20,4.25,4.1,8100,4.3,8100,0,156600
TATAGLOBAL30Jan20305PE.NFO,07/01/2020,10:06:26,4.25,4.1,5400,4.3,8100,0,156600
TATAGLOBAL30Jan20305PE.NFO,07/01/2020,10:06:37,4.25,4.1,8100,4.3,8100,0,156600
TATAGLOBAL30Jan20305PE.NFO,07/01/2020,10:06:46,4.25,4.1,2700,4.3,8100,0,156600
TATAGLOBAL30Jan20305PE.NFO,07/01/2020,10:06:52,4.25,4.1,2700,4.3,10800,0,156600
TATAGLOBAL30Jan20305PE.NFO,07/01/2020,10:07:12,4.25,4.05,5400,4.2,2700,0,156600
TATAGLOBAL30Jan20305PE.NFO,07/01/2020,10:07:17,4.25,4.05,8100,4.2,2700,0,156600
TATAGLOBAL30Jan20305PE.NFO,07/01/2020,10:07:23,4.25,4.05,5400,4.2,2700,0,156600
TATAGLOBAL30Jan20305PE.NFO,07/01/2020,10:07:42,4.25,4.05,2700,4.2,2700,0,156600
TATAGLOBAL30Jan20305PE.NFO,07/01/2020,10:07:48,4.25,4.05,8100,4.2,2700,0,156600
TATAGLOBAL30Jan20305PE.NFO,07/01/2020,10:08:04,4.25,4.15,2700,4.25,2700,0,156600
TATAGLOBAL30Jan20305PE.NFO,07/01/2020,10:08:09,4.25,4.1,2700,4.25,5400,0,156600
TATAGLOBAL30Jan20305PE.NFO,07/01/2020,10:08:19,4.25,4.1,5400,4.25,5400,0,156600
TATAGLOBAL30Jan20305PE.NFO,07/01/2020,10:09:02,4.25,4.1,5400,4.25,8100,0,156600
TATAGLOBAL30Jan20305PE.NFO,07/01/2020,10:09:28,4.25,4.1,5400,4.25,5400,0,156600
TATAGLOBAL30Jan20305PE.NFO,07/01/2020,10:09:44,4.25,4.1,5400,4.25,2700,0,156600
TATAGLOBAL30Jan20305PE.NFO,07/01/2020,10:09:49,4.25,4.1,8100,4.25,2700,0,156600
TATAGLOBAL30Jan20305PE.NFO,07/01/2020,10:10:38,4.25,4.1,2700,4.25,10800,0,156600
TATAGLOBAL30Jan20305PE.NFO,07/01/2020,10:10:58,4.25,4.1,8100,4.25,8100,0,156600
TATAGLOBAL30Jan20305PE.NFO,07/01/2020,10:11:12,4.25,4.1,2700,4.25,8100,0,156600
TATAGLOBAL30Jan20305PE.NFO,07/01/2020,10:11:18,4.25,4.1,8100,4.25,5400,0,156600
TATAGLOBAL30Jan20305PE.NFO,07/01/2020,10:11:34,4.25,4.1,2700,4.25,8100,0,156600
TATAGLOBAL30Jan20305PE.NFO,07/01/2020,10:11:40,4.25,4.1,8100,4.25,5400,0,156600
TATAGLOBAL30Jan20305PE.NFO,07/01/2020,10:11:46,4.25,4.2,2700,4.25,2700,0,156600
TATAGLOBAL30Jan20305PE.NFO,07/01/2020,10:11:52,4.25,4.2,5400,4.25,2700,0,156600
TATAGLOBAL30Jan20305PE.NFO,07/01/2020,10:12:04,4.25,4.2,2700,4.25,2700,0,156600
TATAGLOBAL30Jan20305PE.NFO,07/01/2020,10:12:10,4.25,4.2,5400,4.25,2700,0,156600
TATAGLOBAL30Jan20305PE.NFO,07/01/2020,10:13:29,4.25,4.2,2700,4.35,2700,2700,156600
TATAGLOBAL30Jan20305PE.NFO,07/01/2020,10:13:35,4.25,4.2,2700,4.35,2700,0,156600
TATAGLOBAL30Jan20305PE.NFO,07/01/2020,10:14:13,4.25,4.2,2700,4.35,5400,0,156600
TATAGLOBAL30Jan20305PE.NFO,07/01/2020,10:14:19,4.25,4.2,2700,4.35,2700,0,156600
TATAGLOBAL30Jan20305PE.NFO,07/01/2020,10:14:25,4.25,4.2,2700,4.35,5400,0,156600
TATAGLOBAL30Jan20305PE.NFO,07/01/2020,10:14:36,4.25,4.2,2700,4.35,8100,0,156600
TATAGLOBAL30Jan20305PE.NFO,07/01/2020,10:15:05,4.25,4.2,2700,4.35,2700,0,156600
TATAGLOBAL30Jan20305PE.NFO,07/01/2020,10:15:15,4.25,4.2,2700,4.35,5400,0,156600
TATAGLOBAL30Jan20305PE.NFO,07/01/2020,10:15:42,4.25,4.2,2700,4.35,2700,0,156600
TATAGLOBAL30Jan20305PE.NFO,07/01/2020,10:15:59,4.25,4.2,2700,4.35,5400,0,156600
TATAGLOBAL30Jan20305PE.NFO,07/01/2020,10:17:01,4.25,4.2,2700,4.35,8100,0,156600
TATAGLOBAL30Jan20305PE.NFO,07/01/2020,10:17:07,4.2,4.15,5400,4.3,5400,2700,156600
TATAGLOBAL30Jan20305PE.NFO,07/01/2020,10:17:13,4.2,4.15,5400,4.35,5400,0,156600
TATAGLOBAL30Jan20305PE.NFO,07/01/2020,10:17:18,4.2,4.15,5400,4.3,2700,0,156600
TATAGLOBAL30Jan20305PE.NFO,07/01/2020,10:17:27,4.2,4.15,5400,4.3,5400,0,156600
TATAGLOBAL30Jan20305PE.NFO,07/01/2020,10:18:07,4.2,4.15,8100,4.3,5400,0,156600
TATAGLOBAL30Jan20305PE.NFO,07/01/2020,10:18:25,4.2,4.15,5400,4.3,5400,0,156600
TATAGLOBAL30Jan20305PE.NFO,07/01/2020,10:18:34,4.2,4.15,5400,4.25,2700,0,156600
TATAGLOBAL30Jan20305PE.NFO,07/01/2020,10:18:39,4.2,4.15,8100,4.3,2700,0,156600
TATAGLOBAL30Jan20305PE.NFO,07/01/2020,10:18:44,4.2,4.15,8100,4.3,5400,0,156600
TATAGLOBAL30Jan20305PE.NFO,07/01/2020,10:19:08,4.2,4.15,5400,4.3,5400,0,156600
TATAGLOBAL30Jan20305PE.NFO,07/01/2020,10:19:16,4.2,4.25,2700,4.3,2700,0,156600
TATAGLOBAL30Jan20305PE.NFO,07/01/2020,10:19:26,4.2,4.25,2700,4.3,5400,0,156600
TATAGLOBAL30Jan20305PE.NFO,07/01/2020,10:20:23,4.2,4.2,8100,4.3,5400,0,156600
TATAGLOBAL30Jan20305PE.NFO,07/01/2020,10:20:37,4.2,4.2,5400,4.3,5400,0,156600
TATAGLOBAL30Jan20305PE.NFO,07/01/2020,10:20:40,4.2,4.2,5400,4.3,2700,0,156600
TATAGLOBAL30Jan20305PE.NFO,07/01/2020,10:20:44,4.2,4.2,5400,4.3,5400,0,156600
TATAGLOBAL30Jan20305PE.NFO,07/01/2020,10:20:57,4.2,4.2,2700,4.3,5400,0,156600
TATAGLOBAL30Jan20305PE.NFO,07/01/2020,10:22:13,4.2,4.2,5400,4.35,5400,0,156600
TATAGLOBAL30Jan20305PE.NFO,07/01/2020,10:22:26,4.2,4.2,2700,4.35,5400,0,156600
TATAGLOBAL30Jan20305PE.NFO,07/01/2020,10:22:39,4.2,4.25,8100,4.4,2700,0,156600
TATAGLOBAL30Jan20305PE.NFO,07/01/2020,10:22:45,4.2,4.3,5400,4.45,5400,0,156600
TATAGLOBAL30Jan20305PE.NFO,07/01/2020,10:22:52,4.2,4.35,8100,4.5,5400,0,156600
TATAGLOBAL30Jan20305PE.NFO,07/01/2020,10:22:57,4.2,4.4,5400,4.5,2700,0,156600
TATAGLOBAL30Jan20305PE.NFO,07/01/2020,10:23:02,4.2,4.35,2700,4.45,2700,0,156600
TATAGLOBAL30Jan20305PE.NFO,07/01/2020,10:23:37,4.2,4.35,10800,4.5,2700,0,156600
TATAGLOBAL30Jan20305PE.NFO,07/01/2020,10:23:47,4.2,4.35,8100,4.5,2700,0,156600
TATAGLOBAL30Jan20305PE.NFO,07/01/2020,10:23:52,4.2,4.35,10800,4.5,2700,0,156600
TATAGLOBAL30Jan20305PE.NFO,07/01/2020,10:23:55,4.2,4.35,2700,4.5,5400,0,156600
TATAGLOBAL30Jan20305PE.NFO,07/01/2020,10:24:02,4.2,4.35,8100,4.5,2700,0,156600
TATAGLOBAL30Jan20305PE.NFO,07/01/2020,10:24:07,4.2,4.35,5400,4.5,2700,0,156600
TATAGLOBAL30Jan20305PE.NFO,07/01/2020,10:24:12,4.2,4.35,8100,4.5,2700,0,156600
TATAGLOBAL30Jan20305PE.NFO,07/01/2020,10:24:25,4.2,4.35,8100,4.5,5400,0,156600
TATAGLOBAL30Jan20305PE.NFO,07/01/2020,10:24:44,4.2,4.35,5400,4.5,5400,0,156600
TATAGLOBAL30Jan20305PE.NFO,07/01/2020,10:25:28,4.2,4.4,5400,4.5,2700,0,156600
TATAGLOBAL30Jan20305PE.NFO,07/01/2020,10:25:56,4.2,4.35,5400,4.5,2700,0,156600
TATAGLOBAL30Jan20305PE.NFO,07/01/2020,10:26:11,4.2,4.4,5400,4.5,2700,0,156600
TATAGLOBAL30Jan20305PE.NFO,07/01/2020,10:26:16,4.2,4.4,2700,4.5,2700,0,156600
TATAGLOBAL30Jan20305PE.NFO,07/01/2020,10:26:20,4.2,4.4,2700,4.5,8100,0,156600
TATAGLOBAL30Jan20305PE.NFO,07/01/2020,10:26:24,4.2,4.35,5400,4.5,8100,0,156600
TATAGLOBAL30Jan20305PE.NFO,07/01/2020,10:26:31,4.2,4.3,2700,4.4,2700,0,156600
TATAGLOBAL30Jan20305PE.NFO,07/01/2020,10:26:43,4.2,4.3,5400,4.45,5400,0,156600
TATAGLOBAL30Jan20305PE.NFO,07/01/2020,10:26:59,4.2,4.3,5400,4.45,8100,0,156600
TATAGLOBAL30Jan20305PE.NFO,07/01/2020,10:27:09,4.2,4.3,5400,4.45,10800,0,156600
TATAGLOBAL30Jan20305PE.NFO,07/01/2020,10:27:21,4.2,4.3,2700,4.45,10800,0,156600
TATAGLOBAL30Jan20305PE.NFO,07/01/2020,10:27:25,4.2,4.3,2700,4.4,2700,0,156600
TATAGLOBAL30Jan20305PE.NFO,07/01/2020,10:27:28,4.2,4.25,5400,4.4,5400,0,156600
TATAGLOBAL30Jan20305PE.NFO,07/01/2020,10:27:54,4.2,4.25,5400,4.4,2700,0,156600
TATAGLOBAL30Jan20305PE.NFO,07/01/2020,10:27:58,4.2,4.25,5400,4.35,2700,0,156600
TATAGLOBAL30Jan20305PE.NFO,07/01/2020,10:28:20,4.2,4.25,5400,4.4,5400,0,156600
TATAGLOBAL30Jan20305PE.NFO,07/01/2020,10:28:25,4.2,4.25,5400,4.4,8100,0,156600
TATAGLOBAL30Jan20305PE.NFO,07/01/2020,10:28:30,4.2,4.25,2700,4.35,5400,0,156600
TATAGLOBAL30Jan20305PE.NFO,07/01/2020,10:28:34,4.2,4.25,2700,4.35,2700,0,156600
TATAGLOBAL30Jan20305PE.NFO,07/01/2020,10:28:48,4.2,4.25,5400,4.4,2700,0,156600
TATAGLOBAL30Jan20305PE.NFO,07/01/2020,10:28:55,4.2,4.25,2700,4.35,2700,0,156600
TATAGLOBAL30Jan20305PE.NFO,07/01/2020,10:30:04,4.2,4.25,2700,4.35,5400,0,156600
TATAGLOBAL30Jan20305PE.NFO,07/01/2020,10:30:07,4.2,4.25,2700,4.35,2700,0,156600
TATAGLOBAL30Jan20305PE.NFO,07/01/2020,10:30:28,4.2,4.25,2700,4.35,5400,0,156600
TATAGLOBAL30Jan20305PE.NFO,07/01/2020,10:30:38,4.2,4.25,2700,4.35,2700,0,156600
TATAGLOBAL30Jan20305PE.NFO,07/01/2020,10:31:46,4.2,4.25,5400,4.4,5400,0,156600
TATAGLOBAL30Jan20305PE.NFO,07/01/2020,10:31:58,4.2,4.25,5400,4.4,8100,0,156600
TATAGLOBAL30Jan20305PE.NFO,07/01/2020,10:32:08,4.2,4.25,5400,4.4,10800,0,156600
TATAGLOBAL30Jan20305PE.NFO,07/01/2020,10:32:31,4.2,4.25,2700,4.4,10800,0,156600
TATAGLOBAL30Jan20305PE.NFO,07/01/2020,10:32:40,4.2,4.25,2700,4.4,8100,0,156600
TATAGLOBAL30Jan20305PE.NFO,07/01/2020,10:32:45,4.2,4.2,5400,4.35,5400,0,156600
TATAGLOBAL30Jan20305PE.NFO,07/01/2020,10:32:50,4.2,4.2,5400,4.3,2700,0,156600
TATAGLOBAL30Jan20305PE.NFO,07/01/2020,10:33:08,4.2,4.2,5400,4.3,5400,0,156600
TATAGLOBAL30Jan20305PE.NFO,07/01/2020,10:34:32,4.2,4.2,2700,4.3,5400,0,156600
TATAGLOBAL30Jan20305PE.NFO,07/01/2020,10:34:59,4.2,4.2,5400,4.35,8100,0,156600
TATAGLOBAL30Jan20305PE.NFO,07/01/2020,10:35:16,4.2,4.2,5400,4.3,5400,0,156600
TATAGLOBAL30Jan20305PE.NFO,07/01/2020,10:35:25,4.2,4.2,5400,4.35,8100,0,156600
TATAGLOBAL30Jan20305PE.NFO,07/01/2020,10:35:47,4.2,4.2,5400,4.3,2700,0,156600
TATAGLOBAL30Jan20305PE.NFO,07/01/2020,10:36:07,4.2,4.2,5400,4.35,5400,0,156600
TATAGLOBAL30Jan20305PE.NFO,07/01/2020,10:36:10,4.2,4.2,5400,4.3,5400,0,156600
TATAGLOBAL30Jan20305PE.NFO,07/01/2020,10:36:24,4.2,4.3,2700,4.4,2700,0,156600
TATAGLOBAL30Jan20305PE.NFO,07/01/2020,10:36:33,4.2,4.3,8100,4.45,5400,0,156600
TATAGLOBAL30Jan20305PE.NFO,07/01/2020,10:36:36,4.2,4.3,8100,4.45,2700,0,156600
TATAGLOBAL30Jan20305PE.NFO,07/01/2020,10:36:42,4.2,4.3,8100,4.45,5400,0,156600
TATAGLOBAL30Jan20305PE.NFO,07/01/2020,10:37:03,4.2,4.35,8100,4.45,2700,0,156600
TATAGLOBAL30Jan20305PE.NFO,07/01/2020,10:37:11,4.2,4.35,5400,4.45,2700,0,156600
TATAGLOBAL30Jan20305PE.NFO,07/01/2020,10:37:24,4.2,4.35,10800,4.5,2700,0,156600
TATAGLOBAL30Jan20305PE.NFO,07/01/2020,10:37:39,4.2,4.4,5400,4.5,2700,0,156600
TATAGLOBAL30Jan20305PE.NFO,07/01/2020,10:38:08,4.2,4.3,10800,4.5,5400,0,156600
TATAGLOBAL30Jan20305PE.NFO,07/01/2020,10:38:24,4.2,4.35,8100,4.5,5400,0,156600
TATAGLOBAL30Jan20305PE.NFO,07/01/2020,10:38:37,4.2,4.35,5400,4.5,5400,0,156600
TATAGLOBAL30Jan20305PE.NFO,07/01/2020,10:38:39,4.2,4.35,8100,4.5,5400,0,156600
TATAGLOBAL30Jan20305PE.NFO,07/01/2020,10:38:41,4.2,4.35,10800,4.5,5400,0,156600
TATAGLOBAL30Jan20305PE.NFO,07/01/2020,10:38:54,4.2,4.35,5400,4.5,8100,0,156600
TATAGLOBAL30Jan20305PE.NFO,07/01/2020,10:39:15,4.2,4.35,5400,4.5,5400,0,156600
TATAGLOBAL30Jan20305PE.NFO,07/01/2020,10:39:19,4.2,4.35,8100,4.5,5400,0,156600
TATAGLOBAL30Jan20305PE.NFO,07/01/2020,10:39:50,4.2,4.4,5400,4.5,2700,0,156600
TATAGLOBAL30Jan20305PE.NFO,07/01/2020,10:40:05,4.2,4.35,5400,4.5,5400,0,156600
TATAGLOBAL30Jan20305PE.NFO,07/01/2020,10:40:11,4.2,4.35,5400,4.5,10800,0,156600
TATAGLOBAL30Jan20305PE.NFO,07/01/2020,10:40:16,4.2,4.3,8100,4.5,10800,0,156600
TATAGLOBAL30Jan20305PE.NFO,07/01/2020,10:40:43,4.2,4.3,5400,4.5,10800,0,156600
TATAGLOBAL30Jan20305PE.NFO,07/01/2020,10:40:52,4.2,4.3,8100,4.5,10800,0,156600
TATAGLOBAL30Jan20305PE.NFO,07/01/2020,10:40:59,4.2,4.3,2700,4.4,2700,0,156600
TATAGLOBAL30Jan20305PE.NFO,07/01/2020,10:41:02,4.2,4.3,5400,4.45,5400,0,156600
TATAGLOBAL30Jan20305PE.NFO,07/01/2020,10:41:21,4.2,4.25,8100,4.4,5400,0,156600
TATAGLOBAL30Jan20305PE.NFO,07/01/2020,10:41:27,4.2,4.25,10800,4.4,5400,0,156600
TATAGLOBAL30Jan20305PE.NFO,07/01/2020,10:41:45,4.2,4.3,5400,4.4,2700,0,156600
TATAGLOBAL30Jan20305PE.NFO,07/01/2020,10:42:00,4.2,4.3,2700,4.4,8100,0,156600
TATAGLOBAL30Jan20305PE.NFO,07/01/2020,10:42:35,4.2,4.3,10800,4.45,2700,0,156600
TATAGLOBAL30Jan20305PE.NFO,07/01/2020,10:42:38,4.2,4.3,5400,4.4,2700,0,156600
TATAGLOBAL30Jan20305PE.NFO,07/01/2020,10:43:16,4.2,4.3,8100,4.4,2700,0,156600
TATAGLOBAL30Jan20305PE.NFO,07/01/2020,10:43:47,4.2,4.3,10800,4.45,2700,0,156600
TATAGLOBAL30Jan20305PE.NFO,07/01/2020,10:44:32,4.2,4.35,5400,4.45,2700,0,156600
TATAGLOBAL30Jan20305PE.NFO,07/01/2020,10:44:35,4.2,4.3,10800,4.45,2700,0,156600
TATAGLOBAL30Jan20305PE.NFO,07/01/2020,10:44:53,4.2,4.3,8100,4.45,2700,0,156600
TATAGLOBAL30Jan20305PE.NFO,07/01/2020,10:45:01,4.2,4.3,10800,4.5,10800,0,156600
TATAGLOBAL30Jan20305PE.NFO,07/01/2020,10:45:16,4.2,4.3,5400,4.5,13500,0,156600
TATAGLOBAL30Jan20305PE.NFO,07/01/2020,10:45:35,4.2,4.3,8100,4.5,13500,0,156600
TATAGLOBAL30Jan20305PE.NFO,07/01/2020,10:45:58,4.2,4.3,8100,4.5,10800,0,156600
TATAGLOBAL30Jan20305PE.NFO,07/01/2020,10:46:43,4.2,4.3,5400,4.5,10800,0,156600
TATAGLOBAL30Jan20305PE.NFO,07/01/2020,10:46:46,4.2,4.3,5400,4.5,13500,0,156600
TATAGLOBAL30Jan20305PE.NFO,07/01/2020,10:47:04,4.2,4.3,10800,4.5,10800,0,156600
TATAGLOBAL30Jan20305PE.NFO,07/01/2020,10:47:16,4.2,4.3,5400,4.5,13500,0,156600
TATAGLOBAL30Jan20305PE.NFO,07/01/2020,10:48:03,4.2,4.3,2700,4.4,2700,0,156600
TATAGLOBAL30Jan20305PE.NFO,07/01/2020,10:48:08,4.2,4.3,5400,4.4,2700,0,156600
TATAGLOBAL30Jan20305PE.NFO,07/01/2020,10:48:12,4.2,4.3,10800,4.45,2700,0,156600
TATAGLOBAL30Jan20305PE.NFO,07/01/2020,10:49:29,4.2,4.3,8100,4.45,2700,0,156600
TATAGLOBAL30Jan20305PE.NFO,07/01/2020,10:49:35,4.2,4.3,8100,4.45,5400,0,156600
TATAGLOBAL30Jan20305PE.NFO,07/01/2020,10:49:40,4.2,4.3,8100,4.45,2700,0,156600
TATAGLOBAL30Jan20305PE.NFO,07/01/2020,10:50:06,4.2,4.3,8100,4.45,5400,0,156600
TATAGLOBAL30Jan20305PE.NFO,07/01/2020,10:50:17,4.2,4.25,8100,4.4,5400,0,156600
TATAGLOBAL30Jan20305PE.NFO,07/01/2020,10:50:23,4.2,4.25,10800,4.4,5400,0,156600
TATAGLOBAL30Jan20305PE.NFO,07/01/2020,10:50:33,4.2,4.3,8100,4.45,2700,0,156600
TATAGLOBAL30Jan20305PE.NFO,07/01/2020,10:50:38,4.2,4.3,10800,4.45,2700,0,156600
TATAGLOBAL30Jan20305PE.NFO,07/01/2020,10:50:44,4.2,4.3,8100,4.45,2700,0,156600
TATAGLOBAL30Jan20305PE.NFO,07/01/2020,10:51:45,4.2,4.3,8100,4.45,8100,0,156600
TATAGLOBAL30Jan20305PE.NFO,07/01/2020,10:52:05,4.2,4.3,10800,4.45,2700,0,156600
TATAGLOBAL30Jan20305PE.NFO,07/01/2020,10:52:15,4.2,4.3,8100,4.45,2700,0,156600
TATAGLOBAL30Jan20305PE.NFO,07/01/2020,10:52:24,4.2,4.3,10800,4.45,2700,0,156600
TATAGLOBAL30Jan20305PE.NFO,07/01/2020,10:52:36,4.2,4.3,8100,4.45,2700,0,156600
TATAGLOBAL30Jan20305PE.NFO,07/01/2020,10:52:53,4.2,4.35,5400,4.45,2700,0,156600
TATAGLOBAL30Jan20305PE.NFO,07/01/2020,10:53:05,4.2,4.45,2700,4.6,5400,0,156600
TATAGLOBAL30Jan20305PE.NFO,07/01/2020,10:53:30,4.2,4.45,5400,4.6,5400,0,156600
TATAGLOBAL30Jan20305PE.NFO,07/01/2020,10:53:40,4.2,4.4,10800,4.6,8100,0,156600
TATAGLOBAL30Jan20305PE.NFO,07/01/2020,10:53:46,4.2,4.4,8100,4.6,5400,0,156600
TATAGLOBAL30Jan20305PE.NFO,07/01/2020,10:53:52,4.2,4.45,10800,4.6,5400,0,156600
TATAGLOBAL30Jan20305PE.NFO,07/01/2020,10:53:59,4.2,4.45,5400,4.6,5400,0,156600
TATAGLOBAL30Jan20305PE.NFO,07/01/2020,10:54:05,4.2,4.45,8100,4.6,5400,0,156600
TATAGLOBAL30Jan20305PE.NFO,07/01/2020,10:54:11,4.2,4.45,10800,4.6,5400,0,156600
TATAGLOBAL30Jan20305PE.NFO,07/01/2020,10:54:17,4.2,4.45,2700,4.6,5400,0,156600
TATAGLOBAL30Jan20305PE.NFO,07/01/2020,10:54:23,4.2,4.45,5400,4.6,5400,0,156600
TATAGLOBAL30Jan20305PE.NFO,07/01/2020,10:54:51,4.2,4.4,8100,4.55,2700,0,156600
TATAGLOBAL30Jan20305PE.NFO,07/01/2020,10:54:56,4.2,4.4,10800,4.55,2700,0,156600
TATAGLOBAL30Jan20305PE.NFO,07/01/2020,10:55:00,4.2,4.4,10800,4.55,5400,0,156600
TATAGLOBAL30Jan20305PE.NFO,07/01/2020,10:55:14,4.2,4.4,8100,4.55,2700,0,156600
TATAGLOBAL30Jan20305PE.NFO,07/01/2020,10:55:18,4.2,4.4,10800,4.55,2700,0,156600
TATAGLOBAL30Jan20305PE.NFO,07/01/2020,10:55:27,4.2,4.4,8100,4.55,2700,0,156600
TATAGLOBAL30Jan20305PE.NFO,07/01/2020,10:55:51,4.2,4.35,8100,4.5,2700,0,156600
TATAGLOBAL30Jan20305PE.NFO,07/01/2020,10:56:06,4.2,4.4,8100,4.55,5400,0,156600
TATAGLOBAL30Jan20305PE.NFO,07/01/2020,10:56:12,4.2,4.4,8100,4.55,10800,0,156600
TATAGLOBAL30Jan20305PE.NFO,07/01/2020,10:56:17,4.2,4.4,5400,4.55,10800,0,156600
TATAGLOBAL30Jan20305PE.NFO,07/01/2020,10:56:30,4.2,4.4,10800,4.55,2700,0,156600
TATAGLOBAL30Jan20305PE.NFO,07/01/2020,10:56:35,4.2,4.45,5400,4.55,2700,0,156600
TATAGLOBAL30Jan20305PE.NFO,07/01/2020,10:56:59,4.2,4.45,8100,4.55,2700,0,156600
TATAGLOBAL30Jan20305PE.NFO,07/01/2020,10:57:03,4.2,4.45,8100,4.6,5400,0,156600
TATAGLOBAL30Jan20305PE.NFO,07/01/2020,10:57:13,4.2,4.45,10800,4.6,5400,0,156600
TATAGLOBAL30Jan20305PE.NFO,07/01/2020,10:57:27,4.2,4.5,5400,4.65,8100,0,156600
TATAGLOBAL30Jan20305PE.NFO,07/01/2020,10:57:33,4.2,4.45,8100,4.6,5400,0,156600
TATAGLOBAL30Jan20305PE.NFO,07/01/2020,10:57:55,4.2,4.45,8100,4.6,2700,0,156600
TATAGLOBAL30Jan20305PE.NFO,07/01/2020,10:58:05,4.2,4.45,8100,4.6,5400,0,156600
TATAGLOBAL30Jan20305PE.NFO,07/01/2020,10:58:26,4.2,4.45,10800,4.6,5400,0,156600
TATAGLOBAL30Jan20305PE.NFO,07/01/2020,10:58:31,4.2,4.45,8100,4.6,5400,0,156600
TATAGLOBAL30Jan20305PE.NFO,07/01/2020,10:58:37,4.2,4.45,8100,4.6,8100,0,156600
TATAGLOBAL30Jan20305PE.NFO,07/01/2020,10:58:42,4.2,4.45,8100,4.6,5400,0,156600
TATAGLOBAL30Jan20305PE.NFO,07/01/2020,10:58:48,4.2,4.45,8100,4.6,8100,0,156600
TATAGLOBAL30Jan20305PE.NFO,07/01/2020,10:58:54,4.2,4.45,8100,4.6,5400,0,156600
TATAGLOBAL30Jan20305PE.NFO,07/01/2020,10:58:59,4.2,4.45,8100,4.6,2700,0,156600
TATAGLOBAL30Jan20305PE.NFO,07/01/2020,10:59:05,4.2,4.45,2700,4.6,2700,0,156600
TATAGLOBAL30Jan20305PE.NFO,07/01/2020,10:59:11,4.2,4.45,5400,4.6,2700,0,156600
TATAGLOBAL30Jan20305PE.NFO,07/01/2020,10:59:15,4.2,4.5,2700,4.6,2700,0,156600
TATAGLOBAL30Jan20305PE.NFO,07/01/2020,10:59:30,4.2,4.5,2700,4.6,5400,0,156600
TATAGLOBAL30Jan20305PE.NFO,07/01/2020,10:59:36,4.2,4.45,2700,4.6,2700,0,156600
TATAGLOBAL30Jan20305PE.NFO,07/01/2020,10:59:42,4.2,4.45,5400,4.6,5400,0,156600
TATAGLOBAL30Jan20305PE.NFO,07/01/2020,10:59:48,4.2,4.45,2700,4.6,5400,0,156600
TATAGLOBAL30Jan20305PE.NFO,07/01/2020,10:59:58,4.2,4.4,2700,4.5,8100,0,156600
TATAGLOBAL30Jan20305PE.NFO,07/01/2020,11:00:04,4.5,4.5,5400,4.65,2700,2700,153900
TATAGLOBAL30Jan20305PE.NFO,07/01/2020,11:00:10,4.5,4.6,2700,4.75,2700,0,153900
TATAGLOBAL30Jan20305PE.NFO,07/01/2020,11:00:16,4.5,4.7,2700,4.8,5400,0,153900
TATAGLOBAL30Jan20305PE.NFO,07/01/2020,11:00:23,4.7,4.6,2700,4.75,5400,2700,153900
TATAGLOBAL30Jan20305PE.NFO,07/01/2020,11:00:30,4.7,4.55,2700,4.7,8100,0,153900
TATAGLOBAL30Jan20305PE.NFO,07/01/2020,11:00:44,4.7,4.5,5400,4.65,2700,0,153900
TATAGLOBAL30Jan20305PE.NFO,07/01/2020,11:00:57,4.7,4.55,2700,4.7,5400,0,153900
TATAGLOBAL30Jan20305PE.NFO,07/01/2020,11:01:20,4.7,4.55,8100,4.7,2700,0,153900
TATAGLOBAL30Jan20305PE.NFO,07/01/2020,11:01:35,4.7,4.55,2700,4.7,2700,0,153900
TATAGLOBAL30Jan20305PE.NFO,07/01/2020,11:01:59,4.7,4.55,5400,4.7,2700,0,153900
TATAGLOBAL30Jan20305PE.NFO,07/01/2020,11:02:12,4.7,4.55,2700,4.7,2700,0,153900
TATAGLOBAL30Jan20305PE.NFO,07/01/2020,11:02:19,4.7,4.55,5400,4.7,5400,0,153900
TATAGLOBAL30Jan20305PE.NFO,07/01/2020,11:02:33,4.7,4.6,5400,4.75,2700,0,153900
TATAGLOBAL30Jan20305PE.NFO,07/01/2020,11:02:52,4.7,4.65,2700,4.8,5400,0,153900
TATAGLOBAL30Jan20305PE.NFO,07/01/2020,11:03:12,4.7,4.65,5400,4.85,2700,0,153900
TATAGLOBAL30Jan20305PE.NFO,07/01/2020,11:03:24,4.7,4.65,2700,4.8,5400,0,153900
TATAGLOBAL30Jan20305PE.NFO,07/01/2020,11:03:31,4.7,4.65,5400,4.8,5400,0,153900
TATAGLOBAL30Jan20305PE.NFO,07/01/2020,11:03:36,4.7,4.7,2700,4.85,2700,0,153900
TATAGLOBAL30Jan20305PE.NFO,07/01/2020,11:03:44,4.7,4.7,5400,4.85,2700,0,153900
TATAGLOBAL30Jan20305PE.NFO,07/01/2020,11:04:04,4.7,4.7,8100,4.85,2700,0,153900
TATAGLOBAL30Jan20305PE.NFO,07/01/2020,11:04:11,4.7,4.7,5400,4.85,2700,0,153900
TATAGLOBAL30Jan20305PE.NFO,07/01/2020,11:04:18,4.7,4.65,10800,4.8,5400,0,153900
TATAGLOBAL30Jan20305PE.NFO,07/01/2020,11:04:24,4.7,4.7,8100,4.85,2700,0,153900
TATAGLOBAL30Jan20305PE.NFO,07/01/2020,11:04:30,4.7,4.75,2700,4.85,2700,0,153900
TATAGLOBAL30Jan20305PE.NFO,07/01/2020,11:04:37,4.7,4.8,2700,4.9,2700,0,153900
TATAGLOBAL30Jan20305PE.NFO,07/01/2020,11:04:51,4.7,4.75,5400,4.9,2700,0,153900
TATAGLOBAL30Jan20305PE.NFO,07/01/2020,11:05:05,4.7,4.75,5400,4.85,2700,0,153900
TATAGLOBAL30Jan20305PE.NFO,07/01/2020,11:05:11,4.7,4.7,13500,4.85,5400,0,153900
TATAGLOBAL30Jan20305PE.NFO,07/01/2020,11:05:18,4.7,4.7,2700,4.85,10800,0,153900
TATAGLOBAL30Jan20305PE.NFO,07/01/2020,11:05:31,4.7,4.7,2700,4.75,2700,0,153900
TATAGLOBAL30Jan20305PE.NFO,07/01/2020,11:05:38,4.7,4.7,2700,4.8,5400,0,153900
TATAGLOBAL30Jan20305PE.NFO,07/01/2020,11:05:44,4.7,4.7,2700,4.8,10800,0,153900
TATAGLOBAL30Jan20305PE.NFO,07/01/2020,11:05:50,4.7,4.7,2700,4.75,5400,0,153900
TATAGLOBAL30Jan20305PE.NFO,07/01/2020,11:05:58,4.7,4.5,2700,4.65,2700,2700,153900
TATAGLOBAL30Jan20305PE.NFO,07/01/2020,11:06:05,4.7,4.5,2700,4.65,2700,0,153900
TATAGLOBAL30Jan20305PE.NFO,07/01/2020,11:06:18,4.7,4.5,2700,4.65,8100,0,153900
TATAGLOBAL30Jan20305PE.NFO,07/01/2020,11:06:24,4.7,4.5,2700,4.6,5400,0,153900
TATAGLOBAL30Jan20305PE.NFO,07/01/2020,11:06:36,4.7,4.45,2700,4.6,10800,0,153900
TATAGLOBAL30Jan20305PE.NFO,07/01/2020,11:06:41,4.55,4.5,5400,4.65,5400,2700,153900
TATAGLOBAL30Jan20305PE.NFO,07/01/2020,11:06:46,4.55,4.45,5400,4.65,5400,0,153900
TATAGLOBAL30Jan20305PE.NFO,07/01/2020,11:06:57,4.55,4.4,2700,4.55,8100,0,153900
TATAGLOBAL30Jan20305PE.NFO,07/01/2020,11:07:03,4.55,4.45,5400,4.6,2700,0,153900
TATAGLOBAL30Jan20305PE.NFO,07/01/2020,11:07:19,4.55,4.4,2700,4.55,5400,0,153900
TATAGLOBAL30Jan20305PE.NFO,07/01/2020,11:07:24,4.55,4.4,2700,4.55,8100,0,153900
TATAGLOBAL30Jan20305PE.NFO,07/01/2020,11:07:29,4.55,4.4,2700,4.55,5400,0,153900
TATAGLOBAL30Jan20305PE.NFO,07/01/2020,11:07:40,4.55,4.4,2700,4.5,2700,0,153900
TATAGLOBAL30Jan20305PE.NFO,07/01/2020,11:07:45,4.55,4.4,2700,4.55,5400,0,153900
TATAGLOBAL30Jan20305PE.NFO,07/01/2020,11:07:59,4.55,4.4,2700,4.55,2700,0,153900
TATAGLOBAL30Jan20305PE.NFO,07/01/2020,11:08:04,4.55,4.4,2700,4.55,5400,0,153900
TATAGLOBAL30Jan20305PE.NFO,07/01/2020,11:08:09,4.55,4.4,2700,4.55,8100,0,153900
TATAGLOBAL30Jan20305PE.NFO,07/01/2020,11:08:14,4.55,4.35,2700,4.55,8100,0,153900
TATAGLOBAL30Jan20305PE.NFO,07/01/2020,11:08:44,4.55,4.35,2700,4.55,5400,0,153900
TATAGLOBAL30Jan20305PE.NFO,07/01/2020,11:08:49,4.55,4.35,2700,4.55,8100,0,153900
TATAGLOBAL30Jan20305PE.NFO,07/01/2020,11:09:11,4.55,4.35,2700,4.55,10800,0,153900
TATAGLOBAL30Jan20305PE.NFO,07/01/2020,11:09:22,4.55,4.35,2700,4.55,8100,0,153900
TATAGLOBAL30Jan20305PE.NFO,07/01/2020,11:09:52,4.55,4.35,2700,4.5,5400,0,153900
TATAGLOBAL30Jan20305PE.NFO,07/01/2020,11:09:59,4.55,4.35,2700,4.5,8100,0,153900
TATAGLOBAL30Jan20305PE.NFO,07/01/2020,11:10:04,4.55,4.35,2700,4.55,8100,0,153900
TATAGLOBAL30Jan20305PE.NFO,07/01/2020,11:10:09,4.55,4.3,2700,4.45,5400,0,153900
TATAGLOBAL30Jan20305PE.NFO,07/01/2020,11:10:14,4.55,4.2,5400,4.4,5400,0,153900
TATAGLOBAL30Jan20305PE.NFO,07/01/2020,11:10:39,4.55,4.2,5400,4.4,2700,0,153900
TATAGLOBAL30Jan20305PE.NFO,07/01/2020,11:10:49,4.55,4.2,2700,4.4,2700,0,153900
TATAGLOBAL30Jan20305PE.NFO,07/01/2020,11:10:52,4.55,4.2,2700,4.4,8100,0,153900
TATAGLOBAL30Jan20305PE.NFO,07/01/2020,11:10:59,4.55,4.2,5400,4.4,2700,0,153900
TATAGLOBAL30Jan20305PE.NFO,07/01/2020,11:11:08,4.55,4.2,5400,4.45,2700,0,153900
TATAGLOBAL30Jan20305PE.NFO,07/01/2020,11:11:13,4.55,4.2,2700,4.45,2700,0,153900
TATAGLOBAL30Jan20305PE.NFO,07/01/2020,11:11:20,4.55,4.2,5400,4.45,2700,0,153900
TATAGLOBAL30Jan20305PE.NFO,07/01/2020,11:11:28,4.55,4.2,5400,4.5,10800,0,153900
TATAGLOBAL30Jan20305PE.NFO,07/01/2020,11:11:36,4.55,4.3,2700,4.5,2700,0,153900
TATAGLOBAL30Jan20305PE.NFO,07/01/2020,11:11:44,4.55,4.3,2700,4.5,5400,0,153900
TATAGLOBAL30Jan20305PE.NFO,07/01/2020,11:11:50,4.55,4.3,2700,4.5,2700,0,153900
TATAGLOBAL30Jan20305PE.NFO,07/01/2020,11:11:56,4.55,4.3,2700,4.5,10800,0,153900
TATAGLOBAL30Jan20305PE.NFO,07/01/2020,11:12:04,4.55,4.4,2700,4.55,5400,0,153900
TATAGLOBAL30Jan20305PE.NFO,07/01/2020,11:12:13,4.55,4.4,2700,4.5,2700,0,153900
TATAGLOBAL30Jan20305PE.NFO,07/01/2020,11:12:20,4.55,4.4,2700,4.5,5400,0,153900
TATAGLOBAL30Jan20305PE.NFO,07/01/2020,11:12:25,4.55,4.4,2700,4.5,8100,0,153900
TATAGLOBAL30Jan20305PE.NFO,07/01/2020,11:12:31,4.55,4.35,5400,4.5,10800,0,153900
TATAGLOBAL30Jan20305PE.NFO,07/01/2020,11:12:42,4.55,4.35,5400,4.5,5400,0,153900
TATAGLOBAL30Jan20305PE.NFO,07/01/2020,11:12:48,4.55,4.35,5400,4.5,8100,0,153900
TATAGLOBAL30Jan20305PE.NFO,07/01/2020,11:13:03,4.55,4.35,2700,4.45,5400,0,153900
TATAGLOBAL30Jan20305PE.NFO,07/01/2020,11:13:08,4.55,4.35,5400,4.5,5400,0,153900
TATAGLOBAL30Jan20305PE.NFO,07/01/2020,11:13:14,4.55,4.35,5400,4.45,2700,0,153900
TATAGLOBAL30Jan20305PE.NFO,07/01/2020,11:13:20,4.55,4.35,5400,4.5,5400,0,153900
TATAGLOBAL30Jan20305PE.NFO,07/01/2020,11:13:25,4.55,4.3,5400,4.45,8100,0,153900
TATAGLOBAL30Jan20305PE.NFO,07/01/2020,11:13:49,4.55,4.25,5400,4.45,8100,0,153900
TATAGLOBAL30Jan20305PE.NFO,07/01/2020,11:14:09,4.55,4.25,5400,4.45,5400,0,153900
TATAGLOBAL30Jan20305PE.NFO,07/01/2020,11:14:14,4.55,4.25,5400,4.4,5400,0,153900
TATAGLOBAL30Jan20305PE.NFO,07/01/2020,11:14:19,4.55,4.3,5400,4.45,5400,0,153900
TATAGLOBAL30Jan20305PE.NFO,07/01/2020,11:14:29,4.55,4.3,5400,4.45,8100,0,153900
TATAGLOBAL30Jan20305PE.NFO,07/01/2020,11:14:53,4.55,4.3,5400,4.45,2700,0,153900
TATAGLOBAL30Jan20305PE.NFO,07/01/2020,11:14:58,4.55,4.3,5400,4.55,8100,0,153900
TATAGLOBAL30Jan20305PE.NFO,07/01/2020,11:15:33,4.55,4.3,5400,4.55,5400,0,153900
TATAGLOBAL30Jan20305PE.NFO,07/01/2020,11:15:38,4.55,4.3,5400,4.55,2700,0,153900
TATAGLOBAL30Jan20305PE.NFO,07/01/2020,11:15:51,4.55,4.3,5400,4.5,2700,0,153900
TATAGLOBAL30Jan20305PE.NFO,07/01/2020,11:16:18,4.55,4.3,5400,4.5,5400,0,153900
TATAGLOBAL30Jan20305PE.NFO,07/01/2020,11:16:24,4.55,4.3,2700,4.5,10800,0,153900
TATAGLOBAL30Jan20305PE.NFO,07/01/2020,11:16:45,4.55,4.3,2700,4.5,8100,0,153900
TATAGLOBAL30Jan20305PE.NFO,07/01/2020,11:16:50,4.55,4.3,2700,4.5,2700,0,153900
TATAGLOBAL30Jan20305PE.NFO,07/01/2020,11:16:56,4.55,4.3,2700,4.5,5400,0,153900
TATAGLOBAL30Jan20305PE.NFO,07/01/2020,11:17:17,4.55,4.3,2700,4.5,8100,0,153900
TATAGLOBAL30Jan20305PE.NFO,07/01/2020,11:17:23,4.55,4.3,2700,4.5,5400,0,153900
TATAGLOBAL30Jan20305PE.NFO,07/01/2020,11:17:28,4.55,4.3,2700,4.5,10800,0,153900
TATAGLOBAL30Jan20305PE.NFO,07/01/2020,11:17:46,4.55,4.3,2700,4.5,8100,0,153900
TATAGLOBAL30Jan20305PE.NFO,07/01/2020,11:18:40,4.55,4.25,2700,4.4,2700,0,153900
TATAGLOBAL30Jan20305PE.NFO,07/01/2020,11:19:06,4.55,4.25,2700,4.4,5400,0,153900
TATAGLOBAL30Jan20305PE.NFO,07/01/2020,11:19:11,4.55,4.25,2700,4.4,2700,0,153900
TATAGLOBAL30Jan20305PE.NFO,07/01/2020,11:19:17,4.55,4.25,5400,4.4,2700,0,153900
TATAGLOBAL30Jan20305PE.NFO,07/01/2020,11:19:26,4.55,4.3,8100,4.45,8100,0,153900
TATAGLOBAL30Jan20305PE.NFO,07/01/2020,11:19:45,4.55,4.3,2700,4.4,5400,0,153900
TATAGLOBAL30Jan20305PE.NFO,07/01/2020,11:19:59,4.55,4.3,5400,4.4,5400,0,153900
TATAGLOBAL30Jan20305PE.NFO,07/01/2020,11:20:03,4.55,4.3,8100,4.4,5400,0,153900
TATAGLOBAL30Jan20305PE.NFO,07/01/2020,11:20:09,4.4,4.3,5400,4.45,5400,2700,153900
TATAGLOBAL30Jan20305PE.NFO,07/01/2020,11:20:31,4.4,4.3,5400,4.4,2700,0,153900
TATAGLOBAL30Jan20305PE.NFO,07/01/2020,11:20:42,4.4,4.3,5400,4.45,8100,0,153900
TATAGLOBAL30Jan20305PE.NFO,07/01/2020,11:20:47,4.4,4.3,5400,4.45,5400,0,153900
TATAGLOBAL30Jan20305PE.NFO,07/01/2020,11:20:59,4.4,4.3,2700,4.45,5400,0,153900
TATAGLOBAL30Jan20305PE.NFO,07/01/2020,11:21:19,4.4,4.3,5400,4.45,5400,0,153900
TATAGLOBAL30Jan20305PE.NFO,07/01/2020,11:22:10,4.4,4.35,2700,4.45,2700,0,153900
TATAGLOBAL30Jan20305PE.NFO,07/01/2020,11:22:14,4.4,4.3,8100,4.45,5400,0,153900
TATAGLOBAL30Jan20305PE.NFO,07/01/2020,11:22:17,4.4,4.35,2700,4.45,5400,0,153900
TATAGLOBAL30Jan20305PE.NFO,07/01/2020,11:22:26,4.4,4.35,2700,4.45,2700,0,153900
TATAGLOBAL30Jan20305PE.NFO,07/01/2020,11:22:35,4.4,4.35,2700,4.45,2700,2700,153900
TATAGLOBAL30Jan20305PE.NFO,07/01/2020,11:22:39,4.4,4.35,2700,4.45,2700,0,153900
TATAGLOBAL30Jan20305PE.NFO,07/01/2020,11:22:52,4.4,4.35,2700,4.45,5400,0,153900
TATAGLOBAL30Jan20305PE.NFO,07/01/2020,11:23:10,4.4,4.35,2700,4.45,2700,0,153900
TATAGLOBAL30Jan20305PE.NFO,07/01/2020,11:23:20,4.4,4.35,2700,4.45,5400,0,153900
TATAGLOBAL30Jan20305PE.NFO,07/01/2020,11:23:25,4.4,4.4,2700,4.45,2700,0,153900
TATAGLOBAL30Jan20305PE.NFO,07/01/2020,11:23:30,4.4,4.35,2700,4.45,8100,0,153900
TATAGLOBAL30Jan20305PE.NFO,07/01/2020,11:23:39,4.4,4.35,2700,4.45,5400,0,153900
TATAGLOBAL30Jan20305PE.NFO,07/01/2020,11:23:48,4.4,4.35,2700,4.45,8100,0,153900
TATAGLOBAL30Jan20305PE.NFO,07/01/2020,11:24:05,4.35,4.3,2700,4.4,10800,2700,151200
TATAGLOBAL30Jan20305PE.NFO,07/01/2020,11:24:11,4.35,4.3,2700,4.4,10800,0,151200
TATAGLOBAL30Jan20305PE.NFO,07/01/2020,11:24:16,4.35,4.25,5400,4.4,8100,0,151200
TATAGLOBAL30Jan20305PE.NFO,07/01/2020,11:24:20,4.35,4.3,5400,4.45,2700,0,151200
TATAGLOBAL30Jan20305PE.NFO,07/01/2020,11:24:24,4.35,4.3,2700,4.45,2700,0,151200
TATAGLOBAL30Jan20305PE.NFO,07/01/2020,11:24:29,4.35,4.3,5400,4.45,2700,0,151200
TATAGLOBAL30Jan20305PE.NFO,07/01/2020,11:24:39,4.35,4.3,2700,4.45,2700,0,151200
TATAGLOBAL30Jan20305PE.NFO,07/01/2020,11:24:43,4.35,4.25,5400,4.45,2700,0,151200
TATAGLOBAL30Jan20305PE.NFO,07/01/2020,11:24:48,4.35,4.25,8100,4.45,2700,0,151200
TATAGLOBAL30Jan20305PE.NFO,07/01/2020,11:24:52,4.35,4.25,5400,4.45,2700,0,151200
TATAGLOBAL30Jan20305PE.NFO,07/01/2020,11:24:56,4.35,4.3,5400,4.45,5400,0,151200
TATAGLOBAL30Jan20305PE.NFO,07/01/2020,11:25:19,4.35,4.3,8100,4.45,5400,0,151200
TATAGLOBAL30Jan20305PE.NFO,07/01/2020,11:25:25,4.35,4.35,5400,4.5,5400,0,151200
TATAGLOBAL30Jan20305PE.NFO,07/01/2020,11:25:35,4.35,4.35,8100,4.5,5400,0,151200
TATAGLOBAL30Jan20305PE.NFO,07/01/2020,11:25:38,4.35,4.35,5400,4.45,2700,0,151200
TATAGLOBAL30Jan20305PE.NFO,07/01/2020,11:25:44,4.35,4.25,5400,4.45,13500,0,151200
TATAGLOBAL30Jan20305PE.NFO,07/01/2020,11:25:49,4.35,4.3,2700,4.45,13500,0,151200
TATAGLOBAL30Jan20305PE.NFO,07/01/2020,11:26:08,4.35,4.3,2700,4.45,10800,0,151200
TATAGLOBAL30Jan20305PE.NFO,07/01/2020,11:26:12,4.35,4.3,2700,4.35,2700,0,151200
TATAGLOBAL30Jan20305PE.NFO,07/01/2020,11:26:15,4.35,4.2,5400,4.35,2700,0,151200
TATAGLOBAL30Jan20305PE.NFO,07/01/2020,11:26:18,4.35,4.2,8100,4.35,2700,0,151200
TATAGLOBAL30Jan20305PE.NFO,07/01/2020,11:26:24,4.35,4.2,8100,4.35,5400,0,151200
TATAGLOBAL30Jan20305PE.NFO,07/01/2020,11:26:28,4.35,4.2,8100,4.35,8100,0,151200
TATAGLOBAL30Jan20305PE.NFO,07/01/2020,11:26:32,4.35,4.2,8100,4.35,5400,0,151200
TATAGLOBAL30Jan20305PE.NFO,07/01/2020,11:26:37,4.35,4.2,8100,4.35,2700,0,151200
TATAGLOBAL30Jan20305PE.NFO,07/01/2020,11:26:41,4.35,4.25,5400,4.4,2700,0,151200
TATAGLOBAL30Jan20305PE.NFO,07/01/2020,11:26:51,4.35,4.2,5400,4.35,5400,0,151200
TATAGLOBAL30Jan20305PE.NFO,07/01/2020,11:26:55,4.35,4.25,2700,4.35,2700,0,151200
TATAGLOBAL30Jan20305PE.NFO,07/01/2020,11:26:58,4.35,4.2,8100,4.35,2700,0,151200
TATAGLOBAL30Jan20305PE.NFO,07/01/2020,11:27:15,4.35,4.25,5400,4.45,8100,0,151200
TATAGLOBAL30Jan20305PE.NFO,07/01/2020,11:27:18,4.35,4.25,5400,4.45,13500,0,151200
TATAGLOBAL30Jan20305PE.NFO,07/01/2020,11:27:42,4.35,4.2,8100,4.35,2700,0,151200
TATAGLOBAL30Jan20305PE.NFO,07/01/2020,11:28:48,4.35,4.25,2700,4.35,2700,0,151200
TATAGLOBAL30Jan20305PE.NFO,07/01/2020,11:29:03,4.35,4.25,2700,4.35,5400,0,151200
TATAGLOBAL30Jan20305PE.NFO,07/01/2020,11:29:06,4.35,4.25,5400,4.35,5400,0,151200
TATAGLOBAL30Jan20305PE.NFO,07/01/2020,11:29:17,4.35,4.25,5400,4.35,2700,0,151200
TATAGLOBAL30Jan20305PE.NFO,07/01/2020,11:29:53,4.35,4.25,2700,4.35,2700,0,151200
TATAGLOBAL30Jan20305PE.NFO,07/01/2020,11:30:00,4.35,4.25,5400,4.35,2700,0,151200
TATAGLOBAL30Jan20305PE.NFO,07/01/2020,11:30:22,4.35,4.2,5400,4.35,5400,0,151200
TATAGLOBAL30Jan20305PE.NFO,07/01/2020,11:30:31,4.35,4.2,5400,4.35,10800,0,151200
TATAGLOBAL30Jan20305PE.NFO,07/01/2020,11:30:34,4.35,4.2,5400,4.35,8100,0,151200
TATAGLOBAL30Jan20305PE.NFO,07/01/2020,11:30:41,4.35,4.2,2700,4.35,8100,0,151200
TATAGLOBAL30Jan20305PE.NFO,07/01/2020,11:30:44,4.35,4.15,5400,4.25,2700,0,151200
TATAGLOBAL30Jan20305PE.NFO,07/01/2020,11:30:47,4.35,4.15,8100,4.25,2700,0,151200
TATAGLOBAL30Jan20305PE.NFO,07/01/2020,11:30:49,4.35,4.15,5400,4.25,2700,0,151200
TATAGLOBAL30Jan20305PE.NFO,07/01/2020,11:30:59,4.35,4.15,5400,4.25,5400,0,151200
TATAGLOBAL30Jan20305PE.NFO,07/01/2020,11:31:05,4.35,4.15,5400,4.25,2700,0,151200
TATAGLOBAL30Jan20305PE.NFO,07/01/2020,11:31:12,4.35,4.1,8100,4.25,5400,0,151200
TATAGLOBAL30Jan20305PE.NFO,07/01/2020,11:31:17,4.35,4.1,8100,4.25,8100,0,151200
TATAGLOBAL30Jan20305PE.NFO,07/01/2020,11:31:21,4.35,4.1,8100,4.2,2700,0,151200
TATAGLOBAL30Jan20305PE.NFO,07/01/2020,11:31:31,4.35,4.15,5400,4.25,5400,0,151200
TATAGLOBAL30Jan20305PE.NFO,07/01/2020,11:31:43,4.35,4.15,2700,4.2,5400,0,151200
TATAGLOBAL30Jan20305PE.NFO,07/01/2020,11:31:54,4.2,4.15,8100,4.3,2700,2700,151200
TATAGLOBAL30Jan20305PE.NFO,07/01/2020,11:32:06,4.2,4.25,8100,4.45,5400,0,151200
TATAGLOBAL30Jan20305PE.NFO,07/01/2020,11:32:12,4.2,4.35,5400,4.5,8100,0,151200
TATAGLOBAL30Jan20305PE.NFO,07/01/2020,11:32:17,4.2,4.4,5400,4.55,5400,0,151200
TATAGLOBAL30Jan20305PE.NFO,07/01/2020,11:32:22,4.2,4.35,5400,4.5,5400,0,151200
TATAGLOBAL30Jan20305PE.NFO,07/01/2020,11:32:26,4.2,4.35,2700,4.5,5400,0,151200
TATAGLOBAL30Jan20305PE.NFO,07/01/2020,11:32:31,4.2,4.4,5400,4.55,8100,0,151200
TATAGLOBAL30Jan20305PE.NFO,07/01/2020,11:32:36,4.6,4.55,2700,4.7,5400,8100,151200
TATAGLOBAL30Jan20305PE.NFO,07/01/2020,11:32:41,4.6,4.55,5400,4.7,2700,0,151200
TATAGLOBAL30Jan20305PE.NFO,07/01/2020,11:32:45,4.65,4.65,2700,4.75,2700,2700,156600
TATAGLOBAL30Jan20305PE.NFO,07/01/2020,11:32:49,4.65,4.65,2700,4.75,2700,0,156600
TATAGLOBAL30Jan20305PE.NFO,07/01/2020,11:33:01,4.65,4.7,2700,4.8,2700,0,156600
TATAGLOBAL30Jan20305PE.NFO,07/01/2020,11:33:05,4.65,4.75,2700,4.85,2700,0,156600
TATAGLOBAL30Jan20305PE.NFO,07/01/2020,11:33:08,4.65,4.7,2700,4.85,5400,0,156600
TATAGLOBAL30Jan20305PE.NFO,07/01/2020,11:33:11,4.65,4.7,2700,4.85,2700,0,156600
TATAGLOBAL30Jan20305PE.NFO,07/01/2020,11:33:15,4.65,4.7,2700,4.8,5400,0,156600
TATAGLOBAL30Jan20305PE.NFO,07/01/2020,11:33:28,4.65,4.75,2700,4.85,2700,0,156600
TATAGLOBAL30Jan20305PE.NFO,07/01/2020,11:33:31,4.75,4.7,5400,4.8,2700,2700,156600
TATAGLOBAL30Jan20305PE.NFO,07/01/2020,11:33:35,4.75,4.7,2700,4.8,5400,0,156600
TATAGLOBAL30Jan20305PE.NFO,07/01/2020,11:33:40,4.75,4.65,5400,4.8,5400,0,156600
TATAGLOBAL30Jan20305PE.NFO,07/01/2020,11:34:10,4.75,4.65,2700,4.8,5400,0,156600
TATAGLOBAL30Jan20305PE.NFO,07/01/2020,11:34:18,4.75,4.65,2700,4.75,2700,0,156600
TATAGLOBAL30Jan20305PE.NFO,07/01/2020,11:34:24,4.75,4.7,2700,4.8,5400,0,156600
TATAGLOBAL30Jan20305PE.NFO,07/01/2020,11:34:30,4.75,4.65,5400,4.8,5400,0,156600
TATAGLOBAL30Jan20305PE.NFO,07/01/2020,11:34:37,4.75,4.6,5400,4.8,5400,0,156600
TATAGLOBAL30Jan20305PE.NFO,07/01/2020,11:34:43,4.75,4.6,2700,4.75,5400,0,156600
TATAGLOBAL30Jan20305PE.NFO,07/01/2020,11:35:07,4.75,4.6,5400,4.75,5400,0,156600
TATAGLOBAL30Jan20305PE.NFO,07/01/2020,11:35:13,4.75,4.6,8100,4.75,5400,0,156600
TATAGLOBAL30Jan20305PE.NFO,07/01/2020,11:35:37,4.75,4.6,10800,4.75,5400,0,156600
TATAGLOBAL30Jan20305PE.NFO,07/01/2020,11:35:44,4.75,4.6,8100,4.75,5400,0,156600
TATAGLOBAL30Jan20305PE.NFO,07/01/2020,11:35:49,4.75,4.55,8100,4.7,5400,0,156600
TATAGLOBAL30Jan20305PE.NFO,07/01/2020,11:35:55,4.75,4.55,5400,4.7,5400,0,156600
TATAGLOBAL30Jan20305PE.NFO,07/01/2020,11:36:00,4.75,4.55,10800,4.7,5400,0,156600
TATAGLOBAL30Jan20305PE.NFO,07/01/2020,11:36:10,4.75,4.6,2700,4.7,2700,0,156600
TATAGLOBAL30Jan20305PE.NFO,07/01/2020,11:36:25,4.75,4.6,2700,4.7,5400,0,156600
TATAGLOBAL30Jan20305PE.NFO,07/01/2020,11:36:30,4.75,4.6,5400,4.7,5400,0,156600
TATAGLOBAL30Jan20305PE.NFO,07/01/2020,11:36:40,4.75,4.6,2700,4.7,5400,0,156600
TATAGLOBAL30Jan20305PE.NFO,07/01/2020,11:36:52,4.75,4.6,10800,4.75,5400,0,156600
TATAGLOBAL30Jan20305PE.NFO,07/01/2020,11:36:59,4.75,4.6,5400,4.7,2700,0,156600
TATAGLOBAL30Jan20305PE.NFO,07/01/2020,11:37:05,4.75,4.55,10800,4.7,5400,0,156600
TATAGLOBAL30Jan20305PE.NFO,07/01/2020,11:37:24,4.75,4.55,10800,4.65,2700,0,156600
TATAGLOBAL30Jan20305PE.NFO,07/01/2020,11:37:29,4.75,4.55,5400,4.65,2700,0,156600
TATAGLOBAL30Jan20305PE.NFO,07/01/2020,11:37:44,4.75,4.5,8100,4.65,8100,0,156600
TATAGLOBAL30Jan20305PE.NFO,07/01/2020,11:37:53,4.75,4.5,10800,4.65,8100,0,156600
TATAGLOBAL30Jan20305PE.NFO,07/01/2020,11:37:57,4.75,4.5,2700,4.6,8100,0,156600
TATAGLOBAL30Jan20305PE.NFO,07/01/2020,11:38:00,4.75,4.55,2700,4.65,5400,0,156600
TATAGLOBAL30Jan20305PE.NFO,07/01/2020,11:38:03,4.75,4.55,5400,4.65,5400,0,156600
TATAGLOBAL30Jan20305PE.NFO,07/01/2020,11:38:07,4.75,4.55,5400,4.65,2700,0,156600
TATAGLOBAL30Jan20305PE.NFO,07/01/2020,11:38:11,4.75,4.55,5400,4.65,5400,0,156600
TATAGLOBAL30Jan20305PE.NFO,07/01/2020,11:38:24,4.75,4.55,2700,4.65,5400,0,156600
TATAGLOBAL30Jan20305PE.NFO,07/01/2020,11:38:28,4.75,4.55,5400,4.65,5400,0,156600
TATAGLOBAL30Jan20305PE.NFO,07/01/2020,11:38:36,4.75,4.6,5400,4.7,5400,0,156600
TATAGLOBAL30Jan20305PE.NFO,07/01/2020,11:38:39,4.75,4.6,8100,4.75,5400,0,156600
TATAGLOBAL30Jan20305PE.NFO,07/01/2020,11:38:43,4.75,4.6,2700,4.7,2700,0,156600
TATAGLOBAL30Jan20305PE.NFO,07/01/2020,11:38:54,4.75,4.55,5400,4.7,8100,0,156600
TATAGLOBAL30Jan20305PE.NFO,07/01/2020,11:39:01,4.75,4.55,5400,4.7,5400,0,156600
TATAGLOBAL30Jan20305PE.NFO,07/01/2020,11:39:15,4.75,4.55,5400,4.7,2700,0,156600
TATAGLOBAL30Jan20305PE.NFO,07/01/2020,11:39:24,4.75,4.55,5400,4.7,5400,0,156600
TATAGLOBAL30Jan20305PE.NFO,07/01/2020,11:39:29,4.75,4.6,2700,4.7,2700,0,156600
TATAGLOBAL30Jan20305PE.NFO,07/01/2020,11:39:34,4.75,4.6,5400,4.75,8100,0,156600
TATAGLOBAL30Jan20305PE.NFO,07/01/2020,11:39:39,4.75,4.6,2700,4.75,8100,0,156600
TATAGLOBAL30Jan20305PE.NFO,07/01/2020,11:39:49,4.75,4.65,5400,4.75,2700,0,156600
TATAGLOBAL30Jan20305PE.NFO,07/01/2020,11:40:11,4.75,4.7,5400,4.85,5400,0,156600
TATAGLOBAL30Jan20305PE.NFO,07/01/2020,11:40:20,4.75,4.8,2700,4.85,2700,0,156600
TATAGLOBAL30Jan20305PE.NFO,07/01/2020,11:40:24,4.75,4.7,5400,4.85,5400,0,156600
TATAGLOBAL30Jan20305PE.NFO,07/01/2020,11:40:44,4.75,4.75,2700,4.85,2700,0,156600
TATAGLOBAL30Jan20305PE.NFO,07/01/2020,11:40:57,4.75,4.7,8100,4.85,2700,0,156600
TATAGLOBAL30Jan20305PE.NFO,07/01/2020,11:41:12,4.75,4.75,2700,4.85,2700,0,156600
TATAGLOBAL30Jan20305PE.NFO,07/01/2020,11:41:31,4.75,4.7,5400,4.85,2700,0,156600
TATAGLOBAL30Jan20305PE.NFO,07/01/2020,11:41:38,4.75,4.75,2700,4.85,2700,0,156600
TATAGLOBAL30Jan20305PE.NFO,07/01/2020,11:41:47,4.75,4.75,5400,4.85,2700,0,156600
TATAGLOBAL30Jan20305PE.NFO,07/01/2020,11:41:53,4.75,4.75,2700,4.85,2700,0,156600
TATAGLOBAL30Jan20305PE.NFO,07/01/2020,11:42:08,4.75,4.7,5400,4.85,2700,0,156600
TATAGLOBAL30Jan20305PE.NFO,07/01/2020,11:42:12,4.75,4.7,5400,4.85,5400,0,156600
TATAGLOBAL30Jan20305PE.NFO,07/01/2020,11:42:30,4.75,4.75,2700,4.85,2700,0,156600
TATAGLOBAL30Jan20305PE.NFO,07/01/2020,11:42:33,4.75,4.7,2700,4.8,5400,0,156600
TATAGLOBAL30Jan20305PE.NFO,07/01/2020,11:42:38,4.75,4.65,8100,4.8,8100,0,156600
TATAGLOBAL30Jan20305PE.NFO,07/01/2020,11:42:44,4.75,4.65,5400,4.75,2700,0,156600
TATAGLOBAL30Jan20305PE.NFO,07/01/2020,11:42:48,4.75,4.65,2700,4.75,2700,0,156600
TATAGLOBAL30Jan20305PE.NFO,07/01/2020,11:42:52,4.75,4.7,2700,4.75,2700,0,156600
TATAGLOBAL30Jan20305PE.NFO,07/01/2020,11:42:56,4.75,4.7,5400,4.85,8100,0,156600
TATAGLOBAL30Jan20305PE.NFO,07/01/2020,11:43:00,4.75,4.7,2700,4.8,5400,0,156600
TATAGLOBAL30Jan20305PE.NFO,07/01/2020,11:43:07,4.75,4.65,5400,4.8,5400,0,156600
TATAGLOBAL30Jan20305PE.NFO,07/01/2020,11:43:11,4.75,4.65,5400,4.8,8100,0,156600
TATAGLOBAL30Jan20305PE.NFO,07/01/2020,11:43:14,4.75,4.7,8100,4.8,5400,0,156600
TATAGLOBAL30Jan20305PE.NFO,07/01/2020,11:43:17,4.75,4.7,5400,4.8,5400,0,156600
TATAGLOBAL30Jan20305PE.NFO,07/01/2020,11:43:25,4.75,4.75,2700,4.8,2700,0,156600
TATAGLOBAL30Jan20305PE.NFO,07/01/2020,11:43:28,4.75,4.7,5400,4.85,2700,0,156600
TATAGLOBAL30Jan20305PE.NFO,07/01/2020,11:43:33,4.75,4.75,5400,4.85,2700,0,156600
TATAGLOBAL30Jan20305PE.NFO,07/01/2020,11:43:37,4.75,4.8,8100,4.9,2700,0,156600
TATAGLOBAL30Jan20305PE.NFO,07/01/2020,11:43:40,4.75,4.8,10800,4.9,2700,0,156600
TATAGLOBAL30Jan20305PE.NFO,07/01/2020,11:43:44,4.75,4.8,8100,4.9,2700,0,156600
TATAGLOBAL30Jan20305PE.NFO,07/01/2020,11:43:48,4.75,4.9,2700,4.95,2700,0,156600
TATAGLOBAL30Jan20305PE.NFO,07/01/2020,11:43:52,4.75,4.9,5400,5,2700,0,156600
TATAGLOBAL30Jan20305PE.NFO,07/01/2020,11:43:59,4.75,4.85,8100,5,2700,0,156600
TATAGLOBAL30Jan20305PE.NFO,07/01/2020,11:44:05,4.75,4.9,5400,5,5400,0,156600
TATAGLOBAL30Jan20305PE.NFO,07/01/2020,11:44:08,4.75,4.85,5400,5,8100,0,156600
TATAGLOBAL30Jan20305PE.NFO,07/01/2020,11:44:12,5,4.85,5400,5,8100,2700,151200
TATAGLOBAL30Jan20305PE.NFO,07/01/2020,11:44:16,5,4.85,5400,5,8100,0,151200
TATAGLOBAL30Jan20305PE.NFO,07/01/2020,11:44:19,5,4.85,5400,4.95,2700,0,151200
TATAGLOBAL30Jan20305PE.NFO,07/01/2020,11:44:22,5,4.9,2700,5,2700,0,151200
TATAGLOBAL30Jan20305PE.NFO,07/01/2020,11:44:25,5,4.85,5400,5,8100,0,151200
TATAGLOBAL30Jan20305PE.NFO,07/01/2020,11:44:28,5,4.85,5400,5,5400,0,151200
TATAGLOBAL30Jan20305PE.NFO,07/01/2020,11:45:00,5,4.8,5400,4.95,8100,0,151200
TATAGLOBAL30Jan20305PE.NFO,07/01/2020,11:45:07,5,4.8,5400,4.9,2700,0,151200
TATAGLOBAL30Jan20305PE.NFO,07/01/2020,11:45:39,5,4.75,8100,4.85,2700,0,151200
TATAGLOBAL30Jan20305PE.NFO,07/01/2020,11:45:44,5,4.75,5400,4.85,2700,0,151200
TATAGLOBAL30Jan20305PE.NFO,07/01/2020,11:45:52,5,4.85,5400,4.95,2700,0,151200
TATAGLOBAL30Jan20305PE.NFO,07/01/2020,11:45:56,5,4.95,2700,5,2700,0,151200
TATAGLOBAL30Jan20305PE.NFO,07/01/2020,11:45:59,5,4.95,5400,5.05,2700,0,151200
TATAGLOBAL30Jan20305PE.NFO,07/01/2020,11:46:05,5,4.9,5400,5.05,5400,0,151200
TATAGLOBAL30Jan20305PE.NFO,07/01/2020,11:46:09,5.05,5.15,2700,5.2,2700,2700,151200
TATAGLOBAL30Jan20305PE.NFO,07/01/2020,11:46:09,5.05,5.15,2700,5.2,2700,0,151200
TATAGLOBAL30Jan20305PE.NFO,07/01/2020,11:46:13,5.05,5.05,8100,5.2,2700,0,151200
TATAGLOBAL30Jan20305PE.NFO,07/01/2020,11:46:17,5.05,5.1,2700,5.25,8100,0,151200
TATAGLOBAL30Jan20305PE.NFO,07/01/2020,11:46:24,5.05,5.1,2700,5.2,5400,0,151200
TATAGLOBAL30Jan20305PE.NFO,07/01/2020,11:46:37,5.05,5.05,8100,5.2,8100,0,151200
TATAGLOBAL30Jan20305PE.NFO,07/01/2020,11:46:47,5.05,5.05,8100,5.2,5400,0,151200
TATAGLOBAL30Jan20305PE.NFO,07/01/2020,11:46:59,5.05,5.05,8100,5.2,10800,0,151200
TATAGLOBAL30Jan20305PE.NFO,07/01/2020,11:47:02,5.05,5.05,2700,5.2,10800,0,151200
TATAGLOBAL30Jan20305PE.NFO,07/01/2020,11:47:12,5.05,5.1,2700,5.2,2700,0,151200
TATAGLOBAL30Jan20305PE.NFO,07/01/2020,11:47:20,5.05,5.1,2700,5.25,8100,0,151200
TATAGLOBAL30Jan20305PE.NFO,07/01/2020,11:47:24,5.05,5.2,2700,5.35,10800,0,151200
TATAGLOBAL30Jan20305PE.NFO,07/01/2020,11:47:28,5.05,5.15,8100,5.3,5400,0,151200
TATAGLOBAL30Jan20305PE.NFO,07/01/2020,11:47:34,5.05,5.2,5400,5.35,8100,0,151200
TATAGLOBAL30Jan20305PE.NFO,07/01/2020,11:47:39,5.05,5.2,5400,5.35,5400,0,151200
TATAGLOBAL30Jan20305PE.NFO,07/01/2020,11:47:43,5.05,5.2,10800,5.4,8100,0,151200
TATAGLOBAL30Jan20305PE.NFO,07/01/2020,11:47:46,5.05,5.4,2700,5.6,8100,0,151200
TATAGLOBAL30Jan20305PE.NFO,07/01/2020,11:47:50,5.05,5.35,5400,5.6,8100,0,151200
TATAGLOBAL30Jan20305PE.NFO,07/01/2020,11:47:53,5.05,5.35,2700,5.5,2700,0,151200
TATAGLOBAL30Jan20305PE.NFO,07/01/2020,11:48:04,5.05,5.35,8100,5.5,2700,0,151200
TATAGLOBAL30Jan20305PE.NFO,07/01/2020,11:48:23,5.05,5.4,8100,5.55,2700,0,151200
TATAGLOBAL30Jan20305PE.NFO,07/01/2020,11:48:39,5.05,5.4,2700,5.55,2700,0,151200
TATAGLOBAL30Jan20305PE.NFO,07/01/2020,11:48:47,5.05,5.35,2700,5.55,5400,0,151200
TATAGLOBAL30Jan20305PE.NFO,07/01/2020,11:48:50,5.05,5.45,2700,5.65,10800,0,151200
TATAGLOBAL30Jan20305PE.NFO,07/01/2020,11:49:02,5.05,5.45,2700,5.65,5400,0,151200
TATAGLOBAL30Jan20305PE.NFO,07/01/2020,11:49:05,5.05,5.4,2700,5.65,8100,0,151200
TATAGLOBAL30Jan20305PE.NFO,07/01/2020,11:49:08,5.05,5.4,5400,5.5,2700,0,151200
TATAGLOBAL30Jan20305PE.NFO,07/01/2020,11:49:17,5.05,5.4,2700,5.5,2700,0,151200
TATAGLOBAL30Jan20305PE.NFO,07/01/2020,11:49:22,5.05,5.4,10800,5.5,2700,0,151200
TATAGLOBAL30Jan20305PE.NFO,07/01/2020,11:49:26,5.05,5.4,2700,5.5,2700,0,151200
TATAGLOBAL30Jan20305PE.NFO,07/01/2020,11:49:34,5.05,5.4,10800,5.5,2700,0,151200
TATAGLOBAL30Jan20305PE.NFO,07/01/2020,11:49:38,5.05,5.4,2700,5.5,2700,0,151200
TATAGLOBAL30Jan20305PE.NFO,07/01/2020,11:49:45,5.05,5.35,2700,5.5,2700,0,151200
TATAGLOBAL30Jan20305PE.NFO,07/01/2020,11:49:53,5.05,5.3,2700,5.45,5400,0,151200
TATAGLOBAL30Jan20305PE.NFO,07/01/2020,11:50:01,5.05,5.25,2700,5.45,5400,0,151200
TATAGLOBAL30Jan20305PE.NFO,07/01/2020,11:50:06,5.05,5.25,5400,5.4,5400,0,151200
TATAGLOBAL30Jan20305PE.NFO,07/01/2020,11:50:10,5.05,5.25,5400,5.4,2700,0,151200
TATAGLOBAL30Jan20305PE.NFO,07/01/2020,11:50:15,5.3,5.25,8100,5.45,2700,2700,151200
TATAGLOBAL30Jan20305PE.NFO,07/01/2020,11:50:15,5.3,5.25,8100,5.45,2700,0,151200
TATAGLOBAL30Jan20305PE.NFO,07/01/2020,11:50:21,5.3,5.25,8100,5.45,2700,0,151200
TATAGLOBAL30Jan20305PE.NFO,07/01/2020,11:50:26,5.3,5.25,8100,5.4,5400,0,151200
TATAGLOBAL30Jan20305PE.NFO,07/01/2020,11:50:31,5.3,5.25,2700,5.4,2700,0,151200
TATAGLOBAL30Jan20305PE.NFO,07/01/2020,11:50:37,5.3,5.25,8100,5.4,2700,0,151200
TATAGLOBAL30Jan20305PE.NFO,07/01/2020,11:50:41,5.3,5.25,2700,5.4,2700,0,151200
TATAGLOBAL30Jan20305PE.NFO,07/01/2020,11:51:05,5.3,5.2,5400,5.4,2700,0,151200
TATAGLOBAL30Jan20305PE.NFO,07/01/2020,11:51:10,5.3,5.2,2700,5.4,2700,0,151200
TATAGLOBAL30Jan20305PE.NFO,07/01/2020,11:51:30,5.3,5.2,2700,5.35,2700,0,151200
TATAGLOBAL30Jan20305PE.NFO,07/01/2020,11:51:36,5.3,5.25,5400,5.4,2700,0,151200
TATAGLOBAL30Jan20305PE.NFO,07/01/2020,11:51:49,5.3,5.25,8100,5.4,2700,0,151200
TATAGLOBAL30Jan20305PE.NFO,07/01/2020,11:51:58,5.3,5.35,2700,5.45,2700,0,151200
TATAGLOBAL30Jan20305PE.NFO,07/01/2020,11:52:02,5.3,5.3,5400,5.45,2700,0,151200
TATAGLOBAL30Jan20305PE.NFO,07/01/2020,11:52:10,5.3,5.4,2700,5.5,2700,0,151200
TATAGLOBAL30Jan20305PE.NFO,07/01/2020,11:52:14,5.3,5.35,2700,5.5,2700,0,151200
TATAGLOBAL30Jan20305PE.NFO,07/01/2020,11:52:25,5.3,5.3,5400,5.4,2700,0,151200
TATAGLOBAL30Jan20305PE.NFO,07/01/2020,11:52:32,5.3,5.4,2700,5.55,2700,0,151200
TATAGLOBAL30Jan20305PE.NFO,07/01/2020,11:52:42,5.3,5.45,2700,5.55,2700,0,151200
TATAGLOBAL30Jan20305PE.NFO,07/01/2020,11:52:50,5.3,5.4,2700,5.55,2700,0,151200
TATAGLOBAL30Jan20305PE.NFO,07/01/2020,11:52:54,5.3,5.45,2700,5.55,2700,0,151200
TATAGLOBAL30Jan20305PE.NFO,07/01/2020,11:53:08,5.3,5.4,5400,5.55,2700,0,151200
TATAGLOBAL30Jan20305PE.NFO,07/01/2020,11:53:18,5.3,5.4,2700,5.55,2700,0,151200
TATAGLOBAL30Jan20305PE.NFO,07/01/2020,11:53:21,5.3,5.45,2700,5.55,2700,0,151200
TATAGLOBAL30Jan20305PE.NFO,07/01/2020,11:53:24,5.3,5.35,2700,5.5,5400,0,151200
TATAGLOBAL30Jan20305PE.NFO,07/01/2020,11:53:35,5.3,5.35,5400,5.5,5400,0,151200
TATAGLOBAL30Jan20305PE.NFO,07/01/2020,11:53:41,5.3,5.35,2700,5.5,2700,0,151200
TATAGLOBAL30Jan20305PE.NFO,07/01/2020,11:53:49,5.3,5.25,5400,5.4,2700,0,151200
TATAGLOBAL30Jan20305PE.NFO,07/01/2020,11:53:51,5.3,5.3,2700,5.45,5400,0,151200
TATAGLOBAL30Jan20305PE.NFO,07/01/2020,11:54:08,5.3,5.25,5400,5.45,5400,0,151200
TATAGLOBAL30Jan20305PE.NFO,07/01/2020,11:54:12,5.3,5.25,2700,5.35,2700,0,151200
TATAGLOBAL30Jan20305PE.NFO,07/01/2020,11:54:16,5.3,5.25,2700,5.4,5400,0,151200
TATAGLOBAL30Jan20305PE.NFO,07/01/2020,11:55:28,5.3,5.35,2700,5.55,5400,0,151200
TATAGLOBAL30Jan20305PE.NFO,07/01/2020,11:55:31,5.3,5.3,5400,5.5,5400,0,151200
TATAGLOBAL30Jan20305PE.NFO,07/01/2020,11:55:37,5.3,5.35,2700,5.5,2700,0,151200
TATAGLOBAL30Jan20305PE.NFO,07/01/2020,11:56:04,5.3,5.25,8100,5.45,5400,0,151200
TATAGLOBAL30Jan20305PE.NFO,07/01/2020,11:56:09,5.3,5.3,2700,5.45,5400,0,151200
TATAGLOBAL30Jan20305PE.NFO,07/01/2020,11:56:27,5.3,5.25,2700,5.45,5400,0,151200
TATAGLOBAL30Jan20305PE.NFO,07/01/2020,11:56:35,5.3,5.25,5400,5.45,5400,0,151200
TATAGLOBAL30Jan20305PE.NFO,07/01/2020,11:56:38,5.3,5.25,5400,5.45,2700,0,151200
TATAGLOBAL30Jan20305PE.NFO,07/01/2020,11:56:42,5.3,5.3,2700,5.45,5400,0,151200
TATAGLOBAL30Jan20305PE.NFO,07/01/2020,11:56:45,5.3,5.25,5400,5.45,5400,0,151200
TATAGLOBAL30Jan20305PE.NFO,07/01/2020,11:56:48,5.3,5.3,2700,5.45,2700,0,151200
TATAGLOBAL30Jan20305PE.NFO,07/01/2020,11:57:15,5.3,5.25,2700,5.4,2700,0,151200
TATAGLOBAL30Jan20305PE.NFO,07/01/2020,11:57:19,5.3,5.25,5400,5.45,2700,0,151200
TATAGLOBAL30Jan20305PE.NFO,07/01/2020,11:57:31,5.3,5.3,2700,5.45,2700,0,151200
TATAGLOBAL30Jan20305PE.NFO,07/01/2020,11:57:35,5.3,5.25,2700,5.45,5400,0,151200
TATAGLOBAL30Jan20305PE.NFO,07/01/2020,11:57:40,5.3,5.25,2700,5.45,2700,0,151200
TATAGLOBAL30Jan20305PE.NFO,07/01/2020,11:57:45,5.3,5.25,2700,5.4,2700,0,151200
TATAGLOBAL30Jan20305PE.NFO,07/01/2020,11:57:51,5.3,5.3,2700,5.4,2700,0,151200
TATAGLOBAL30Jan20305PE.NFO,07/01/2020,11:57:56,5.3,5.3,2700,5.45,2700,0,151200
TATAGLOBAL30Jan20305PE.NFO,07/01/2020,11:58:00,5.3,5.25,2700,5.45,2700,0,151200
TATAGLOBAL30Jan20305PE.NFO,07/01/2020,11:58:05,5.3,5.25,2700,5.4,2700,0,151200
TATAGLOBAL30Jan20305PE.NFO,07/01/2020,11:58:36,5.3,5.2,2700,5.35,2700,0,151200
TATAGLOBAL30Jan20305PE.NFO,07/01/2020,11:58:40,5.3,5.2,5400,5.35,2700,0,151200
TATAGLOBAL30Jan20305PE.NFO,07/01/2020,11:58:44,5.3,5.2,5400,5.4,5400,0,151200
TATAGLOBAL30Jan20305PE.NFO,07/01/2020,11:58:48,5.3,5.2,2700,5.4,5400,0,151200
TATAGLOBAL30Jan20305PE.NFO,07/01/2020,11:58:56,5.3,5.2,2700,5.3,2700,0,151200
TATAGLOBAL30Jan20305PE.NFO,07/01/2020,11:58:59,5.3,5.2,2700,5.35,5400,0,151200
TATAGLOBAL30Jan20305PE.NFO,07/01/2020,11:59:47,5.3,5.25,2700,5.35,2700,0,151200
TATAGLOBAL30Jan20305PE.NFO,07/01/2020,12:00:35,5.3,5.25,5400,5.35,2700,0,151200
TATAGLOBAL30Jan20305PE.NFO,07/01/2020,12:00:43,5.3,5.25,5400,5.4,5400,0,151200
TATAGLOBAL30Jan20305PE.NFO,07/01/2020,12:00:53,5.3,5.25,2700,5.4,5400,0,151200
TATAGLOBAL30Jan20305PE.NFO,07/01/2020,12:01:08,5.3,5.25,2700,5.4,2700,0,151200
TATAGLOBAL30Jan20305PE.NFO,07/01/2020,12:01:54,5.3,5.3,2700,5.5,5400,0,151200
TATAGLOBAL30Jan20305PE.NFO,07/01/2020,12:01:57,5.3,5.25,8100,5.4,2700,0,151200
TATAGLOBAL30Jan20305PE.NFO,07/01/2020,12:02:03,5.3,5.25,5400,5.45,8100,0,151200
TATAGLOBAL30Jan20305PE.NFO,07/01/2020,12:02:20,5.3,5.25,5400,5.45,5400,0,151200
TATAGLOBAL30Jan20305PE.NFO,07/01/2020,12:02:30,5.3,5.25,5400,5.4,5400,0,151200
TATAGLOBAL30Jan20305PE.NFO,07/01/2020,12:02:44,5.3,5.25,2700,5.4,5400,0,151200
TATAGLOBAL30Jan20305PE.NFO,07/01/2020,12:03:23,5.3,5.3,2700,5.45,2700,0,151200
TATAGLOBAL30Jan20305PE.NFO,07/01/2020,12:03:29,5.3,5.3,5400,5.45,2700,0,151200
TATAGLOBAL30Jan20305PE.NFO,07/01/2020,12:03:39,5.3,5.3,2700,5.45,2700,0,151200
TATAGLOBAL30Jan20305PE.NFO,07/01/2020,12:04:08,5.3,5.3,5400,5.5,5400,0,151200
TATAGLOBAL30Jan20305PE.NFO,07/01/2020,12:04:41,5.3,5.3,2700,5.45,2700,0,151200
TATAGLOBAL30Jan20305PE.NFO,07/01/2020,12:05:07,5.3,5.25,5400,5.45,2700,0,151200
TATAGLOBAL30Jan20305PE.NFO,07/01/2020,12:05:12,5.3,5.3,2700,5.45,2700,0,151200
TATAGLOBAL30Jan20305PE.NFO,07/01/2020,12:05:25,5.3,5.25,2700,5.4,2700,0,151200
TATAGLOBAL30Jan20305PE.NFO,07/01/2020,12:05:45,5.3,5.2,5400,5.35,2700,0,151200
TATAGLOBAL30Jan20305PE.NFO,07/01/2020,12:05:56,5.3,5.25,2700,5.4,2700,0,151200
TATAGLOBAL30Jan20305PE.NFO,07/01/2020,12:06:39,5.3,5.2,2700,5.35,2700,0,151200
TATAGLOBAL30Jan20305PE.NFO,07/01/2020,12:06:46,5.3,5.15,5400,5.35,2700,0,151200
TATAGLOBAL30Jan20305PE.NFO,07/01/2020,12:06:52,5.3,5.2,2700,5.35,5400,0,151200
TATAGLOBAL30Jan20305PE.NFO,07/01/2020,12:07:03,5.3,5.15,2700,5.35,8100,0,151200
TATAGLOBAL30Jan20305PE.NFO,07/01/2020,12:07:16,5.3,5.2,5400,5.4,2700,0,151200
TATAGLOBAL30Jan20305PE.NFO,07/01/2020,12:07:26,5.3,5.25,2700,5.4,2700,0,151200
TATAGLOBAL30Jan20305PE.NFO,07/01/2020,12:08:04,5.3,5.2,2700,5.35,5400,0,151200
TATAGLOBAL30Jan20305PE.NFO,07/01/2020,12:08:33,5.3,5.2,2700,5.35,2700,0,151200
TATAGLOBAL30Jan20305PE.NFO,07/01/2020,12:08:44,5.3,5.2,2700,5.35,5400,0,151200
TATAGLOBAL30Jan20305PE.NFO,07/01/2020,12:08:47,5.3,5.2,2700,5.35,2700,0,151200
TATAGLOBAL30Jan20305PE.NFO,07/01/2020,12:09:05,5.3,5.25,2700,5.4,2700,0,151200
TATAGLOBAL30Jan20305PE.NFO,07/01/2020,12:09:11,5.3,5.2,2700,5.35,2700,0,151200
TATAGLOBAL30Jan20305PE.NFO,07/01/2020,12:09:16,5.3,5.15,8100,5.35,2700,0,151200
TATAGLOBAL30Jan20305PE.NFO,07/01/2020,12:09:20,5.3,5.2,2700,5.35,2700,0,151200
TATAGLOBAL30Jan20305PE.NFO,07/01/2020,12:09:53,5.3,5.25,2700,5.4,2700,0,151200
TATAGLOBAL30Jan20305PE.NFO,07/01/2020,12:10:11,5.3,5.2,2700,5.35,5400,0,151200
TATAGLOBAL30Jan20305PE.NFO,07/01/2020,12:10:21,5.3,5.15,8100,5.35,5400,0,151200
TATAGLOBAL30Jan20305PE.NFO,07/01/2020,12:10:23,5.3,5.1,8100,5.3,5400,0,151200
TATAGLOBAL30Jan20305PE.NFO,07/01/2020,12:10:26,5.3,5.05,8100,5.25,8100,0,151200
TATAGLOBAL30Jan20305PE.NFO,07/01/2020,12:10:31,5.3,5.05,2700,5.2,5400,0,151200
TATAGLOBAL30Jan20305PE.NFO,07/01/2020,12:10:34,5.3,5,8100,5.2,10800,0,151200
TATAGLOBAL30Jan20305PE.NFO,07/01/2020,12:10:36,5.3,5,8100,5.2,8100,0,151200
TATAGLOBAL30Jan20305PE.NFO,07/01/2020,12:10:40,5.3,5,8100,5.2,10800,0,151200
TATAGLOBAL30Jan20305PE.NFO,07/01/2020,12:10:43,5.3,5,8100,5.15,2700,0,151200
TATAGLOBAL30Jan20305PE.NFO,07/01/2020,12:10:46,5.3,5,8100,5.15,5400,0,151200
TATAGLOBAL30Jan20305PE.NFO,07/01/2020,12:10:50,5.3,4.95,8100,5.15,10800,0,151200
TATAGLOBAL30Jan20305PE.NFO,07/01/2020,12:10:53,5.3,4.95,8100,5.15,8100,0,151200
TATAGLOBAL30Jan20305PE.NFO,07/01/2020,12:10:55,5.3,4.95,8100,5.15,5400,0,151200
TATAGLOBAL30Jan20305PE.NFO,07/01/2020,12:11:00,5.3,4.95,8100,5.15,2700,0,151200
TATAGLOBAL30Jan20305PE.NFO,07/01/2020,12:11:02,5.3,4.95,5400,5.1,5400,0,151200
TATAGLOBAL30Jan20305PE.NFO,07/01/2020,12:11:05,5.3,4.95,8100,5.15,2700,0,151200
TATAGLOBAL30Jan20305PE.NFO,07/01/2020,12:11:08,5.3,5,5400,5.15,2700,0,151200
TATAGLOBAL30Jan20305PE.NFO,07/01/2020,12:11:12,5.3,4.9,8100,5.1,5400,0,151200
TATAGLOBAL30Jan20305PE.NFO,07/01/2020,12:11:17,5.3,5,2700,5.15,5400,0,151200
TATAGLOBAL30Jan20305PE.NFO,07/01/2020,12:11:21,5.3,5.05,2700,5.2,2700,0,151200
TATAGLOBAL30Jan20305PE.NFO,07/01/2020,12:11:25,5.3,5.1,5400,5.25,2700,0,151200
TATAGLOBAL30Jan20305PE.NFO,07/01/2020,12:11:29,5.3,5.1,8100,5.25,2700,0,151200
TATAGLOBAL30Jan20305PE.NFO,07/01/2020,12:11:32,5.3,5.05,5400,5.25,8100,0,151200
TATAGLOBAL30Jan20305PE.NFO,07/01/2020,12:11:36,5.3,5.1,2700,5.25,8100,0,151200
TATAGLOBAL30Jan20305PE.NFO,07/01/2020,12:11:39,5.3,5.05,5400,5.25,8100,0,151200
TATAGLOBAL30Jan20305PE.NFO,07/01/2020,12:11:43,5.3,5.1,8100,5.3,2700,0,151200
TATAGLOBAL30Jan20305PE.NFO,07/01/2020,12:11:53,5.3,5.1,8100,5.3,5400,0,151200
TATAGLOBAL30Jan20305PE.NFO,07/01/2020,12:11:55,5.3,5.2,2700,5.35,5400,0,151200
TATAGLOBAL30Jan20305PE.NFO,07/01/2020,12:11:57,5.3,5.2,5400,5.35,5400,0,151200
TATAGLOBAL30Jan20305PE.NFO,07/01/2020,12:12:00,5.3,5.15,8100,5.35,5400,0,151200
TATAGLOBAL30Jan20305PE.NFO,07/01/2020,12:12:06,5.3,5.2,8100,5.4,8100,0,151200
TATAGLOBAL30Jan20305PE.NFO,07/01/2020,12:12:14,5.3,5.2,8100,5.4,2700,0,151200
TATAGLOBAL30Jan20305PE.NFO,07/01/2020,12:12:43,5.3,5.25,5400,5.4,2700,0,151200
TATAGLOBAL30Jan20305PE.NFO,07/01/2020,12:12:48,5.3,5.3,2700,5.45,5400,0,151200
TATAGLOBAL30Jan20305PE.NFO,07/01/2020,12:12:55,5.3,5.3,2700,5.45,2700,0,151200
TATAGLOBAL30Jan20305PE.NFO,07/01/2020,12:12:59,5.3,5.3,5400,5.45,2700,0,151200
TATAGLOBAL30Jan20305PE.NFO,07/01/2020,12:13:09,5.3,5.25,2700,5.4,5400,0,151200
TATAGLOBAL30Jan20305PE.NFO,07/01/2020,12:13:17,5.3,5.2,8100,5.4,5400,0,151200
TATAGLOBAL30Jan20305PE.NFO,07/01/2020,12:13:24,5.3,5.25,2700,5.4,5400,0,151200
TATAGLOBAL30Jan20305PE.NFO,07/01/2020,12:13:29,5.3,5.25,5400,5.4,5400,0,151200
TATAGLOBAL30Jan20305PE.NFO,07/01/2020,12:13:35,5.3,5.25,5400,5.4,2700,0,151200
TATAGLOBAL30Jan20305PE.NFO,07/01/2020,12:13:51,5.3,5.3,2700,5.45,8100,0,151200
TATAGLOBAL30Jan20305PE.NFO,07/01/2020,12:14:05,5.3,5.3,5400,5.5,5400,0,151200
TATAGLOBAL30Jan20305PE.NFO,07/01/2020,12:14:34,5.3,5.3,5400,5.45,2700,0,151200
TATAGLOBAL30Jan20305PE.NFO,07/01/2020,12:14:49,5.3,5.4,2700,5.55,8100,0,151200
TATAGLOBAL30Jan20305PE.NFO,07/01/2020,12:14:53,5.3,5.35,2700,5.5,10800,0,151200
TATAGLOBAL30Jan20305PE.NFO,07/01/2020,12:14:56,5.3,5.3,5400,5.5,10800,0,151200
TATAGLOBAL30Jan20305PE.NFO,07/01/2020,12:14:59,5.3,5.3,5400,5.5,8100,0,151200
TATAGLOBAL30Jan20305PE.NFO,07/01/2020,12:15:02,5.3,5.35,2700,5.5,8100,0,151200
TATAGLOBAL30Jan20305PE.NFO,07/01/2020,12:15:05,5.3,5.35,2700,5.5,5400,0,151200
TATAGLOBAL30Jan20305PE.NFO,07/01/2020,12:15:09,5.3,5.3,8100,5.5,5400,0,151200
TATAGLOBAL30Jan20305PE.NFO,07/01/2020,12:15:15,5.3,5.35,5400,5.5,2700,0,151200
TATAGLOBAL30Jan20305PE.NFO,07/01/2020,12:15:32,5.3,5.45,2700,5.6,5400,0,151200
TATAGLOBAL30Jan20305PE.NFO,07/01/2020,12:15:35,5.3,5.4,5400,5.55,2700,0,151200
TATAGLOBAL30Jan20305PE.NFO,07/01/2020,12:15:51,5.3,5.4,5400,5.55,5400,0,151200
TATAGLOBAL30Jan20305PE.NFO,07/01/2020,12:15:55,5.3,5.4,2700,5.55,5400,0,151200
TATAGLOBAL30Jan20305PE.NFO,07/01/2020,12:16:00,5.3,5.35,5400,5.55,10800,0,151200
TATAGLOBAL30Jan20305PE.NFO,07/01/2020,12:16:08,5.3,5.35,8100,5.55,5400,0,151200
TATAGLOBAL30Jan20305PE.NFO,07/01/2020,12:16:11,5.3,5.4,2700,5.55,10800,0,151200
TATAGLOBAL30Jan20305PE.NFO,07/01/2020,12:16:35,5.3,5.35,5400,5.55,8100,0,151200
TATAGLOBAL30Jan20305PE.NFO,07/01/2020,12:16:37,5.3,5.4,2700,5.55,5400,0,151200
TATAGLOBAL30Jan20305PE.NFO,07/01/2020,12:16:45,5.3,5.4,2700,5.55,2700,0,151200
TATAGLOBAL30Jan20305PE.NFO,07/01/2020,12:16:47,5.3,5.4,2700,5.55,5400,0,151200
TATAGLOBAL30Jan20305PE.NFO,07/01/2020,12:16:50,5.3,5.4,2700,5.55,2700,0,151200
TATAGLOBAL30Jan20305PE.NFO,07/01/2020,12:17:15,5.3,5.4,5400,5.55,2700,0,151200
TATAGLOBAL30Jan20305PE.NFO,07/01/2020,12:17:20,5.3,5.4,2700,5.55,2700,0,151200
TATAGLOBAL30Jan20305PE.NFO,07/01/2020,12:17:26,5.3,5.4,2700,5.55,8100,0,151200
TATAGLOBAL30Jan20305PE.NFO,07/01/2020,12:17:28,5.3,5.4,2700,5.55,5400,0,151200
TATAGLOBAL30Jan20305PE.NFO,07/01/2020,12:17:33,5.3,5.4,2700,5.55,2700,0,151200
TATAGLOBAL30Jan20305PE.NFO,07/01/2020,12:17:49,5.3,5.4,5400,5.55,2700,0,151200
TATAGLOBAL30Jan20305PE.NFO,07/01/2020,12:17:55,5.3,5.4,2700,5.55,2700,0,151200
TATAGLOBAL30Jan20305PE.NFO,07/01/2020,12:18:01,5.3,5.45,5400,5.6,2700,0,151200
TATAGLOBAL30Jan20305PE.NFO,07/01/2020,12:18:12,5.3,5.45,2700,5.65,10800,0,151200
TATAGLOBAL30Jan20305PE.NFO,07/01/2020,12:18:18,5.3,5.45,2700,5.6,5400,0,151200
TATAGLOBAL30Jan20305PE.NFO,07/01/2020,12:18:20,5.3,5.35,5400,5.55,10800,0,151200
TATAGLOBAL30Jan20305PE.NFO,07/01/2020,12:18:24,5.3,5.35,2700,5.5,2700,0,151200
TATAGLOBAL30Jan20305PE.NFO,07/01/2020,12:18:28,5.3,5.3,5400,5.5,8100,0,151200
TATAGLOBAL30Jan20305PE.NFO,07/01/2020,12:18:31,5.3,5.35,2700,5.5,5400,0,151200
TATAGLOBAL30Jan20305PE.NFO,07/01/2020,12:18:34,5.3,5.4,2700,5.5,2700,0,151200
TATAGLOBAL30Jan20305PE.NFO,07/01/2020,12:18:40,5.3,5.35,2700,5.5,5400,0,151200
TATAGLOBAL30Jan20305PE.NFO,07/01/2020,12:18:46,5.3,5.35,5400,5.5,5400,0,151200
TATAGLOBAL30Jan20305PE.NFO,07/01/2020,12:18:49,5.3,5.3,5400,5.5,8100,0,151200
TATAGLOBAL30Jan20305PE.NFO,07/01/2020,12:18:52,5.3,5.3,5400,5.45,2700,0,151200
TATAGLOBAL30Jan20305PE.NFO,07/01/2020,12:19:00,5.3,5.35,2700,5.5,5400,0,151200
TATAGLOBAL30Jan20305PE.NFO,07/01/2020,12:19:06,5.3,5.3,2700,5.45,5400,0,151200
TATAGLOBAL30Jan20305PE.NFO,07/01/2020,12:19:11,5.3,5.35,5400,5.5,5400,0,151200
TATAGLOBAL30Jan20305PE.NFO,07/01/2020,12:19:20,5.3,5.35,2700,5.5,2700,0,151200
TATAGLOBAL30Jan20305PE.NFO,07/01/2020,12:19:22,5.3,5.35,2700,5.5,5400,0,151200
TATAGLOBAL30Jan20305PE.NFO,07/01/2020,12:19:36,5.3,5.35,2700,5.5,8100,0,151200
TATAGLOBAL30Jan20305PE.NFO,07/01/2020,12:19:42,5.3,5.35,2700,5.5,5400,0,151200
TATAGLOBAL30Jan20305PE.NFO,07/01/2020,12:19:47,5.3,5.35,2700,5.5,2700,0,151200
TATAGLOBAL30Jan20305PE.NFO,07/01/2020,12:19:52,5.3,5.35,5400,5.5,2700,0,151200
TATAGLOBAL30Jan20305PE.NFO,07/01/2020,12:20:11,5.3,5.4,5400,5.55,5400,0,151200
TATAGLOBAL30Jan20305PE.NFO,07/01/2020,12:20:18,5.3,5.4,5400,5.55,2700,0,151200
TATAGLOBAL30Jan20305PE.NFO,07/01/2020,12:20:41,5.3,5.4,2700,5.55,2700,0,151200
TATAGLOBAL30Jan20305PE.NFO,07/01/2020,12:20:55,5.3,5.45,2700,5.55,2700,0,151200
TATAGLOBAL30Jan20305PE.NFO,07/01/2020,12:21:03,5.3,5.4,2700,5.55,5400,0,151200
TATAGLOBAL30Jan20305PE.NFO,07/01/2020,12:21:10,5.3,5.4,5400,5.55,5400,0,151200
TATAGLOBAL30Jan20305PE.NFO,07/01/2020,12:21:13,5.3,5.4,5400,5.55,2700,0,151200
TATAGLOBAL30Jan20305PE.NFO,07/01/2020,12:21:19,5.3,5.5,2700,5.6,2700,0,151200
TATAGLOBAL30Jan20305PE.NFO,07/01/2020,12:21:36,5.3,5.5,2700,5.65,2700,0,151200
TATAGLOBAL30Jan20305PE.NFO,07/01/2020,12:21:50,5.3,5.5,5400,5.65,2700,0,151200
TATAGLOBAL30Jan20305PE.NFO,07/01/2020,12:21:57,5.3,5.55,2700,5.7,2700,0,151200
TATAGLOBAL30Jan20305PE.NFO,07/01/2020,12:22:05,5.3,5.5,5400,5.7,5400,0,151200
TATAGLOBAL30Jan20305PE.NFO,07/01/2020,12:22:19,5.3,5.45,2700,5.6,2700,0,151200
TATAGLOBAL30Jan20305PE.NFO,07/01/2020,12:22:29,5.3,5.5,2700,5.6,2700,0,151200
TATAGLOBAL30Jan20305PE.NFO,07/01/2020,12:22:32,5.3,5.5,2700,5.7,8100,0,151200
TATAGLOBAL30Jan20305PE.NFO,07/01/2020,12:22:34,5.3,5.5,2700,5.65,2700,0,151200
TATAGLOBAL30Jan20305PE.NFO,07/01/2020,12:22:45,5.3,5.5,2700,5.65,5400,0,151200
TATAGLOBAL30Jan20305PE.NFO,07/01/2020,12:22:48,5.3,5.5,2700,5.65,2700,0,151200
TATAGLOBAL30Jan20305PE.NFO,07/01/2020,12:22:57,5.3,5.5,2700,5.65,5400,0,151200
TATAGLOBAL30Jan20305PE.NFO,07/01/2020,12:23:02,5.3,5.45,2700,5.6,2700,0,151200
TATAGLOBAL30Jan20305PE.NFO,07/01/2020,12:23:18,5.3,5.4,2700,5.6,8100,0,151200
TATAGLOBAL30Jan20305PE.NFO,07/01/2020,12:23:23,5.3,5.4,2700,5.6,5400,0,151200
TATAGLOBAL30Jan20305PE.NFO,07/01/2020,12:23:33,5.3,5.4,2700,5.6,10800,0,151200
TATAGLOBAL30Jan20305PE.NFO,07/01/2020,12:23:39,5.3,5.4,2700,5.6,8100,0,151200
TATAGLOBAL30Jan20305PE.NFO,07/01/2020,12:23:41,5.3,5.45,5400,5.6,2700,0,151200
TATAGLOBAL30Jan20305PE.NFO,07/01/2020,12:23:46,5.3,5.45,2700,5.6,2700,0,151200
TATAGLOBAL30Jan20305PE.NFO,07/01/2020,12:24:15,5.3,5.45,2700,5.65,5400,0,151200
TATAGLOBAL30Jan20305PE.NFO,07/01/2020,12:24:21,5.3,5.5,5400,5.65,2700,0,151200
TATAGLOBAL30Jan20305PE.NFO,07/01/2020,12:24:25,5.3,5.45,2700,5.65,5400,0,151200
TATAGLOBAL30Jan20305PE.NFO,07/01/2020,12:24:37,5.3,5.45,2700,5.65,13500,0,151200
TATAGLOBAL30Jan20305PE.NFO,07/01/2020,12:24:40,5.3,5.45,2700,5.65,10800,0,151200
TATAGLOBAL30Jan20305PE.NFO,07/01/2020,12:24:56,5.3,5.4,5400,5.65,13500,0,151200
TATAGLOBAL30Jan20305PE.NFO,07/01/2020,12:25:07,5.3,5.5,2700,5.65,2700,0,151200
TATAGLOBAL30Jan20305PE.NFO,07/01/2020,12:25:08,5.3,5.5,5400,5.7,2700,0,151200
TATAGLOBAL30Jan20305PE.NFO,07/01/2020,12:25:10,5.3,5.5,5400,5.65,2700,0,151200
TATAGLOBAL30Jan20305PE.NFO,07/01/2020,12:25:40,5.3,5.45,2700,5.65,8100,0,151200
TATAGLOBAL30Jan20305PE.NFO,07/01/2020,12:25:43,5.3,5.45,2700,5.65,5400,0,151200
TATAGLOBAL30Jan20305PE.NFO,07/01/2020,12:25:46,5.3,5.45,2700,5.65,2700,0,151200
TATAGLOBAL30Jan20305PE.NFO,07/01/2020,12:25:48,5.3,5.45,2700,5.65,5400,0,151200
TATAGLOBAL30Jan20305PE.NFO,07/01/2020,12:25:51,5.3,5.45,2700,5.65,8100,0,151200
TATAGLOBAL30Jan20305PE.NFO,07/01/2020,12:26:03,5.3,5.5,2700,5.65,5400,0,151200
TATAGLOBAL30Jan20305PE.NFO,07/01/2020,12:26:23,5.3,5.5,5400,5.7,5400,0,151200
TATAGLOBAL30Jan20305PE.NFO,07/01/2020,12:26:31,5.3,5.5,5400,5.7,2700,0,151200
TATAGLOBAL30Jan20305PE.NFO,07/01/2020,12:26:34,5.3,5.5,8100,5.75,8100,0,151200
TATAGLOBAL30Jan20305PE.NFO,07/01/2020,12:26:42,5.3,5.6,2700,5.75,2700,0,151200
TATAGLOBAL30Jan20305PE.NFO,07/01/2020,12:26:47,5.3,5.55,5400,5.75,2700,0,151200
TATAGLOBAL30Jan20305PE.NFO,07/01/2020,12:26:53,5.3,5.6,5400,5.75,5400,0,151200
TATAGLOBAL30Jan20305PE.NFO,07/01/2020,12:27:01,5.3,5.55,2700,5.75,10800,0,151200
TATAGLOBAL30Jan20305PE.NFO,07/01/2020,12:27:12,5.3,5.55,2700,5.75,8100,0,151200
TATAGLOBAL30Jan20305PE.NFO,07/01/2020,12:27:16,5.3,5.5,2700,5.7,8100,0,151200
TATAGLOBAL30Jan20305PE.NFO,07/01/2020,12:27:20,5.3,5.55,2700,5.7,2700,0,151200
TATAGLOBAL30Jan20305PE.NFO,07/01/2020,12:27:22,5.3,5.55,2700,5.7,5400,0,151200
TATAGLOBAL30Jan20305PE.NFO,07/01/2020,12:27:33,5.3,5.5,2700,5.7,5400,0,151200
TATAGLOBAL30Jan20305PE.NFO,07/01/2020,12:27:36,5.3,5.5,2700,5.7,2700,0,151200
TATAGLOBAL30Jan20305PE.NFO,07/01/2020,12:27:38,5.3,5.55,2700,5.75,8100,0,151200
TATAGLOBAL30Jan20305PE.NFO,07/01/2020,12:27:44,5.3,5.5,2700,5.7,2700,0,151200
TATAGLOBAL30Jan20305PE.NFO,07/01/2020,12:27:57,5.3,5.55,2700,5.75,8100,0,151200
TATAGLOBAL30Jan20305PE.NFO,07/01/2020,12:28:03,5.3,5.5,2700,5.75,8100,0,151200
TATAGLOBAL30Jan20305PE.NFO,07/01/2020,12:28:05,5.3,5.55,5400,5.75,8100,0,151200
TATAGLOBAL30Jan20305PE.NFO,07/01/2020,12:28:09,5.3,5.55,2700,5.75,8100,0,151200
TATAGLOBAL30Jan20305PE.NFO,07/01/2020,12:28:15,5.3,5.5,5400,5.75,8100,0,151200
TATAGLOBAL30Jan20305PE.NFO,07/01/2020,12:28:18,5.3,5.5,2700,5.7,8100,0,151200
TATAGLOBAL30Jan20305PE.NFO,07/01/2020,12:28:32,5.3,5.55,2700,5.7,2700,0,151200
TATAGLOBAL30Jan20305PE.NFO,07/01/2020,12:28:42,5.3,5.55,2700,5.75,8100,0,151200
TATAGLOBAL30Jan20305PE.NFO,07/01/2020,12:28:53,5.3,5.55,2700,5.7,2700,0,151200
TATAGLOBAL30Jan20305PE.NFO,07/01/2020,12:28:59,5.3,5.55,2700,5.75,2700,0,151200
TATAGLOBAL30Jan20305PE.NFO,07/01/2020,12:29:11,5.3,5.55,2700,5.75,5400,0,151200
TATAGLOBAL30Jan20305PE.NFO,07/01/2020,12:29:20,5.3,5.5,5400,5.75,8100,0,151200
TATAGLOBAL30Jan20305PE.NFO,07/01/2020,12:29:24,5.3,5.5,8100,5.75,8100,0,151200
TATAGLOBAL30Jan20305PE.NFO,07/01/2020,12:29:30,5.3,5.5,8100,5.75,5400,0,151200
TATAGLOBAL30Jan20305PE.NFO,07/01/2020,12:29:53,5.3,5.5,2700,5.7,5400,0,151200
TATAGLOBAL30Jan20305PE.NFO,07/01/2020,12:29:58,5.3,5.5,2700,5.7,2700,0,151200
TATAGLOBAL30Jan20305PE.NFO,07/01/2020,12:30:02,5.3,5.55,5400,5.75,5400,0,151200
TATAGLOBAL30Jan20305PE.NFO,07/01/2020,12:30:08,5.3,5.55,5400,5.75,8100,0,151200
TATAGLOBAL30Jan20305PE.NFO,07/01/2020,12:30:18,5.3,5.55,5400,5.75,5400,0,151200
TATAGLOBAL30Jan20305PE.NFO,07/01/2020,12:30:22,5.3,5.55,5400,5.75,8100,0,151200
TATAGLOBAL30Jan20305PE.NFO,07/01/2020,12:30:28,5.3,5.55,5400,5.7,2700,0,151200
TATAGLOBAL30Jan20305PE.NFO,07/01/2020,12:30:38,5.3,5.55,2700,5.7,2700,0,151200
TATAGLOBAL30Jan20305PE.NFO,07/01/2020,12:30:42,5.3,5.5,2700,5.7,5400,0,151200
TATAGLOBAL30Jan20305PE.NFO,07/01/2020,12:30:52,5.3,5.5,2700,5.7,8100,0,151200
TATAGLOBAL30Jan20305PE.NFO,07/01/2020,12:30:58,5.3,5.5,2700,5.65,2700,0,151200
TATAGLOBAL30Jan20305PE.NFO,07/01/2020,12:31:03,5.3,5.5,2700,5.7,5400,0,151200
TATAGLOBAL30Jan20305PE.NFO,07/01/2020,12:31:16,5.3,5.55,2700,5.7,5400,0,151200
TATAGLOBAL30Jan20305PE.NFO,07/01/2020,12:31:19,5.3,5.5,2700,5.7,5400,0,151200
TATAGLOBAL30Jan20305PE.NFO,07/01/2020,12:31:33,5.3,5.5,2700,5.7,8100,0,151200
TATAGLOBAL30Jan20305PE.NFO,07/01/2020,12:31:37,5.3,5.55,2700,5.7,8100,0,151200
TATAGLOBAL30Jan20305PE.NFO,07/01/2020,12:31:43,5.3,5.5,2700,5.7,2700,0,151200
TATAGLOBAL30Jan20305PE.NFO,07/01/2020,12:31:59,5.3,5.55,2700,5.7,2700,0,151200
TATAGLOBAL30Jan20305PE.NFO,07/01/2020,12:32:04,5.3,5.55,5400,5.7,2700,0,151200
TATAGLOBAL30Jan20305PE.NFO,07/01/2020,12:32:15,5.3,5.55,2700,5.7,8100,0,151200
TATAGLOBAL30Jan20305PE.NFO,07/01/2020,12:32:31,5.3,5.55,5400,5.75,8100,0,151200
TATAGLOBAL30Jan20305PE.NFO,07/01/2020,12:32:37,5.3,5.6,2700,5.75,8100,0,151200
TATAGLOBAL30Jan20305PE.NFO,07/01/2020,12:32:42,5.3,5.55,2700,5.7,2700,0,151200
TATAGLOBAL30Jan20305PE.NFO,07/01/2020,12:32:47,5.3,5.55,2700,5.75,5400,0,151200
TATAGLOBAL30Jan20305PE.NFO,07/01/2020,12:33:01,5.3,5.6,2700,5.75,5400,0,151200
TATAGLOBAL30Jan20305PE.NFO,07/01/2020,12:33:06,5.3,5.55,2700,5.7,2700,0,151200
TATAGLOBAL30Jan20305PE.NFO,07/01/2020,12:33:14,5.3,5.5,5400,5.7,5400,0,151200
TATAGLOBAL30Jan20305PE.NFO,07/01/2020,12:33:25,5.3,5.5,5400,5.7,2700,0,151200
TATAGLOBAL30Jan20305PE.NFO,07/01/2020,12:33:28,5.3,5.5,5400,5.7,5400,0,151200
TATAGLOBAL30Jan20305PE.NFO,07/01/2020,12:33:33,5.3,5.5,5400,5.7,2700,0,151200
TATAGLOBAL30Jan20305PE.NFO,07/01/2020,12:33:53,5.3,5.55,5400,5.7,2700,0,151200
TATAGLOBAL30Jan20305PE.NFO,07/01/2020,12:34:06,5.3,5.6,2700,5.7,5400,0,151200
TATAGLOBAL30Jan20305PE.NFO,07/01/2020,12:34:10,5.3,5.6,2700,5.7,8100,0,151200
TATAGLOBAL30Jan20305PE.NFO,07/01/2020,12:34:17,5.3,5.6,2700,5.7,5400,0,151200
TATAGLOBAL30Jan20305PE.NFO,07/01/2020,12:34:33,5.6,5.5,2700,5.65,2700,2700,153900
TATAGLOBAL30Jan20305PE.NFO,07/01/2020,12:34:33,5.6,5.5,2700,5.65,2700,0,153900
TATAGLOBAL30Jan20305PE.NFO,07/01/2020,12:34:53,5.6,5.4,5400,5.6,8100,0,153900
TATAGLOBAL30Jan20305PE.NFO,07/01/2020,12:34:59,5.6,5.4,2700,5.6,8100,0,153900
TATAGLOBAL30Jan20305PE.NFO,07/01/2020,12:35:15,5.6,5.35,8100,5.6,8100,0,153900
TATAGLOBAL30Jan20305PE.NFO,07/01/2020,12:35:19,5.6,5.4,2700,5.6,8100,0,153900
TATAGLOBAL30Jan20305PE.NFO,07/01/2020,12:35:28,5.6,5.45,2700,5.6,8100,0,153900
TATAGLOBAL30Jan20305PE.NFO,07/01/2020,12:35:31,5.6,5.4,2700,5.6,8100,0,153900
TATAGLOBAL30Jan20305PE.NFO,07/01/2020,12:35:39,5.6,5.45,2700,5.6,5400,0,153900
TATAGLOBAL30Jan20305PE.NFO,07/01/2020,12:35:46,5.6,5.5,2700,5.6,2700,0,153900
TATAGLOBAL30Jan20305PE.NFO,07/01/2020,12:35:48,5.6,5.45,2700,5.6,2700,0,153900
TATAGLOBAL30Jan20305PE.NFO,07/01/2020,12:35:58,5.6,5.5,2700,5.6,2700,0,153900
TATAGLOBAL30Jan20305PE.NFO,07/01/2020,12:36:06,5.6,5.45,2700,5.6,5400,0,153900
TATAGLOBAL30Jan20305PE.NFO,07/01/2020,12:36:28,5.6,5.45,2700,5.6,2700,0,153900
TATAGLOBAL30Jan20305PE.NFO,07/01/2020,12:36:32,5.6,5.4,2700,5.6,5400,0,153900
TATAGLOBAL30Jan20305PE.NFO,07/01/2020,12:36:59,5.6,5.45,2700,5.6,5400,0,153900
TATAGLOBAL30Jan20305PE.NFO,07/01/2020,12:37:45,5.6,5.4,2700,5.55,5400,0,153900
TATAGLOBAL30Jan20305PE.NFO,07/01/2020,12:38:00,5.6,5.35,2700,5.55,5400,0,153900
TATAGLOBAL30Jan20305PE.NFO,07/01/2020,12:38:26,5.6,5.35,2700,5.55,8100,0,153900
TATAGLOBAL30Jan20305PE.NFO,07/01/2020,12:38:29,5.6,5.4,2700,5.55,8100,0,153900
TATAGLOBAL30Jan20305PE.NFO,07/01/2020,12:38:34,5.6,5.4,5400,5.55,8100,0,153900
TATAGLOBAL30Jan20305PE.NFO,07/01/2020,12:38:46,5.6,5.35,2700,5.55,8100,0,153900
TATAGLOBAL30Jan20305PE.NFO,07/01/2020,12:38:51,5.6,5.4,2700,5.55,8100,0,153900
TATAGLOBAL30Jan20305PE.NFO,07/01/2020,12:39:14,5.6,5.4,2700,5.5,2700,0,153900
TATAGLOBAL30Jan20305PE.NFO,07/01/2020,12:39:18,5.6,5.4,5400,5.5,2700,0,153900
TATAGLOBAL30Jan20305PE.NFO,07/01/2020,12:40:08,5.6,5.35,5400,5.5,2700,0,153900
TATAGLOBAL30Jan20305PE.NFO,07/01/2020,12:40:10,5.6,5.35,2700,5.5,2700,0,153900
TATAGLOBAL30Jan20305PE.NFO,07/01/2020,12:40:19,5.6,5.35,2700,5.5,5400,0,153900
TATAGLOBAL30Jan20305PE.NFO,07/01/2020,12:40:52,5.6,5.35,5400,5.5,5400,0,153900
TATAGLOBAL30Jan20305PE.NFO,07/01/2020,12:42:12,5.6,5.35,5400,5.5,2700,0,153900
TATAGLOBAL30Jan20305PE.NFO,07/01/2020,12:42:53,5.6,5.35,5400,5.5,5400,0,153900
TATAGLOBAL30Jan20305PE.NFO,07/01/2020,12:42:57,5.6,5.35,5400,5.5,8100,0,153900
TATAGLOBAL30Jan20305PE.NFO,07/01/2020,12:43:57,5.6,5.3,5400,5.5,8100,0,153900
TATAGLOBAL30Jan20305PE.NFO,07/01/2020,12:43:59,5.6,5.35,2700,5.5,8100,0,153900
TATAGLOBAL30Jan20305PE.NFO,07/01/2020,12:45:09,5.6,5.3,2700,5.45,10800,0,153900
TATAGLOBAL30Jan20305PE.NFO,07/01/2020,12:45:22,5.6,5.2,2700,5.35,5400,0,153900
TATAGLOBAL30Jan20305PE.NFO,07/01/2020,12:45:30,5.6,5.15,8100,5.35,5400,0,153900
TATAGLOBAL30Jan20305PE.NFO,07/01/2020,12:45:32,5.6,5.15,2700,5.3,5400,0,153900
TATAGLOBAL30Jan20305PE.NFO,07/01/2020,12:45:35,5.6,5.2,2700,5.35,5400,0,153900
TATAGLOBAL30Jan20305PE.NFO,07/01/2020,12:45:47,5.6,5.2,2700,5.3,2700,0,153900
TATAGLOBAL30Jan20305PE.NFO,07/01/2020,12:45:53,5.6,5.15,2700,5.3,5400,0,153900
TATAGLOBAL30Jan20305PE.NFO,07/01/2020,12:46:14,5.6,5.15,2700,5.3,8100,0,153900
TATAGLOBAL30Jan20305PE.NFO,07/01/2020,12:46:24,5.6,5.1,5400,5.3,8100,0,153900
TATAGLOBAL30Jan20305PE.NFO,07/01/2020,12:47:05,5.6,5.1,2700,5.25,5400,0,153900
TATAGLOBAL30Jan20305PE.NFO,07/01/2020,12:47:24,5.6,5.05,2700,5.25,5400,0,153900
TATAGLOBAL30Jan20305PE.NFO,07/01/2020,12:47:27,5.6,5.1,5400,5.25,5400,0,153900
TATAGLOBAL30Jan20305PE.NFO,07/01/2020,12:48:01,5.6,5.05,2700,5.2,5400,0,153900
TATAGLOBAL30Jan20305PE.NFO,07/01/2020,12:48:06,5.6,5.1,2700,5.2,5400,0,153900
TATAGLOBAL30Jan20305PE.NFO,07/01/2020,12:48:22,5.6,5.05,2700,5.2,5400,0,153900
TATAGLOBAL30Jan20305PE.NFO,07/01/2020,12:48:33,5.6,5.05,2700,5.15,5400,0,153900
TATAGLOBAL30Jan20305PE.NFO,07/01/2020,12:48:47,5.6,5.05,2700,5.15,2700,0,153900
TATAGLOBAL30Jan20305PE.NFO,07/01/2020,12:48:59,5.6,5,5400,5.15,2700,0,153900
TATAGLOBAL30Jan20305PE.NFO,07/01/2020,12:49:05,5.6,5.05,2700,5.2,5400,0,153900
TATAGLOBAL30Jan20305PE.NFO,07/01/2020,12:49:15,5.6,5.05,2700,5.2,8100,0,153900
TATAGLOBAL30Jan20305PE.NFO,07/01/2020,12:49:28,5.6,5,5400,5.15,5400,0,153900
TATAGLOBAL30Jan20305PE.NFO,07/01/2020,12:49:31,5.6,5,2700,5.15,5400,0,153900
TATAGLOBAL30Jan20305PE.NFO,07/01/2020,12:49:34,5.6,5.05,2700,5.15,5400,0,153900
TATAGLOBAL30Jan20305PE.NFO,07/01/2020,12:49:37,5.6,5,2700,5.15,5400,0,153900
TATAGLOBAL30Jan20305PE.NFO,07/01/2020,12:49:43,5.6,5,2700,5.2,8100,0,153900
TATAGLOBAL30Jan20305PE.NFO,07/01/2020,12:49:47,5.6,4.9,2700,5.05,5400,0,153900
TATAGLOBAL30Jan20305PE.NFO,07/01/2020,12:49:54,5.6,4.9,5400,5.05,5400,0,153900
TATAGLOBAL30Jan20305PE.NFO,07/01/2020,12:50:02,5.6,4.9,5400,5.05,2700,0,153900
TATAGLOBAL30Jan20305PE.NFO,07/01/2020,12:50:08,5.6,4.9,5400,5.05,5400,0,153900
TATAGLOBAL30Jan20305PE.NFO,07/01/2020,12:50:11,5.6,4.85,8100,5.05,5400,0,153900
TATAGLOBAL30Jan20305PE.NFO,07/01/2020,12:50:15,5.6,4.9,2700,5.05,8100,0,153900
TATAGLOBAL30Jan20305PE.NFO,07/01/2020,12:50:16,5.6,4.85,2700,5,2700,0,153900
TATAGLOBAL30Jan20305PE.NFO,07/01/2020,12:50:20,5.6,4.9,2700,5.05,8100,0,153900
TATAGLOBAL30Jan20305PE.NFO,07/01/2020,12:50:21,5.6,4.85,2700,5,2700,0,153900
TATAGLOBAL30Jan20305PE.NFO,07/01/2020,12:50:22,5.6,4.85,2700,5,5400,0,153900
TATAGLOBAL30Jan20305PE.NFO,07/01/2020,12:50:53,5.6,4.85,5400,5,5400,0,153900
TATAGLOBAL30Jan20305PE.NFO,07/01/2020,12:50:59,5.6,4.85,2700,5.05,10800,0,153900
TATAGLOBAL30Jan20305PE.NFO,07/01/2020,12:51:06,5.6,4.9,2700,5.05,8100,0,153900
TATAGLOBAL30Jan20305PE.NFO,07/01/2020,12:51:10,5.6,4.85,5400,5,2700,0,153900
TATAGLOBAL30Jan20305PE.NFO,07/01/2020,12:51:28,5.6,4.85,2700,5,2700,0,153900
TATAGLOBAL30Jan20305PE.NFO,07/01/2020,12:51:32,5.6,4.9,2700,5,5400,0,153900
TATAGLOBAL30Jan20305PE.NFO,07/01/2020,12:51:35,5.6,4.85,2700,5,2700,0,153900
TATAGLOBAL30Jan20305PE.NFO,07/01/2020,12:51:38,5.6,4.85,2700,5,8100,0,153900
TATAGLOBAL30Jan20305PE.NFO,07/01/2020,12:51:51,5.6,4.9,2700,5,8100,0,153900
TATAGLOBAL30Jan20305PE.NFO,07/01/2020,12:52:00,5.6,4.85,5400,5,8100,0,153900
TATAGLOBAL30Jan20305PE.NFO,07/01/2020,12:52:09,5.6,4.85,5400,4.95,2700,0,153900
TATAGLOBAL30Jan20305PE.NFO,07/01/2020,12:52:12,5.6,4.85,5400,5,8100,0,153900
TATAGLOBAL30Jan20305PE.NFO,07/01/2020,12:52:15,5.6,4.85,5400,4.95,2700,0,153900
TATAGLOBAL30Jan20305PE.NFO,07/01/2020,12:52:17,5.6,4.85,8100,5,2700,0,153900
TATAGLOBAL30Jan20305PE.NFO,07/01/2020,12:53:03,5.6,4.85,8100,5,5400,0,153900
TATAGLOBAL30Jan20305PE.NFO,07/01/2020,12:53:19,5.6,4.85,8100,5,2700,0,153900
TATAGLOBAL30Jan20305PE.NFO,07/01/2020,12:53:22,5.6,4.85,8100,5,5400,0,153900
TATAGLOBAL30Jan20305PE.NFO,07/01/2020,12:53:41,5.6,4.85,8100,5,2700,0,153900
TATAGLOBAL30Jan20305PE.NFO,07/01/2020,12:53:48,5.6,4.8,5400,4.95,2700,0,153900
TATAGLOBAL30Jan20305PE.NFO,07/01/2020,12:54:27,5.6,4.85,8100,5,8100,0,153900
TATAGLOBAL30Jan20305PE.NFO,07/01/2020,12:54:32,5.6,4.85,8100,5,5400,0,153900
TATAGLOBAL30Jan20305PE.NFO,07/01/2020,12:54:52,5.6,4.85,5400,4.95,2700,0,153900
TATAGLOBAL30Jan20305PE.NFO,07/01/2020,12:55:01,5.6,4.8,5400,4.95,2700,0,153900
TATAGLOBAL30Jan20305PE.NFO,07/01/2020,12:56:04,5.6,4.85,2700,4.95,5400,0,153900
TATAGLOBAL30Jan20305PE.NFO,07/01/2020,12:56:31,5.6,4.8,5400,4.9,2700,0,153900
TATAGLOBAL30Jan20305PE.NFO,07/01/2020,12:56:37,5.6,4.75,8100,4.9,5400,0,153900
TATAGLOBAL30Jan20305PE.NFO,07/01/2020,12:56:45,5.6,4.8,2700,4.9,2700,0,153900
TATAGLOBAL30Jan20305PE.NFO,07/01/2020,12:56:49,5.6,4.75,8100,4.9,5400,0,153900
TATAGLOBAL30Jan20305PE.NFO,07/01/2020,12:56:57,5.6,4.75,8100,4.85,2700,0,153900
TATAGLOBAL30Jan20305PE.NFO,07/01/2020,12:56:59,5.6,4.75,8100,4.9,5400,0,153900
TATAGLOBAL30Jan20305PE.NFO,07/01/2020,12:57:00,5.6,4.75,8100,4.85,2700,0,153900
TATAGLOBAL30Jan20305PE.NFO,07/01/2020,12:57:05,5.6,4.75,5400,4.85,2700,0,153900
TATAGLOBAL30Jan20305PE.NFO,07/01/2020,12:57:16,5.6,4.75,2700,4.85,2700,0,153900
TATAGLOBAL30Jan20305PE.NFO,07/01/2020,12:57:21,5.6,4.75,2700,4.8,2700,0,153900
TATAGLOBAL30Jan20305PE.NFO,07/01/2020,12:57:29,5.6,4.8,2700,4.85,2700,0,153900
TATAGLOBAL30Jan20305PE.NFO,07/01/2020,12:57:40,5.6,4.8,2700,4.9,5400,0,153900
TATAGLOBAL30Jan20305PE.NFO,07/01/2020,12:57:51,5.6,4.75,8100,4.9,2700,0,153900
TATAGLOBAL30Jan20305PE.NFO,07/01/2020,12:58:00,5.6,4.8,5400,4.9,5400,0,153900
TATAGLOBAL30Jan20305PE.NFO,07/01/2020,12:58:08,5.6,4.8,2700,4.9,5400,0,153900
TATAGLOBAL30Jan20305PE.NFO,07/01/2020,12:58:33,5.6,4.75,2700,4.8,2700,0,153900
TATAGLOBAL30Jan20305PE.NFO,07/01/2020,12:58:38,5.6,4.75,5400,4.8,2700,0,153900
TATAGLOBAL30Jan20305PE.NFO,07/01/2020,12:58:46,5.6,4.75,2700,4.8,2700,0,153900
TATAGLOBAL30Jan20305PE.NFO,07/01/2020,12:58:58,5.6,4.75,5400,4.8,2700,0,153900
TATAGLOBAL30Jan20305PE.NFO,07/01/2020,12:59:02,5.6,4.75,2700,4.8,2700,0,153900
TATAGLOBAL30Jan20305PE.NFO,07/01/2020,12:59:06,4.75,4.7,2700,4.8,5400,2700,153900
TATAGLOBAL30Jan20305PE.NFO,07/01/2020,12:59:10,4.75,4.75,2700,4.8,5400,0,153900
TATAGLOBAL30Jan20305PE.NFO,07/01/2020,12:59:24,4.75,4.75,2700,4.8,2700,0,153900
TATAGLOBAL30Jan20305PE.NFO,07/01/2020,12:59:32,4.75,4.75,2700,4.8,5400,0,153900
TATAGLOBAL30Jan20305PE.NFO,07/01/2020,13:00:04,4.75,4.75,5400,4.85,2700,0,153900
TATAGLOBAL30Jan20305PE.NFO,07/01/2020,13:00:09,4.75,4.75,8100,4.9,5400,0,153900
TATAGLOBAL30Jan20305PE.NFO,07/01/2020,13:00:18,4.75,4.8,8100,4.9,2700,0,153900
TATAGLOBAL30Jan20305PE.NFO,07/01/2020,13:00:25,4.75,4.8,8100,4.95,8100,0,153900
TATAGLOBAL30Jan20305PE.NFO,07/01/2020,13:00:35,4.75,4.8,8100,4.9,5400,0,153900
TATAGLOBAL30Jan20305PE.NFO,07/01/2020,13:00:39,4.75,4.8,8100,4.95,8100,0,153900
TATAGLOBAL30Jan20305PE.NFO,07/01/2020,13:00:48,4.75,4.75,5400,4.85,2700,0,153900
TATAGLOBAL30Jan20305PE.NFO,07/01/2020,13:00:53,4.75,4.8,5400,4.95,10800,0,153900
TATAGLOBAL30Jan20305PE.NFO,07/01/2020,13:01:02,4.75,4.8,5400,4.95,2700,0,153900
TATAGLOBAL30Jan20305PE.NFO,07/01/2020,13:01:09,4.75,4.8,8100,4.95,2700,0,153900
TATAGLOBAL30Jan20305PE.NFO,07/01/2020,13:01:30,4.75,4.85,2700,4.95,2700,0,153900
TATAGLOBAL30Jan20305PE.NFO,07/01/2020,13:01:43,4.75,4.85,5400,5,8100,0,153900
TATAGLOBAL30Jan20305PE.NFO,07/01/2020,13:01:53,4.75,4.85,2700,4.95,2700,0,153900
TATAGLOBAL30Jan20305PE.NFO,07/01/2020,13:01:59,4.75,4.8,5400,4.95,8100,0,153900
TATAGLOBAL30Jan20305PE.NFO,07/01/2020,13:02:06,4.75,4.8,2700,4.9,10800,0,153900
TATAGLOBAL30Jan20305PE.NFO,07/01/2020,13:02:12,4.75,4.75,8100,4.9,8100,0,153900
TATAGLOBAL30Jan20305PE.NFO,07/01/2020,13:02:16,4.75,4.8,5400,4.95,10800,0,153900
TATAGLOBAL30Jan20305PE.NFO,07/01/2020,13:02:36,4.75,4.8,8100,4.95,5400,0,153900
TATAGLOBAL30Jan20305PE.NFO,07/01/2020,13:02:41,4.75,4.9,2700,5,5400,0,153900
TATAGLOBAL30Jan20305PE.NFO,07/01/2020,13:02:56,4.75,4.9,2700,5.05,10800,0,153900
TATAGLOBAL30Jan20305PE.NFO,07/01/2020,13:03:00,4.75,4.9,5400,5.05,10800,0,153900
TATAGLOBAL30Jan20305PE.NFO,07/01/2020,13:03:13,4.75,4.9,5400,5.05,8100,0,153900
TATAGLOBAL30Jan20305PE.NFO,07/01/2020,13:03:38,4.75,4.9,5400,5.05,10800,0,153900
TATAGLOBAL30Jan20305PE.NFO,07/01/2020,13:03:53,4.75,4.9,5400,5.05,8100,0,153900
