Ticker,Date,Time,LTP,BuyPrice,BuyQty,SellPrice,SellQty,LTQ,OpenInterest
TATAMOTORS30Jan20120CE.NFO,07/01/2020,09:19:10,69,67.8,4300,69.7,30100,4300,64500
TATAMOTORS30Jan20120CE.NFO,07/01/2020,09:19:10,69,67.8,4300,69.7,30100,0,64500
TATAMOTORS30Jan20120CE.NFO,07/01/2020,09:19:10,69,67.8,4300,69.7,30100,0,64500
TATAMOTORS30Jan20120CE.NFO,07/01/2020,09:19:10,69,67.8,4300,69.7,30100,0,64500
TATAMOTORS30Jan20120CE.NFO,07/01/2020,09:19:19,69,67.8,12900,69.7,30100,0,64500
TATAMOTORS30Jan20120CE.NFO,07/01/2020,09:19:28,69,68.3,30100,69.7,21500,0,64500
TATAMOTORS30Jan20120CE.NFO,07/01/2020,09:19:36,69,68.3,4300,69.7,30100,0,64500
TATAMOTORS30Jan20120CE.NFO,07/01/2020,09:20:08,69,68.3,30100,79.55,98900,0,64500
TATAMOTORS30Jan20120CE.NFO,07/01/2020,09:20:16,69,68.3,30100,69.65,4300,0,64500
TATAMOTORS30Jan20120CE.NFO,07/01/2020,09:20:23,69,68.3,30100,70.35,4300,0,64500
TATAMOTORS30Jan20120CE.NFO,07/01/2020,09:20:54,69,68.65,21500,70.35,4300,0,64500
TATAMOTORS30Jan20120CE.NFO,07/01/2020,09:21:02,69,68.65,30100,70.35,4300,0,64500
TATAMOTORS30Jan20120CE.NFO,07/01/2020,09:21:10,69,68.65,12900,70.35,12900,0,64500
TATAMOTORS30Jan20120CE.NFO,07/01/2020,09:21:18,69,68.65,21500,70.35,12900,0,64500
TATAMOTORS30Jan20120CE.NFO,07/01/2020,09:21:25,69,68.65,4300,70.35,12900,0,64500
TATAMOTORS30Jan20120CE.NFO,07/01/2020,09:21:41,69,68.25,4300,69.75,30100,0,64500
TATAMOTORS30Jan20120CE.NFO,07/01/2020,09:21:49,69,68.25,30100,69.75,30100,0,64500
TATAMOTORS30Jan20120CE.NFO,07/01/2020,09:22:05,69,68.25,30100,69.75,4300,0,64500
TATAMOTORS30Jan20120CE.NFO,07/01/2020,09:22:29,69,68.25,30100,69.75,12900,0,64500
TATAMOTORS30Jan20120CE.NFO,07/01/2020,09:22:36,69,68.25,30100,69.75,30100,0,64500
TATAMOTORS30Jan20120CE.NFO,07/01/2020,09:22:43,69,68.25,12900,69.75,30100,0,64500
TATAMOTORS30Jan20120CE.NFO,07/01/2020,09:22:50,69,68.25,4300,69.75,30100,0,64500
TATAMOTORS30Jan20120CE.NFO,07/01/2020,09:23:05,69,68.25,30100,69.75,30100,0,64500
TATAMOTORS30Jan20120CE.NFO,07/01/2020,09:23:13,69,68.25,12900,69.75,30100,0,64500
TATAMOTORS30Jan20120CE.NFO,07/01/2020,09:23:19,69,68.25,30100,69.75,30100,0,64500
TATAMOTORS30Jan20120CE.NFO,07/01/2020,09:23:38,69,68.25,4300,69.75,30100,0,64500
TATAMOTORS30Jan20120CE.NFO,07/01/2020,09:23:51,69,67.8,4300,69.4,30100,0,64500
TATAMOTORS30Jan20120CE.NFO,07/01/2020,09:24:39,69,67.8,12900,69.4,30100,0,64500
TATAMOTORS30Jan20120CE.NFO,07/01/2020,09:25:20,69,67.8,4300,69.4,30100,0,64500
TATAMOTORS30Jan20120CE.NFO,07/01/2020,09:26:04,69,67.7,4300,69.05,30100,0,64500
TATAMOTORS30Jan20120CE.NFO,07/01/2020,09:29:26,69,67.25,4300,69.05,30100,0,64500
TATAMOTORS30Jan20120CE.NFO,07/01/2020,09:29:32,69,67,4300,68.7,30100,0,64500
TATAMOTORS30Jan20120CE.NFO,07/01/2020,09:29:56,69,67.7,4300,68.7,30100,0,64500
TATAMOTORS30Jan20120CE.NFO,07/01/2020,09:30:06,69,67.7,4300,69,30100,0,64500
TATAMOTORS30Jan20120CE.NFO,07/01/2020,09:31:18,69,67.7,4300,69,4300,0,64500
TATAMOTORS30Jan20120CE.NFO,07/01/2020,09:31:24,69,67.7,4300,69,12900,0,64500
TATAMOTORS30Jan20120CE.NFO,07/01/2020,09:31:35,69,67.7,4300,69,30100,0,64500
TATAMOTORS30Jan20120CE.NFO,07/01/2020,09:31:58,69,67.7,4300,69,4300,0,64500
TATAMOTORS30Jan20120CE.NFO,07/01/2020,09:32:11,69,67.7,4300,69,30100,0,64500
TATAMOTORS30Jan20120CE.NFO,07/01/2020,09:32:25,69,67.7,4300,69,4300,0,64500
TATAMOTORS30Jan20120CE.NFO,07/01/2020,09:32:44,69,67.7,4300,69.35,30100,0,64500
TATAMOTORS30Jan20120CE.NFO,07/01/2020,09:33:01,69,67.7,12900,69.35,30100,0,64500
TATAMOTORS30Jan20120CE.NFO,07/01/2020,09:33:07,69,67.7,4300,69.35,30100,0,64500
TATAMOTORS30Jan20120CE.NFO,07/01/2020,09:35:30,69,67.7,4300,69,4300,0,64500
TATAMOTORS30Jan20120CE.NFO,07/01/2020,09:35:37,69,67.7,4300,69,30100,0,64500
TATAMOTORS30Jan20120CE.NFO,07/01/2020,09:35:44,69,67,4300,69,30100,0,64500
TATAMOTORS30Jan20120CE.NFO,07/01/2020,09:35:53,69,67.7,4300,69,30100,0,64500
TATAMOTORS30Jan20120CE.NFO,07/01/2020,09:38:38,69,67.7,4300,69,4300,0,64500
TATAMOTORS30Jan20120CE.NFO,07/01/2020,09:38:48,69,67.7,4300,69,12900,0,64500
TATAMOTORS30Jan20120CE.NFO,07/01/2020,09:38:53,69,67.7,4300,69,4300,0,64500
TATAMOTORS30Jan20120CE.NFO,07/01/2020,09:38:58,69,67.7,4300,69,30100,0,64500
TATAMOTORS30Jan20120CE.NFO,07/01/2020,09:39:03,69,67.7,4300,69,4300,0,64500
TATAMOTORS30Jan20120CE.NFO,07/01/2020,09:39:08,69,67.7,4300,69,12900,0,64500
TATAMOTORS30Jan20120CE.NFO,07/01/2020,09:39:13,69,67.7,4300,69,4300,0,64500
TATAMOTORS30Jan20120CE.NFO,07/01/2020,09:39:39,69,67.7,4300,69,21500,0,64500
TATAMOTORS30Jan20120CE.NFO,07/01/2020,09:39:45,69,67.7,4300,69,4300,0,64500
TATAMOTORS30Jan20120CE.NFO,07/01/2020,09:40:13,69,67.7,4300,69,12900,0,64500
TATAMOTORS30Jan20120CE.NFO,07/01/2020,09:40:19,69,67.7,4300,69,30100,0,64500
TATAMOTORS30Jan20120CE.NFO,07/01/2020,09:40:52,69,67.7,4300,69,12900,0,64500
TATAMOTORS30Jan20120CE.NFO,07/01/2020,09:41:03,69,67.7,4300,69,30100,0,64500
TATAMOTORS30Jan20120CE.NFO,07/01/2020,09:41:09,69,67.7,4300,69,12900,0,64500
TATAMOTORS30Jan20120CE.NFO,07/01/2020,09:41:14,69,67.7,4300,69,4300,0,64500
TATAMOTORS30Jan20120CE.NFO,07/01/2020,09:41:19,69,67.7,4300,69,30100,0,64500
TATAMOTORS30Jan20120CE.NFO,07/01/2020,09:41:44,69,67.7,4300,69,4300,0,64500
TATAMOTORS30Jan20120CE.NFO,07/01/2020,09:41:57,69,67.7,4300,69,30100,0,64500
TATAMOTORS30Jan20120CE.NFO,07/01/2020,09:42:39,69,67.7,4300,69,4300,0,64500
TATAMOTORS30Jan20120CE.NFO,07/01/2020,09:42:46,69,67.7,4300,69,30100,0,64500
TATAMOTORS30Jan20120CE.NFO,07/01/2020,09:46:00,69,67.7,21500,69,30100,0,64500
TATAMOTORS30Jan20120CE.NFO,07/01/2020,09:46:21,69,67.7,30100,69,12900,0,64500
TATAMOTORS30Jan20120CE.NFO,07/01/2020,09:46:38,69,67.7,21500,69,12900,0,64500
TATAMOTORS30Jan20120CE.NFO,07/01/2020,09:47:00,69,67.7,21500,69,4300,0,64500
TATAMOTORS30Jan20120CE.NFO,07/01/2020,09:47:05,69,67.7,21500,69,30100,0,64500
TATAMOTORS30Jan20120CE.NFO,07/01/2020,09:47:19,69,67.7,21500,69,12900,0,64500
TATAMOTORS30Jan20120CE.NFO,07/01/2020,09:47:29,69,67.7,21500,69,4300,0,64500
TATAMOTORS30Jan20120CE.NFO,07/01/2020,09:47:51,69,67.7,21500,69.3,30100,0,64500
TATAMOTORS30Jan20120CE.NFO,07/01/2020,09:48:30,69,67.7,30100,69.3,30100,0,64500
TATAMOTORS30Jan20120CE.NFO,07/01/2020,09:48:48,69,67.7,30100,69.3,4300,0,64500
TATAMOTORS30Jan20120CE.NFO,07/01/2020,09:49:07,69,67.7,30100,69.25,4300,0,64500
TATAMOTORS30Jan20120CE.NFO,07/01/2020,09:49:18,69,67.7,30100,69.25,12900,0,64500
TATAMOTORS30Jan20120CE.NFO,07/01/2020,09:49:23,69,67.7,30100,69.25,30100,0,64500
TATAMOTORS30Jan20120CE.NFO,07/01/2020,09:49:30,69,67.7,4300,69.25,30100,0,64500
TATAMOTORS30Jan20120CE.NFO,07/01/2020,09:50:48,69,67.7,4300,68.9,30100,0,64500
TATAMOTORS30Jan20120CE.NFO,07/01/2020,09:51:54,69,67,4300,68.9,30100,0,64500
TATAMOTORS30Jan20120CE.NFO,07/01/2020,09:54:21,69,66.75,21500,68.5,30100,0,64500
TATAMOTORS30Jan20120CE.NFO,07/01/2020,09:55:58,69,66.75,21500,68.5,12900,0,64500
TATAMOTORS30Jan20120CE.NFO,07/01/2020,09:56:03,69,66.75,21500,68.5,4300,0,64500
TATAMOTORS30Jan20120CE.NFO,07/01/2020,09:56:07,69,66.75,30100,68.5,12900,0,64500
TATAMOTORS30Jan20120CE.NFO,07/01/2020,09:56:15,69,66.75,30100,68.5,4300,0,64500
TATAMOTORS30Jan20120CE.NFO,07/01/2020,09:57:33,69,67.7,4300,68.5,4300,0,64500
TATAMOTORS30Jan20120CE.NFO,07/01/2020,09:58:49,69,67.05,8600,68.5,4300,0,64500
TATAMOTORS30Jan20120CE.NFO,07/01/2020,09:59:07,69,67.05,8600,68.5,30100,0,64500
TATAMOTORS30Jan20120CE.NFO,07/01/2020,09:59:18,69,66.75,21500,68.5,30100,0,64500
TATAMOTORS30Jan20120CE.NFO,07/01/2020,10:02:06,69,66.45,4300,68.5,30100,0,64500
TATAMOTORS30Jan20120CE.NFO,07/01/2020,10:05:01,69,66.45,4300,68.2,8600,0,64500
TATAMOTORS30Jan20120CE.NFO,07/01/2020,10:05:07,69,66.45,4300,68.15,30100,0,64500
TATAMOTORS30Jan20120CE.NFO,07/01/2020,10:08:14,69,66.45,12900,68.15,30100,0,64500
TATAMOTORS30Jan20120CE.NFO,07/01/2020,10:08:20,69,66.45,4300,68.15,30100,0,64500
TATAMOTORS30Jan20120CE.NFO,07/01/2020,10:13:35,69,66.45,4300,68.15,12900,0,64500
TATAMOTORS30Jan20120CE.NFO,07/01/2020,10:13:40,69,66.45,4300,68.15,4300,0,64500
TATAMOTORS30Jan20120CE.NFO,07/01/2020,10:14:53,69,66.45,12900,68.15,4300,0,64500
TATAMOTORS30Jan20120CE.NFO,07/01/2020,10:14:58,69,66.45,12900,68.5,30100,0,64500
TATAMOTORS30Jan20120CE.NFO,07/01/2020,10:17:43,69,66.45,21500,68.5,30100,0,64500
TATAMOTORS30Jan20120CE.NFO,07/01/2020,10:18:29,69,66.45,21500,68.45,30100,0,64500
TATAMOTORS30Jan20120CE.NFO,07/01/2020,10:19:16,69,66.45,21500,68.45,4300,0,64500
TATAMOTORS30Jan20120CE.NFO,07/01/2020,10:19:26,69,67.7,4300,68.75,30100,0,64500
TATAMOTORS30Jan20120CE.NFO,07/01/2020,10:19:30,69,67.7,4300,68.75,12900,0,64500
TATAMOTORS30Jan20120CE.NFO,07/01/2020,10:19:38,69,67.7,4300,68.75,4300,0,64500
TATAMOTORS30Jan20120CE.NFO,07/01/2020,10:19:43,69,67.7,4300,68.75,30100,0,64500
TATAMOTORS30Jan20120CE.NFO,07/01/2020,10:19:48,69,67.7,4300,68.75,4300,0,64500
TATAMOTORS30Jan20120CE.NFO,07/01/2020,10:19:53,69,67.7,4300,69.05,30100,0,64500
TATAMOTORS30Jan20120CE.NFO,07/01/2020,10:20:53,69,67.7,4300,69.05,12900,0,64500
TATAMOTORS30Jan20120CE.NFO,07/01/2020,10:20:57,69,67.7,4300,69.05,4300,0,64500
TATAMOTORS30Jan20120CE.NFO,07/01/2020,10:21:21,69,67.7,4300,69.35,30100,0,64500
TATAMOTORS30Jan20120CE.NFO,07/01/2020,10:22:45,69,67.7,4300,69,30100,0,64500
TATAMOTORS30Jan20120CE.NFO,07/01/2020,10:25:13,69,67.2,12900,69,30100,0,64500
TATAMOTORS30Jan20120CE.NFO,07/01/2020,10:25:20,69,67.7,4300,69,30100,0,64500
TATAMOTORS30Jan20120CE.NFO,07/01/2020,10:25:28,69,67.2,12900,69,30100,0,64500
TATAMOTORS30Jan20120CE.NFO,07/01/2020,10:26:47,69,66.95,4300,69,30100,0,64500
TATAMOTORS30Jan20120CE.NFO,07/01/2020,10:27:09,69,66.95,4300,68.65,30100,0,64500
TATAMOTORS30Jan20120CE.NFO,07/01/2020,10:27:45,69,66.7,4300,68.65,30100,0,64500
TATAMOTORS30Jan20120CE.NFO,07/01/2020,10:31:19,69,66.7,12900,68.65,30100,0,64500
TATAMOTORS30Jan20120CE.NFO,07/01/2020,10:31:46,69,66.7,12900,68.3,30100,0,64500
TATAMOTORS30Jan20120CE.NFO,07/01/2020,10:32:13,69,66.7,4300,68.3,30100,0,64500
TATAMOTORS30Jan20120CE.NFO,07/01/2020,10:32:18,69,66.45,12900,68.3,30100,0,64500
TATAMOTORS30Jan20120CE.NFO,07/01/2020,10:34:36,69,66.45,12900,68.3,12900,0,64500
TATAMOTORS30Jan20120CE.NFO,07/01/2020,10:34:40,69,66.45,12900,68.3,4300,0,64500
TATAMOTORS30Jan20120CE.NFO,07/01/2020,10:35:47,69,66.45,12900,68.3,30100,0,64500
TATAMOTORS30Jan20120CE.NFO,07/01/2020,10:36:59,69,66.45,12900,68.3,4300,0,64500
TATAMOTORS30Jan20120CE.NFO,07/01/2020,10:37:03,69,66.45,12900,68.3,30100,0,64500
TATAMOTORS30Jan20120CE.NFO,07/01/2020,10:42:19,69,66.45,12900,68.3,4300,0,64500
TATAMOTORS30Jan20120CE.NFO,07/01/2020,10:42:22,69,66.45,12900,68.3,30100,0,64500
TATAMOTORS30Jan20120CE.NFO,07/01/2020,10:51:33,69,66.2,4300,68.3,30100,0,64500
TATAMOTORS30Jan20120CE.NFO,07/01/2020,10:54:28,69,65.95,4300,68.3,30100,0,64500
TATAMOTORS30Jan20120CE.NFO,07/01/2020,10:55:09,69,65.95,4300,68.3,25800,0,64500
TATAMOTORS30Jan20120CE.NFO,07/01/2020,10:55:14,69,65.95,4300,68.25,30100,0,64500
TATAMOTORS30Jan20120CE.NFO,07/01/2020,10:55:32,69,65.7,4300,68.25,30100,0,64500
TATAMOTORS30Jan20120CE.NFO,07/01/2020,10:57:33,69,65.7,4300,68.25,21500,0,64500
TATAMOTORS30Jan20120CE.NFO,07/01/2020,10:58:05,69,65.7,4300,68.25,30100,0,64500
TATAMOTORS30Jan20120CE.NFO,07/01/2020,11:01:06,69,65.45,4300,68.25,30100,0,64500
TATAMOTORS30Jan20120CE.NFO,07/01/2020,11:09:38,69,65.2,4300,68.25,30100,0,64500
TATAMOTORS30Jan20120CE.NFO,07/01/2020,11:11:28,69,64.95,4300,68.25,30100,0,64500
TATAMOTORS30Jan20120CE.NFO,07/01/2020,11:14:25,69,64.7,4300,68.25,30100,0,64500
TATAMOTORS30Jan20120CE.NFO,07/01/2020,11:15:04,69,64.45,4300,68.25,30100,0,64500
TATAMOTORS30Jan20120CE.NFO,07/01/2020,11:15:11,69,64.15,4300,68.25,30100,0,64500
TATAMOTORS30Jan20120CE.NFO,07/01/2020,11:31:26,69,64.75,8600,68.25,30100,0,64500
TATAMOTORS30Jan20120CE.NFO,07/01/2020,11:32:12,69,64.75,8600,68.25,25800,0,64500
TATAMOTORS30Jan20120CE.NFO,07/01/2020,11:32:37,69,64.75,8600,68.2,30100,0,64500
TATAMOTORS30Jan20120CE.NFO,07/01/2020,11:37:10,69,65.15,8600,68.2,30100,0,64500
TATAMOTORS30Jan20120CE.NFO,07/01/2020,11:40:24,69,64.15,4300,68.2,30100,0,64500
TATAMOTORS30Jan20120CE.NFO,07/01/2020,11:57:35,69,59.2,98900,68.2,30100,0,64500
TATAMOTORS30Jan20120CE.NFO,07/01/2020,11:58:32,69,63.1,4300,68.2,30100,0,64500
TATAMOTORS30Jan20120CE.NFO,07/01/2020,12:03:11,69,62.8,4300,68.2,30100,0,64500
TATAMOTORS30Jan20120CE.NFO,07/01/2020,12:03:34,69,62.55,4300,68.2,30100,0,64500
TATAMOTORS30Jan20120CE.NFO,07/01/2020,12:18:46,69,62.55,4300,68.2,21500,0,64500
TATAMOTORS30Jan20120CE.NFO,07/01/2020,12:18:56,69,62.55,4300,68.2,30100,0,64500
TATAMOTORS30Jan20120CE.NFO,07/01/2020,13:21:03,69,62.45,4300,68.2,30100,0,64500
TATAMOTORS30Jan20120CE.NFO,07/01/2020,13:21:16,69,62.2,4300,68.2,30100,0,64500
TATAMOTORS30Jan20120CE.NFO,07/01/2020,13:30:25,69,62.15,4300,68.2,30100,0,64500
TATAMOTORS30Jan20120CE.NFO,07/01/2020,13:30:46,69,61.85,4300,68.2,30100,0,64500
TATAMOTORS30Jan20120CE.NFO,07/01/2020,13:38:03,69,61.85,4300,68.2,25800,0,64500
TATAMOTORS30Jan20120CE.NFO,07/01/2020,13:38:52,69,61.85,4300,68.15,30100,0,64500
TATAMOTORS30Jan20120CE.NFO,07/01/2020,13:50:32,69,61.85,4300,68.15,21500,0,64500
TATAMOTORS30Jan20120CE.NFO,07/01/2020,13:50:57,69,61.85,4300,68.15,30100,0,64500
TATAMOTORS30Jan20120CE.NFO,07/01/2020,14:49:36,69,63.5,4300,68.15,30100,0,64500
TATAMOTORS30Jan20120CE.NFO,07/01/2020,15:00:08,69,63.5,4300,66,4300,0,64500
TATAMOTORS30Jan20120CE.NFO,07/01/2020,15:00:18,69,65,4300,66,4300,0,64500
TATAMOTORS30Jan20120CE.NFO,07/01/2020,15:00:32,69,64.05,4300,66,4300,0,64500
TATAMOTORS30Jan20120CE.NFO,07/01/2020,15:00:44,69,64.5,4300,65.5,4300,0,64500
TATAMOTORS30Jan20120CE.NFO,07/01/2020,15:00:59,69,64.05,4300,68.1,4300,0,64500
TATAMOTORS30Jan20120CE.NFO,07/01/2020,15:06:37,69,65.5,4300,68.1,4300,0,64500
TATAMOTORS30Jan20120CE.NFO,07/01/2020,15:06:55,69,64.05,4300,68.1,4300,0,64500
TATAMOTORS30Jan20120CE.NFO,07/01/2020,15:25:42,69,65,4300,68.1,4300,0,64500
TATAMOTORS30Jan20120CE.NFO,07/01/2020,15:25:51,69,65,4300,66,4300,0,64500
TATAMOTORS30Jan20120CE.NFO,07/01/2020,15:26:13,69,64.05,4300,68.1,4300,0,64500
TATAMOTORS30Jan20120CE.NFO,07/01/2020,15:29:29,69,64.05,4300,68.15,25800,0,64500
TATAMOTORS30Jan20120CE.NFO,07/01/2020,15:29:37,69,63.45,8600,68.15,25800,0,64500
