Ticker,Date,Time,LTP,BuyPrice,BuyQty,SellPrice,SellQty,LTQ,OpenInterest
TATAMOTORS30Jan20175PE.NFO,07/01/2020,09:16:30,2.95,2.9,4300,3,17200,4300,1483500
TATAMOTORS30Jan20175PE.NFO,07/01/2020,09:16:30,2.95,2.9,4300,3,17200,0,1483500
TATAMOTORS30Jan20175PE.NFO,07/01/2020,09:16:30,2.95,2.9,4300,3,17200,0,1483500
TATAMOTORS30Jan20175PE.NFO,07/01/2020,09:16:30,2.95,2.9,4300,3,17200,0,1483500
TATAMOTORS30Jan20175PE.NFO,07/01/2020,09:16:39,2.95,2.85,17200,2.95,8600,0,1483500
TATAMOTORS30Jan20175PE.NFO,07/01/2020,09:16:49,2.95,2.8,8600,2.9,8600,0,1483500
TATAMOTORS30Jan20175PE.NFO,07/01/2020,09:16:59,2.95,2.8,17200,2.95,8600,12900,1483500
TATAMOTORS30Jan20175PE.NFO,07/01/2020,09:16:59,2.9,2.8,17200,2.95,8600,0,1483500
TATAMOTORS30Jan20175PE.NFO,07/01/2020,09:17:08,2.95,2.8,8600,2.95,8600,0,1483500
TATAMOTORS30Jan20175PE.NFO,07/01/2020,09:17:17,2.95,2.8,4300,2.95,8600,0,1483500
TATAMOTORS30Jan20175PE.NFO,07/01/2020,09:17:27,2.85,2.8,8600,2.9,4300,4300,1487800
TATAMOTORS30Jan20175PE.NFO,07/01/2020,09:17:27,2.85,2.8,8600,2.9,4300,0,1487800
TATAMOTORS30Jan20175PE.NFO,07/01/2020,09:17:38,2.9,2.85,8600,3,8600,4300,1487800
TATAMOTORS30Jan20175PE.NFO,07/01/2020,09:17:48,3.05,2.9,8600,3.05,25800,4300,1487800
TATAMOTORS30Jan20175PE.NFO,07/01/2020,09:17:48,3.05,2.9,8600,3.05,25800,0,1487800
TATAMOTORS30Jan20175PE.NFO,07/01/2020,09:17:59,3.05,2.85,12900,3.05,25800,0,1487800
TATAMOTORS30Jan20175PE.NFO,07/01/2020,09:18:08,2.9,2.85,17200,2.95,34400,4300,1487800
TATAMOTORS30Jan20175PE.NFO,07/01/2020,09:18:17,2.9,2.85,25800,2.95,25800,0,1487800
TATAMOTORS30Jan20175PE.NFO,07/01/2020,09:18:26,2.9,2.85,25800,2.95,21500,0,1487800
TATAMOTORS30Jan20175PE.NFO,07/01/2020,09:18:35,2.9,2.9,21500,3,30100,0,1487800
TATAMOTORS30Jan20175PE.NFO,07/01/2020,09:18:44,3,2.95,4300,3,12900,4300,1487800
TATAMOTORS30Jan20175PE.NFO,07/01/2020,09:18:53,3,2.95,21500,3.05,34400,0,1487800
TATAMOTORS30Jan20175PE.NFO,07/01/2020,09:19:02,3,2.95,21500,3.05,25800,0,1487800
TATAMOTORS30Jan20175PE.NFO,07/01/2020,09:19:10,2.95,2.9,25800,3,30100,8600,1487800
TATAMOTORS30Jan20175PE.NFO,07/01/2020,09:19:19,2.95,2.85,25800,2.95,25800,4300,1487800
TATAMOTORS30Jan20175PE.NFO,07/01/2020,09:19:28,2.95,2.85,17200,2.95,25800,0,1487800
TATAMOTORS30Jan20175PE.NFO,07/01/2020,09:19:36,2.95,2.85,17200,2.95,21500,0,1487800
TATAMOTORS30Jan20175PE.NFO,07/01/2020,09:19:44,2.95,2.8,25800,2.9,21500,0,1487800
TATAMOTORS30Jan20175PE.NFO,07/01/2020,09:19:52,2.95,2.85,12900,2.95,38700,0,1487800
TATAMOTORS30Jan20175PE.NFO,07/01/2020,09:20:00,2.85,2.85,4300,2.95,47300,8600,1487800
TATAMOTORS30Jan20175PE.NFO,07/01/2020,09:20:08,2.8,2.8,4300,2.85,17200,4300,1487800
TATAMOTORS30Jan20175PE.NFO,07/01/2020,09:20:08,2.8,2.8,4300,2.85,17200,0,1487800
TATAMOTORS30Jan20175PE.NFO,07/01/2020,09:20:16,2.8,2.8,21500,2.9,25800,0,1487800
TATAMOTORS30Jan20175PE.NFO,07/01/2020,09:20:23,2.8,2.75,17200,2.85,17200,4300,1496400
TATAMOTORS30Jan20175PE.NFO,07/01/2020,09:20:31,2.8,2.8,8600,2.85,12900,0,1496400
TATAMOTORS30Jan20175PE.NFO,07/01/2020,09:20:38,2.8,2.75,25800,2.85,25800,0,1496400
TATAMOTORS30Jan20175PE.NFO,07/01/2020,09:20:46,2.8,2.75,25800,2.85,21500,0,1496400
TATAMOTORS30Jan20175PE.NFO,07/01/2020,09:20:54,2.8,2.75,12900,2.85,30100,0,1496400
TATAMOTORS30Jan20175PE.NFO,07/01/2020,09:21:02,2.8,2.75,30100,2.85,21500,0,1496400
TATAMOTORS30Jan20175PE.NFO,07/01/2020,09:21:10,2.8,2.8,12900,2.85,4300,0,1496400
TATAMOTORS30Jan20175PE.NFO,07/01/2020,09:21:18,2.8,2.8,17200,2.9,38700,0,1496400
TATAMOTORS30Jan20175PE.NFO,07/01/2020,09:21:25,2.8,2.8,21500,2.9,30100,0,1496400
TATAMOTORS30Jan20175PE.NFO,07/01/2020,09:21:33,2.8,2.85,17200,2.95,21500,0,1496400
TATAMOTORS30Jan20175PE.NFO,07/01/2020,09:21:49,2.8,2.85,25800,2.95,17200,0,1496400
TATAMOTORS30Jan20175PE.NFO,07/01/2020,09:21:57,2.9,2.85,17200,2.95,21500,4300,1496400
TATAMOTORS30Jan20175PE.NFO,07/01/2020,09:22:05,2.9,2.8,30100,2.95,25800,0,1496400
TATAMOTORS30Jan20175PE.NFO,07/01/2020,09:22:13,2.9,2.85,4300,2.95,21500,0,1496400
TATAMOTORS30Jan20175PE.NFO,07/01/2020,09:22:29,2.9,2.85,4300,2.95,25800,0,1496400
TATAMOTORS30Jan20175PE.NFO,07/01/2020,09:22:36,2.9,2.85,30100,2.95,21500,0,1496400
TATAMOTORS30Jan20175PE.NFO,07/01/2020,09:22:43,2.9,2.9,17200,3,21500,0,1496400
TATAMOTORS30Jan20175PE.NFO,07/01/2020,09:22:50,2.9,2.9,21500,3,25800,4300,1496400
TATAMOTORS30Jan20175PE.NFO,07/01/2020,09:22:57,2.9,2.9,21500,3,25800,0,1496400
TATAMOTORS30Jan20175PE.NFO,07/01/2020,09:23:19,2.9,2.9,25800,3,25800,0,1496400
TATAMOTORS30Jan20175PE.NFO,07/01/2020,09:23:32,2.95,2.9,17200,3,25800,8600,1509300
TATAMOTORS30Jan20175PE.NFO,07/01/2020,09:23:45,3,2.95,34400,3.05,4300,12900,1509300
TATAMOTORS30Jan20175PE.NFO,07/01/2020,09:23:51,3,3,4300,3.05,4300,0,1509300
TATAMOTORS30Jan20175PE.NFO,07/01/2020,09:23:58,3,3,4300,3.1,43000,0,1509300
TATAMOTORS30Jan20175PE.NFO,07/01/2020,09:24:05,3,2.95,34400,3.05,8600,0,1509300
TATAMOTORS30Jan20175PE.NFO,07/01/2020,09:24:12,3,2.95,43000,3.05,4300,0,1509300
TATAMOTORS30Jan20175PE.NFO,07/01/2020,09:24:26,3.05,3,12900,3.05,4300,4300,1509300
TATAMOTORS30Jan20175PE.NFO,07/01/2020,09:24:45,3.05,3,12900,3.05,12900,0,1509300
TATAMOTORS30Jan20175PE.NFO,07/01/2020,09:25:05,3.05,3,12900,3.05,8600,0,1509300
TATAMOTORS30Jan20175PE.NFO,07/01/2020,09:25:12,3,3,8600,3.05,4300,17200,1509300
TATAMOTORS30Jan20175PE.NFO,07/01/2020,09:25:20,3,3,17200,3.1,30100,0,1509300
TATAMOTORS30Jan20175PE.NFO,07/01/2020,09:25:26,3,3.05,4300,3.1,4300,0,1509300
TATAMOTORS30Jan20175PE.NFO,07/01/2020,09:25:33,3,3,34400,3.1,8600,0,1509300
TATAMOTORS30Jan20175PE.NFO,07/01/2020,09:25:40,3,3.05,12900,3.1,4300,0,1509300
TATAMOTORS30Jan20175PE.NFO,07/01/2020,09:25:50,3,3.05,21500,3.1,4300,0,1509300
TATAMOTORS30Jan20175PE.NFO,07/01/2020,09:26:04,3.1,3.1,4300,3.15,30100,12900,1509300
TATAMOTORS30Jan20175PE.NFO,07/01/2020,09:26:04,3.1,3.1,4300,3.15,30100,0,1509300
TATAMOTORS30Jan20175PE.NFO,07/01/2020,09:26:19,3.1,3.05,25800,3.1,12900,0,1509300
TATAMOTORS30Jan20175PE.NFO,07/01/2020,09:26:25,3.1,3.05,30100,3.15,38700,0,1509300
TATAMOTORS30Jan20175PE.NFO,07/01/2020,09:26:32,3.1,3.05,12900,3.1,12900,0,1509300
TATAMOTORS30Jan20175PE.NFO,07/01/2020,09:26:39,3.1,3.05,25800,3.1,12900,0,1509300
TATAMOTORS30Jan20175PE.NFO,07/01/2020,09:26:45,3.1,3.05,30100,3.1,12900,0,1509300
TATAMOTORS30Jan20175PE.NFO,07/01/2020,09:26:51,3.1,3.05,25800,3.1,12900,0,1509300
TATAMOTORS30Jan20175PE.NFO,07/01/2020,09:26:57,3.1,3.1,4300,3.15,34400,0,1509300
TATAMOTORS30Jan20175PE.NFO,07/01/2020,09:27:02,3.1,3.05,25800,3.1,12900,12900,1500700
TATAMOTORS30Jan20175PE.NFO,07/01/2020,09:27:07,3.1,3.05,21500,3.1,12900,0,1500700
TATAMOTORS30Jan20175PE.NFO,07/01/2020,09:27:19,3.1,3.05,21500,3.1,8600,4300,1500700
TATAMOTORS30Jan20175PE.NFO,07/01/2020,09:27:32,3.05,3.05,17200,3.1,12900,4300,1500700
TATAMOTORS30Jan20175PE.NFO,07/01/2020,09:27:44,3.05,3.05,21500,3.15,34400,0,1500700
TATAMOTORS30Jan20175PE.NFO,07/01/2020,09:27:49,3.05,3.05,34400,3.15,38700,0,1500700
TATAMOTORS30Jan20175PE.NFO,07/01/2020,09:28:01,3.05,3.05,34400,3.15,12900,0,1500700
TATAMOTORS30Jan20175PE.NFO,07/01/2020,09:28:14,3.05,3.05,21500,3.1,12900,0,1500700
TATAMOTORS30Jan20175PE.NFO,07/01/2020,09:28:20,3.1,3.05,12900,3.15,30100,4300,1500700
TATAMOTORS30Jan20175PE.NFO,07/01/2020,09:28:26,3.1,3.05,17200,3.1,12900,0,1500700
TATAMOTORS30Jan20175PE.NFO,07/01/2020,09:28:44,3.1,3,25800,3.1,30100,0,1500700
TATAMOTORS30Jan20175PE.NFO,07/01/2020,09:28:50,3.05,3,43000,3.1,25800,4300,1500700
TATAMOTORS30Jan20175PE.NFO,07/01/2020,09:28:56,3.05,3,34400,3.1,43000,0,1500700
TATAMOTORS30Jan20175PE.NFO,07/01/2020,09:29:01,3.05,3.05,17200,3.1,21500,0,1500700
TATAMOTORS30Jan20175PE.NFO,07/01/2020,09:29:08,3.05,3,38700,3.1,38700,0,1500700
TATAMOTORS30Jan20175PE.NFO,07/01/2020,09:29:14,3.05,3,30100,3.05,4300,0,1500700
TATAMOTORS30Jan20175PE.NFO,07/01/2020,09:29:20,3.05,3.05,12900,3.15,43000,4300,1462000
TATAMOTORS30Jan20175PE.NFO,07/01/2020,09:29:26,3.05,3.05,43000,3.15,12900,0,1462000
TATAMOTORS30Jan20175PE.NFO,07/01/2020,09:29:32,3.05,3.1,30100,3.2,38700,0,1462000
TATAMOTORS30Jan20175PE.NFO,07/01/2020,09:29:38,3.05,3.1,30100,3.2,34400,0,1462000
TATAMOTORS30Jan20175PE.NFO,07/01/2020,09:29:45,3.05,3.1,21500,3.2,34400,0,1462000
TATAMOTORS30Jan20175PE.NFO,07/01/2020,09:29:51,3.05,3.05,30100,3.15,12900,0,1462000
TATAMOTORS30Jan20175PE.NFO,07/01/2020,09:29:56,3.05,3.05,38700,3.15,21500,0,1462000
TATAMOTORS30Jan20175PE.NFO,07/01/2020,09:30:06,3.05,3.05,12900,3.1,25800,0,1462000
TATAMOTORS30Jan20175PE.NFO,07/01/2020,09:30:13,3.05,3.05,12900,3.1,8600,0,1462000
TATAMOTORS30Jan20175PE.NFO,07/01/2020,09:30:18,3.05,3.05,12900,3.1,38700,0,1462000
TATAMOTORS30Jan20175PE.NFO,07/01/2020,09:30:24,3.05,3.05,12900,3.1,4300,0,1462000
TATAMOTORS30Jan20175PE.NFO,07/01/2020,09:30:35,3.05,3.05,17200,3.1,4300,0,1462000
TATAMOTORS30Jan20175PE.NFO,07/01/2020,09:30:40,3.05,3.05,25800,3.1,4300,0,1462000
TATAMOTORS30Jan20175PE.NFO,07/01/2020,09:30:51,3.05,3.05,30100,3.1,4300,0,1462000
TATAMOTORS30Jan20175PE.NFO,07/01/2020,09:30:55,3.05,3.05,25800,3.1,4300,0,1462000
TATAMOTORS30Jan20175PE.NFO,07/01/2020,09:31:06,3.05,3.05,25800,3.1,17200,0,1462000
TATAMOTORS30Jan20175PE.NFO,07/01/2020,09:31:12,3.05,3.05,25800,3.1,21500,0,1462000
TATAMOTORS30Jan20175PE.NFO,07/01/2020,09:31:18,3.05,3,21500,3.1,47300,12900,1462000
TATAMOTORS30Jan20175PE.NFO,07/01/2020,09:31:24,3.05,3,25800,3.1,43000,0,1462000
TATAMOTORS30Jan20175PE.NFO,07/01/2020,09:31:30,3.05,3,25800,3.1,38700,0,1462000
TATAMOTORS30Jan20175PE.NFO,07/01/2020,09:31:35,3.05,3.05,12900,3.1,12900,4300,1462000
TATAMOTORS30Jan20175PE.NFO,07/01/2020,09:31:41,3.05,3.05,12900,3.15,47300,0,1462000
TATAMOTORS30Jan20175PE.NFO,07/01/2020,09:31:47,3.05,3.05,12900,3.1,8600,0,1462000
TATAMOTORS30Jan20175PE.NFO,07/01/2020,09:31:52,3.05,3.05,17200,3.1,17200,0,1462000
TATAMOTORS30Jan20175PE.NFO,07/01/2020,09:31:58,3.05,3.05,12900,3.1,25800,4300,1462000
TATAMOTORS30Jan20175PE.NFO,07/01/2020,09:32:04,3.05,3.05,8600,3.1,34400,4300,1462000
TATAMOTORS30Jan20175PE.NFO,07/01/2020,09:32:11,3.05,3.05,17200,3.15,47300,0,1462000
TATAMOTORS30Jan20175PE.NFO,07/01/2020,09:32:17,3.05,3.05,8600,3.1,30100,0,1462000
TATAMOTORS30Jan20175PE.NFO,07/01/2020,09:32:25,3.05,3,25800,3.1,34400,0,1462000
TATAMOTORS30Jan20175PE.NFO,07/01/2020,09:32:31,3.05,3,25800,3.05,12900,0,1462000
TATAMOTORS30Jan20175PE.NFO,07/01/2020,09:32:38,3.05,3,25800,3.1,43000,0,1462000
TATAMOTORS30Jan20175PE.NFO,07/01/2020,09:32:44,3.05,3,25800,3.1,34400,0,1462000
TATAMOTORS30Jan20175PE.NFO,07/01/2020,09:32:50,3.05,3,25800,3.1,38700,0,1462000
TATAMOTORS30Jan20175PE.NFO,07/01/2020,09:33:01,3.05,3,30100,3.1,38700,0,1462000
TATAMOTORS30Jan20175PE.NFO,07/01/2020,09:33:07,3.05,3,30100,3.1,47300,0,1462000
TATAMOTORS30Jan20175PE.NFO,07/01/2020,09:33:20,3.05,3,30100,3.05,12900,0,1462000
TATAMOTORS30Jan20175PE.NFO,07/01/2020,09:33:27,3.05,3.05,17200,3.1,21500,0,1462000
TATAMOTORS30Jan20175PE.NFO,07/01/2020,09:33:33,3.05,3,47300,3.1,21500,0,1462000
TATAMOTORS30Jan20175PE.NFO,07/01/2020,09:33:49,3.05,3.05,8600,3.1,17200,0,1462000
TATAMOTORS30Jan20175PE.NFO,07/01/2020,09:33:54,3.05,3,38700,3.1,38700,0,1462000
TATAMOTORS30Jan20175PE.NFO,07/01/2020,09:34:05,3.05,3.05,8600,3.1,25800,0,1462000
TATAMOTORS30Jan20175PE.NFO,07/01/2020,09:34:10,3.05,3.05,21500,3.1,21500,0,1462000
TATAMOTORS30Jan20175PE.NFO,07/01/2020,09:34:16,3.05,3,43000,3.1,25800,0,1462000
TATAMOTORS30Jan20175PE.NFO,07/01/2020,09:34:22,3.05,3.05,21500,3.1,21500,0,1462000
TATAMOTORS30Jan20175PE.NFO,07/01/2020,09:34:28,3.05,3.05,8600,3.1,21500,0,1462000
TATAMOTORS30Jan20175PE.NFO,07/01/2020,09:34:34,3.1,3.1,8600,3.15,21500,8600,1474900
TATAMOTORS30Jan20175PE.NFO,07/01/2020,09:34:41,3.1,3.05,55900,3.15,30100,0,1474900
TATAMOTORS30Jan20175PE.NFO,07/01/2020,09:34:47,3.1,3.05,55900,3.15,34400,0,1474900
TATAMOTORS30Jan20175PE.NFO,07/01/2020,09:34:58,3.1,3.05,55900,3.15,38700,0,1474900
TATAMOTORS30Jan20175PE.NFO,07/01/2020,09:35:14,3.1,3.05,55900,3.15,21500,0,1474900
TATAMOTORS30Jan20175PE.NFO,07/01/2020,09:35:20,3.1,3.05,64500,3.15,21500,0,1474900
TATAMOTORS30Jan20175PE.NFO,07/01/2020,09:35:25,3.1,3.05,64500,3.15,17200,0,1474900
TATAMOTORS30Jan20175PE.NFO,07/01/2020,09:35:30,3.1,3.1,21500,3.15,12900,0,1474900
TATAMOTORS30Jan20175PE.NFO,07/01/2020,09:35:44,3.1,3.15,8600,3.2,17200,0,1474900
TATAMOTORS30Jan20175PE.NFO,07/01/2020,09:35:53,3.1,3.1,34400,3.2,38700,0,1474900
TATAMOTORS30Jan20175PE.NFO,07/01/2020,09:36:00,3.1,3.1,30100,3.15,17200,0,1474900
TATAMOTORS30Jan20175PE.NFO,07/01/2020,09:36:07,3.1,3.1,25800,3.15,17200,0,1474900
TATAMOTORS30Jan20175PE.NFO,07/01/2020,09:36:13,3.1,3.1,30100,3.15,21500,0,1474900
TATAMOTORS30Jan20175PE.NFO,07/01/2020,09:36:25,3.1,3.1,30100,3.15,4300,0,1474900
TATAMOTORS30Jan20175PE.NFO,07/01/2020,09:36:36,3.1,3.05,47300,3.15,34400,0,1474900
TATAMOTORS30Jan20175PE.NFO,07/01/2020,09:36:41,3.1,3.1,21500,3.15,21500,0,1474900
TATAMOTORS30Jan20175PE.NFO,07/01/2020,09:36:52,3.1,3.05,47300,3.15,34400,0,1474900
TATAMOTORS30Jan20175PE.NFO,07/01/2020,09:36:58,3.1,3.05,47300,3.15,38700,0,1474900
TATAMOTORS30Jan20175PE.NFO,07/01/2020,09:37:03,3.1,3.1,21500,3.15,21500,0,1474900
TATAMOTORS30Jan20175PE.NFO,07/01/2020,09:37:14,3.1,3.05,47300,3.15,34400,0,1474900
TATAMOTORS30Jan20175PE.NFO,07/01/2020,09:37:19,3.1,3.1,17200,3.15,21500,0,1474900
TATAMOTORS30Jan20175PE.NFO,07/01/2020,09:37:44,3.1,3.05,30100,3.15,38700,0,1474900
TATAMOTORS30Jan20175PE.NFO,07/01/2020,09:37:49,3.1,3.05,30100,3.15,25800,0,1474900
TATAMOTORS30Jan20175PE.NFO,07/01/2020,09:37:53,3.1,3.05,38700,3.15,34400,0,1474900
TATAMOTORS30Jan20175PE.NFO,07/01/2020,09:37:58,3.1,3.05,38700,3.15,55900,0,1474900
TATAMOTORS30Jan20175PE.NFO,07/01/2020,09:38:04,3.1,3.05,30100,3.15,51600,0,1474900
TATAMOTORS30Jan20175PE.NFO,07/01/2020,09:38:09,3.1,3.05,30100,3.15,38700,0,1474900
TATAMOTORS30Jan20175PE.NFO,07/01/2020,09:38:14,3.1,3.05,30100,3.1,8600,0,1474900
TATAMOTORS30Jan20175PE.NFO,07/01/2020,09:38:38,3.1,3,34400,3.1,47300,0,1474900
TATAMOTORS30Jan20175PE.NFO,07/01/2020,09:38:48,3.1,3,34400,3.1,51600,0,1474900
TATAMOTORS30Jan20175PE.NFO,07/01/2020,09:38:53,3.1,3,30100,3.1,51600,0,1474900
TATAMOTORS30Jan20175PE.NFO,07/01/2020,09:38:58,3.1,3.05,12900,3.1,34400,0,1474900
TATAMOTORS30Jan20175PE.NFO,07/01/2020,09:39:03,3.1,3,30100,3.1,51600,0,1474900
TATAMOTORS30Jan20175PE.NFO,07/01/2020,09:39:13,3.05,3,30100,3.1,38700,4300,1462000
TATAMOTORS30Jan20175PE.NFO,07/01/2020,09:39:24,3.05,3,30100,3.1,38700,0,1462000
TATAMOTORS30Jan20175PE.NFO,07/01/2020,09:39:29,3.05,3.05,4300,3.1,38700,0,1462000
TATAMOTORS30Jan20175PE.NFO,07/01/2020,09:39:39,3.05,3.05,8600,3.1,43000,0,1462000
TATAMOTORS30Jan20175PE.NFO,07/01/2020,09:39:45,3.05,3,17200,3.05,12900,4300,1462000
TATAMOTORS30Jan20175PE.NFO,07/01/2020,09:39:56,3.05,3,21500,3.05,17200,0,1462000
TATAMOTORS30Jan20175PE.NFO,07/01/2020,09:40:06,3,3,8600,3.05,25800,4300,1462000
TATAMOTORS30Jan20175PE.NFO,07/01/2020,09:40:13,3,2.95,51600,3.05,21500,0,1462000
TATAMOTORS30Jan20175PE.NFO,07/01/2020,09:40:19,3,3,34400,3.05,21500,0,1462000
TATAMOTORS30Jan20175PE.NFO,07/01/2020,09:40:25,3.05,3,55900,3.1,30100,4300,1462000
TATAMOTORS30Jan20175PE.NFO,07/01/2020,09:40:42,3.05,3,60200,3.1,38700,0,1462000
TATAMOTORS30Jan20175PE.NFO,07/01/2020,09:40:47,3.05,3,55900,3.1,47300,0,1462000
TATAMOTORS30Jan20175PE.NFO,07/01/2020,09:40:52,3.05,3,51600,3.1,47300,0,1462000
TATAMOTORS30Jan20175PE.NFO,07/01/2020,09:41:03,3.05,3,51600,3.1,43000,0,1462000
TATAMOTORS30Jan20175PE.NFO,07/01/2020,09:41:19,3.05,3,55900,3.1,43000,0,1462000
TATAMOTORS30Jan20175PE.NFO,07/01/2020,09:41:24,3.05,3,64500,3.1,30100,0,1462000
TATAMOTORS30Jan20175PE.NFO,07/01/2020,09:41:35,3.05,3,64500,3.1,25800,0,1462000
TATAMOTORS30Jan20175PE.NFO,07/01/2020,09:42:18,3.05,3,60200,3.1,25800,0,1462000
TATAMOTORS30Jan20175PE.NFO,07/01/2020,09:42:31,3.05,3,64500,3.1,25800,0,1462000
TATAMOTORS30Jan20175PE.NFO,07/01/2020,09:42:39,3.05,3,21500,3.05,8600,0,1462000
TATAMOTORS30Jan20175PE.NFO,07/01/2020,09:42:46,3.05,3,38700,3.1,38700,0,1462000
TATAMOTORS30Jan20175PE.NFO,07/01/2020,09:42:53,3.05,3,34400,3.05,4300,0,1462000
TATAMOTORS30Jan20175PE.NFO,07/01/2020,09:43:25,3.05,3,34400,3.05,8600,0,1462000
TATAMOTORS30Jan20175PE.NFO,07/01/2020,09:43:31,3.05,3,34400,3.05,4300,0,1462000
TATAMOTORS30Jan20175PE.NFO,07/01/2020,09:43:35,3.05,3,43000,3.1,25800,4300,1466300
TATAMOTORS30Jan20175PE.NFO,07/01/2020,09:43:41,3.05,3.05,17200,3.1,21500,0,1466300
TATAMOTORS30Jan20175PE.NFO,07/01/2020,09:43:46,3.05,3,43000,3.1,17200,0,1466300
TATAMOTORS30Jan20175PE.NFO,07/01/2020,09:43:56,3.05,3,51600,3.1,12900,0,1466300
TATAMOTORS30Jan20175PE.NFO,07/01/2020,09:44:02,3.05,3,51600,3.1,17200,0,1466300
TATAMOTORS30Jan20175PE.NFO,07/01/2020,09:44:14,3.05,3.05,17200,3.1,21500,0,1466300
TATAMOTORS30Jan20175PE.NFO,07/01/2020,09:44:20,3.05,3,34400,3.1,21500,0,1466300
TATAMOTORS30Jan20175PE.NFO,07/01/2020,09:44:44,3.05,3,51600,3.1,21500,0,1466300
TATAMOTORS30Jan20175PE.NFO,07/01/2020,09:45:00,3.05,3.05,17200,3.1,17200,0,1466300
TATAMOTORS30Jan20175PE.NFO,07/01/2020,09:45:05,3.05,3,34400,3.1,30100,0,1466300
TATAMOTORS30Jan20175PE.NFO,07/01/2020,09:45:13,3.05,3,60200,3.1,34400,0,1466300
TATAMOTORS30Jan20175PE.NFO,07/01/2020,09:45:26,3.05,3,64500,3.1,38700,0,1466300
TATAMOTORS30Jan20175PE.NFO,07/01/2020,09:45:43,3.05,3,64500,3.1,30100,0,1466300
TATAMOTORS30Jan20175PE.NFO,07/01/2020,09:45:49,3.05,3,51600,3.1,34400,0,1466300
TATAMOTORS30Jan20175PE.NFO,07/01/2020,09:46:00,3.05,3,34400,3.1,47300,0,1466300
TATAMOTORS30Jan20175PE.NFO,07/01/2020,09:46:05,3.05,3,38700,3.1,47300,0,1466300
TATAMOTORS30Jan20175PE.NFO,07/01/2020,09:46:16,3.05,3,38700,3.1,43000,0,1466300
TATAMOTORS30Jan20175PE.NFO,07/01/2020,09:46:26,3.05,3,34400,3.05,8600,0,1466300
TATAMOTORS30Jan20175PE.NFO,07/01/2020,09:46:38,3.05,3,17200,3.05,21500,0,1466300
TATAMOTORS30Jan20175PE.NFO,07/01/2020,09:47:05,3.05,3,21500,3.05,21500,0,1466300
TATAMOTORS30Jan20175PE.NFO,07/01/2020,09:47:19,3.05,3,17200,3.05,21500,0,1466300
TATAMOTORS30Jan20175PE.NFO,07/01/2020,09:47:29,3.05,3,17200,3.05,25800,0,1466300
TATAMOTORS30Jan20175PE.NFO,07/01/2020,09:47:42,3.05,2.95,60200,3.05,47300,0,1466300
TATAMOTORS30Jan20175PE.NFO,07/01/2020,09:47:46,3.05,2.95,38700,3.05,47300,4300,1462000
TATAMOTORS30Jan20175PE.NFO,07/01/2020,09:47:51,3.05,2.95,21500,3.05,47300,0,1462000
TATAMOTORS30Jan20175PE.NFO,07/01/2020,09:47:55,3.05,2.95,34400,3.05,43000,0,1462000
TATAMOTORS30Jan20175PE.NFO,07/01/2020,09:48:01,3.05,2.95,38700,3.05,43000,0,1462000
TATAMOTORS30Jan20175PE.NFO,07/01/2020,09:48:06,3.05,2.95,34400,3.05,38700,0,1462000
TATAMOTORS30Jan20175PE.NFO,07/01/2020,09:48:10,3.05,2.95,21500,3.05,47300,0,1462000
TATAMOTORS30Jan20175PE.NFO,07/01/2020,09:48:14,3.05,2.95,21500,3,12900,0,1462000
TATAMOTORS30Jan20175PE.NFO,07/01/2020,09:48:19,3.05,2.95,21500,3,17200,0,1462000
TATAMOTORS30Jan20175PE.NFO,07/01/2020,09:48:25,3.05,2.9,51600,3,47300,0,1462000
TATAMOTORS30Jan20175PE.NFO,07/01/2020,09:48:30,3.05,2.9,55900,3,38700,0,1462000
TATAMOTORS30Jan20175PE.NFO,07/01/2020,09:48:36,3.05,2.95,25800,3,30100,0,1462000
TATAMOTORS30Jan20175PE.NFO,07/01/2020,09:48:42,3.05,2.95,25800,3,25800,0,1462000
TATAMOTORS30Jan20175PE.NFO,07/01/2020,09:48:48,3.05,2.9,8600,2.95,17200,0,1462000
TATAMOTORS30Jan20175PE.NFO,07/01/2020,09:48:54,3.05,2.9,21500,2.95,17200,0,1462000
TATAMOTORS30Jan20175PE.NFO,07/01/2020,09:49:01,3.05,2.9,25800,2.95,17200,0,1462000
TATAMOTORS30Jan20175PE.NFO,07/01/2020,09:49:07,3.05,2.9,34400,3,47300,0,1462000
TATAMOTORS30Jan20175PE.NFO,07/01/2020,09:49:18,3,2.95,47300,3.05,17200,25800,1462000
TATAMOTORS30Jan20175PE.NFO,07/01/2020,09:49:23,3,3,38700,3.1,30100,0,1462000
TATAMOTORS30Jan20175PE.NFO,07/01/2020,09:49:30,3,3.05,34400,3.15,60200,0,1462000
TATAMOTORS30Jan20175PE.NFO,07/01/2020,09:49:36,3,3.05,34400,3.15,64500,0,1462000
TATAMOTORS30Jan20175PE.NFO,07/01/2020,09:49:41,3,3.05,17200,3.1,17200,0,1462000
TATAMOTORS30Jan20175PE.NFO,07/01/2020,09:49:46,3,3.05,17200,3.1,21500,0,1462000
TATAMOTORS30Jan20175PE.NFO,07/01/2020,09:49:51,3,3.05,34400,3.1,17200,0,1462000
TATAMOTORS30Jan20175PE.NFO,07/01/2020,09:49:56,3,3.05,34400,3.15,34400,0,1462000
TATAMOTORS30Jan20175PE.NFO,07/01/2020,09:50:10,3,3.05,38700,3.15,38700,0,1462000
TATAMOTORS30Jan20175PE.NFO,07/01/2020,09:50:26,3,3.1,4300,3.15,30100,0,1462000
TATAMOTORS30Jan20175PE.NFO,07/01/2020,09:50:48,3.1,3.1,17200,3.15,25800,4300,1466300
TATAMOTORS30Jan20175PE.NFO,07/01/2020,09:50:58,3.1,3.1,21500,3.15,30100,0,1466300
TATAMOTORS30Jan20175PE.NFO,07/01/2020,09:51:03,3.1,3.1,8600,3.15,30100,0,1466300
TATAMOTORS30Jan20175PE.NFO,07/01/2020,09:51:14,3.1,3.1,8600,3.15,25800,0,1466300
TATAMOTORS30Jan20175PE.NFO,07/01/2020,09:51:18,3.1,3.1,8600,3.15,21500,0,1466300
TATAMOTORS30Jan20175PE.NFO,07/01/2020,09:51:22,3.1,3.1,12900,3.15,25800,0,1466300
TATAMOTORS30Jan20175PE.NFO,07/01/2020,09:51:26,3.1,3.1,25800,3.15,25800,0,1466300
TATAMOTORS30Jan20175PE.NFO,07/01/2020,09:51:31,3.1,3.1,25800,3.15,21500,0,1466300
TATAMOTORS30Jan20175PE.NFO,07/01/2020,09:51:44,3.1,3.1,25800,3.15,25800,0,1466300
TATAMOTORS30Jan20175PE.NFO,07/01/2020,09:51:49,3.1,3.1,25800,3.15,21500,0,1466300
TATAMOTORS30Jan20175PE.NFO,07/01/2020,09:51:54,3.1,3.1,30100,3.15,8600,0,1466300
TATAMOTORS30Jan20175PE.NFO,07/01/2020,09:51:59,3.15,3.1,47300,3.2,55900,4300,1466300
TATAMOTORS30Jan20175PE.NFO,07/01/2020,09:51:59,3.15,3.1,47300,3.2,55900,0,1466300
TATAMOTORS30Jan20175PE.NFO,07/01/2020,09:52:09,3.15,3.1,60200,3.2,34400,0,1466300
TATAMOTORS30Jan20175PE.NFO,07/01/2020,09:52:35,3.15,3.1,64500,3.2,34400,0,1466300
TATAMOTORS30Jan20175PE.NFO,07/01/2020,09:52:57,3.15,3.1,51600,3.2,38700,0,1466300
TATAMOTORS30Jan20175PE.NFO,07/01/2020,09:53:09,3.15,3.1,55900,3.2,38700,0,1466300
TATAMOTORS30Jan20175PE.NFO,07/01/2020,09:53:20,3.15,3.1,68800,3.2,38700,0,1466300
TATAMOTORS30Jan20175PE.NFO,07/01/2020,09:53:30,3.15,3.1,77400,3.2,34400,0,1466300
TATAMOTORS30Jan20175PE.NFO,07/01/2020,09:53:35,3.15,3.1,73100,3.2,25800,0,1466300
TATAMOTORS30Jan20175PE.NFO,07/01/2020,09:53:40,3.15,3.15,25800,3.2,25800,0,1466300
TATAMOTORS30Jan20175PE.NFO,07/01/2020,09:53:45,3.15,3.15,21500,3.2,25800,0,1466300
TATAMOTORS30Jan20175PE.NFO,07/01/2020,09:53:50,3.15,3.1,60200,3.2,30100,0,1466300
TATAMOTORS30Jan20175PE.NFO,07/01/2020,09:54:16,3.15,3.1,60200,3.2,30100,12900,1470600
TATAMOTORS30Jan20175PE.NFO,07/01/2020,09:54:21,3.2,3.15,38700,3.25,30100,4300,1470600
TATAMOTORS30Jan20175PE.NFO,07/01/2020,09:54:21,3.2,3.15,38700,3.25,30100,0,1470600
TATAMOTORS30Jan20175PE.NFO,07/01/2020,09:54:27,3.2,3.15,47300,3.25,30100,0,1470600
TATAMOTORS30Jan20175PE.NFO,07/01/2020,09:54:32,3.2,3.15,47300,3.25,47300,0,1470600
TATAMOTORS30Jan20175PE.NFO,07/01/2020,09:54:37,3.2,3.15,43000,3.25,47300,0,1470600
TATAMOTORS30Jan20175PE.NFO,07/01/2020,09:54:56,3.2,3.15,30100,3.2,17200,0,1470600
TATAMOTORS30Jan20175PE.NFO,07/01/2020,09:55:02,3.2,3.15,43000,3.25,55900,0,1470600
TATAMOTORS30Jan20175PE.NFO,07/01/2020,09:55:08,3.2,3.15,21500,3.2,17200,0,1470600
TATAMOTORS30Jan20175PE.NFO,07/01/2020,09:55:13,3.2,3.15,38700,3.2,8600,0,1470600
TATAMOTORS30Jan20175PE.NFO,07/01/2020,09:55:19,3.2,3.15,30100,3.2,21500,0,1470600
TATAMOTORS30Jan20175PE.NFO,07/01/2020,09:55:25,3.2,3.15,25800,3.2,30100,0,1470600
TATAMOTORS30Jan20175PE.NFO,07/01/2020,09:55:40,3.15,3.1,64500,3.2,55900,8600,1470600
TATAMOTORS30Jan20175PE.NFO,07/01/2020,09:55:45,3.15,3.1,64500,3.2,60200,0,1470600
TATAMOTORS30Jan20175PE.NFO,07/01/2020,09:55:49,3.15,3.1,64500,3.15,12900,0,1470600
TATAMOTORS30Jan20175PE.NFO,07/01/2020,09:55:53,3.15,3.1,60200,3.15,12900,0,1470600
TATAMOTORS30Jan20175PE.NFO,07/01/2020,09:56:03,3.15,3.1,60200,3.15,25800,0,1470600
TATAMOTORS30Jan20175PE.NFO,07/01/2020,09:56:07,3.15,3.1,55900,3.15,25800,0,1470600
TATAMOTORS30Jan20175PE.NFO,07/01/2020,09:56:21,3.15,3.1,38700,3.15,25800,0,1470600
TATAMOTORS30Jan20175PE.NFO,07/01/2020,09:56:28,3.15,3.1,47300,3.15,25800,0,1470600
TATAMOTORS30Jan20175PE.NFO,07/01/2020,09:56:34,3.15,3.1,38700,3.15,25800,0,1470600
TATAMOTORS30Jan20175PE.NFO,07/01/2020,09:56:48,3.15,3.1,34400,3.15,25800,0,1470600
TATAMOTORS30Jan20175PE.NFO,07/01/2020,09:56:52,3.15,3.1,38700,3.15,25800,0,1470600
TATAMOTORS30Jan20175PE.NFO,07/01/2020,09:56:57,3.15,3.1,17200,3.15,25800,0,1470600
TATAMOTORS30Jan20175PE.NFO,07/01/2020,09:57:01,3.1,3.1,12900,3.15,17200,8600,1466300
TATAMOTORS30Jan20175PE.NFO,07/01/2020,09:57:06,3.1,3.1,8600,3.15,17200,0,1466300
TATAMOTORS30Jan20175PE.NFO,07/01/2020,09:57:10,3.1,3.1,8600,3.15,21500,0,1466300
TATAMOTORS30Jan20175PE.NFO,07/01/2020,09:57:16,3.1,3.1,8600,3.15,17200,0,1466300
TATAMOTORS30Jan20175PE.NFO,07/01/2020,09:57:51,3.1,3.1,12900,3.15,17200,0,1466300
TATAMOTORS30Jan20175PE.NFO,07/01/2020,09:57:59,3.1,3.1,25800,3.15,17200,0,1466300
TATAMOTORS30Jan20175PE.NFO,07/01/2020,09:58:34,3.1,3.1,8600,3.15,25800,0,1466300
TATAMOTORS30Jan20175PE.NFO,07/01/2020,09:58:39,3.1,3.1,8600,3.15,21500,0,1466300
TATAMOTORS30Jan20175PE.NFO,07/01/2020,09:58:49,3.1,3.1,30100,3.15,17200,0,1466300
TATAMOTORS30Jan20175PE.NFO,07/01/2020,09:59:07,3.1,3.1,64500,3.2,43000,0,1466300
TATAMOTORS30Jan20175PE.NFO,07/01/2020,09:59:12,3.1,3.1,64500,3.2,30100,0,1466300
TATAMOTORS30Jan20175PE.NFO,07/01/2020,09:59:18,3.1,3.15,34400,3.2,17200,0,1466300
TATAMOTORS30Jan20175PE.NFO,07/01/2020,09:59:30,3.1,3.15,38700,3.2,4300,0,1466300
TATAMOTORS30Jan20175PE.NFO,07/01/2020,09:59:35,3.1,3.15,34400,3.2,4300,0,1466300
TATAMOTORS30Jan20175PE.NFO,07/01/2020,09:59:39,3.1,3.15,30100,3.2,21500,0,1466300
TATAMOTORS30Jan20175PE.NFO,07/01/2020,09:59:44,3.1,3.15,30100,3.2,25800,0,1466300
TATAMOTORS30Jan20175PE.NFO,07/01/2020,09:59:49,3.1,3.15,25800,3.2,25800,0,1466300
TATAMOTORS30Jan20175PE.NFO,07/01/2020,10:00:01,3.1,3.15,25800,3.2,30100,0,1466300
TATAMOTORS30Jan20175PE.NFO,07/01/2020,10:00:06,3.1,3.15,30100,3.2,30100,0,1466300
TATAMOTORS30Jan20175PE.NFO,07/01/2020,10:00:21,3.1,3.15,30100,3.2,25800,0,1466300
TATAMOTORS30Jan20175PE.NFO,07/01/2020,10:00:41,3.2,3.15,43000,3.2,21500,4300,1462000
TATAMOTORS30Jan20175PE.NFO,07/01/2020,10:00:48,3.2,3.15,43000,3.2,8600,0,1462000
TATAMOTORS30Jan20175PE.NFO,07/01/2020,10:00:55,3.2,3.15,47300,3.2,8600,0,1462000
TATAMOTORS30Jan20175PE.NFO,07/01/2020,10:01:01,3.2,3.15,43000,3.2,8600,0,1462000
TATAMOTORS30Jan20175PE.NFO,07/01/2020,10:01:07,3.2,3.15,30100,3.2,25800,0,1462000
TATAMOTORS30Jan20175PE.NFO,07/01/2020,10:01:20,3.2,3.15,30100,3.2,21500,0,1462000
TATAMOTORS30Jan20175PE.NFO,07/01/2020,10:01:27,3.2,3.15,47300,3.2,8600,0,1462000
TATAMOTORS30Jan20175PE.NFO,07/01/2020,10:01:32,3.2,3.15,43000,3.2,8600,0,1462000
TATAMOTORS30Jan20175PE.NFO,07/01/2020,10:01:37,3.2,3.15,47300,3.2,8600,0,1462000
TATAMOTORS30Jan20175PE.NFO,07/01/2020,10:01:43,3.2,3.15,43000,3.2,8600,0,1462000
TATAMOTORS30Jan20175PE.NFO,07/01/2020,10:01:55,3.2,3.15,38700,3.2,8600,0,1462000
TATAMOTORS30Jan20175PE.NFO,07/01/2020,10:02:01,3.2,3.15,47300,3.2,8600,0,1462000
TATAMOTORS30Jan20175PE.NFO,07/01/2020,10:02:06,3.2,3.2,38700,3.25,8600,8600,1462000
TATAMOTORS30Jan20175PE.NFO,07/01/2020,10:02:12,3.2,3.2,17200,3.25,25800,0,1462000
TATAMOTORS30Jan20175PE.NFO,07/01/2020,10:02:17,3.2,3.2,30100,3.25,21500,0,1462000
TATAMOTORS30Jan20175PE.NFO,07/01/2020,10:02:22,3.2,3.2,17200,3.25,21500,0,1462000
TATAMOTORS30Jan20175PE.NFO,07/01/2020,10:02:27,3.2,3.2,25800,3.25,17200,0,1462000
TATAMOTORS30Jan20175PE.NFO,07/01/2020,10:02:32,3.2,3.2,43000,3.3,55900,0,1462000
TATAMOTORS30Jan20175PE.NFO,07/01/2020,10:02:37,3.2,3.2,43000,3.3,60200,0,1462000
TATAMOTORS30Jan20175PE.NFO,07/01/2020,10:02:47,3.2,3.2,30100,3.25,17200,0,1462000
TATAMOTORS30Jan20175PE.NFO,07/01/2020,10:02:52,3.2,3.15,34400,3.25,25800,4300,1457700
TATAMOTORS30Jan20175PE.NFO,07/01/2020,10:02:57,3.2,3.15,34400,3.25,25800,0,1457700
TATAMOTORS30Jan20175PE.NFO,07/01/2020,10:03:03,3.2,3.15,64500,3.25,43000,0,1457700
TATAMOTORS30Jan20175PE.NFO,07/01/2020,10:03:09,3.2,3.15,55900,3.25,47300,0,1457700
TATAMOTORS30Jan20175PE.NFO,07/01/2020,10:03:15,3.2,3.15,64500,3.25,21500,0,1457700
TATAMOTORS30Jan20175PE.NFO,07/01/2020,10:03:26,3.2,3.15,55900,3.25,25800,0,1457700
TATAMOTORS30Jan20175PE.NFO,07/01/2020,10:03:32,3.2,3.15,60200,3.25,25800,0,1457700
TATAMOTORS30Jan20175PE.NFO,07/01/2020,10:03:36,3.2,3.2,4300,3.25,21500,0,1457700
TATAMOTORS30Jan20175PE.NFO,07/01/2020,10:03:41,3.2,3.2,4300,3.25,38700,0,1457700
TATAMOTORS30Jan20175PE.NFO,07/01/2020,10:03:59,3.2,3.2,38700,3.3,60200,0,1457700
TATAMOTORS30Jan20175PE.NFO,07/01/2020,10:04:04,3.2,3.2,47300,3.3,60200,0,1457700
TATAMOTORS30Jan20175PE.NFO,07/01/2020,10:04:09,3.2,3.2,43000,3.3,38700,0,1457700
TATAMOTORS30Jan20175PE.NFO,07/01/2020,10:04:15,3.2,3.2,47300,3.3,38700,0,1457700
TATAMOTORS30Jan20175PE.NFO,07/01/2020,10:04:20,3.2,3.2,47300,3.3,43000,0,1457700
TATAMOTORS30Jan20175PE.NFO,07/01/2020,10:04:25,3.2,3.2,55900,3.3,43000,0,1457700
TATAMOTORS30Jan20175PE.NFO,07/01/2020,10:04:30,3.2,3.2,55900,3.3,51600,0,1457700
TATAMOTORS30Jan20175PE.NFO,07/01/2020,10:04:35,3.2,3.2,51600,3.3,60200,0,1457700
TATAMOTORS30Jan20175PE.NFO,07/01/2020,10:04:40,3.2,3.2,17200,3.25,30100,0,1457700
TATAMOTORS30Jan20175PE.NFO,07/01/2020,10:04:51,3.2,3.2,34400,3.3,47300,0,1457700
TATAMOTORS30Jan20175PE.NFO,07/01/2020,10:05:01,3.2,3.25,17200,3.3,8600,0,1457700
TATAMOTORS30Jan20175PE.NFO,07/01/2020,10:05:07,3.2,3.25,21500,3.3,12900,0,1457700
TATAMOTORS30Jan20175PE.NFO,07/01/2020,10:05:21,3.2,3.25,17200,3.3,12900,0,1457700
TATAMOTORS30Jan20175PE.NFO,07/01/2020,10:05:26,3.2,3.25,17200,3.3,17200,0,1457700
TATAMOTORS30Jan20175PE.NFO,07/01/2020,10:05:31,3.2,3.25,43000,3.35,51600,0,1457700
TATAMOTORS30Jan20175PE.NFO,07/01/2020,10:05:38,3.2,3.25,38700,3.3,12900,0,1457700
TATAMOTORS30Jan20175PE.NFO,07/01/2020,10:05:51,3.3,3.25,30100,3.3,8600,4300,1457700
TATAMOTORS30Jan20175PE.NFO,07/01/2020,10:05:51,3.3,3.25,30100,3.3,8600,0,1457700
TATAMOTORS30Jan20175PE.NFO,07/01/2020,10:05:56,3.3,3.25,43000,3.35,60200,0,1457700
TATAMOTORS30Jan20175PE.NFO,07/01/2020,10:06:02,3.3,3.25,34400,3.3,17200,0,1457700
TATAMOTORS30Jan20175PE.NFO,07/01/2020,10:06:08,3.3,3.25,30100,3.3,17200,0,1457700
TATAMOTORS30Jan20175PE.NFO,07/01/2020,10:06:14,3.3,3.25,25800,3.3,25800,0,1457700
TATAMOTORS30Jan20175PE.NFO,07/01/2020,10:06:20,3.25,3.2,34400,3.3,51600,4300,1457700
TATAMOTORS30Jan20175PE.NFO,07/01/2020,10:06:26,3.25,3.2,47300,3.3,51600,0,1457700
TATAMOTORS30Jan20175PE.NFO,07/01/2020,10:06:31,3.25,3.2,25800,3.25,17200,0,1457700
TATAMOTORS30Jan20175PE.NFO,07/01/2020,10:06:41,3.25,3.2,34400,3.25,12900,0,1457700
TATAMOTORS30Jan20175PE.NFO,07/01/2020,10:06:46,3.25,3.2,55900,3.3,43000,0,1457700
TATAMOTORS30Jan20175PE.NFO,07/01/2020,10:06:57,3.25,3.2,55900,3.3,38700,0,1457700
TATAMOTORS30Jan20175PE.NFO,07/01/2020,10:07:01,3.25,3.2,47300,3.3,43000,0,1457700
TATAMOTORS30Jan20175PE.NFO,07/01/2020,10:07:06,3.25,3.2,47300,3.3,34400,0,1457700
TATAMOTORS30Jan20175PE.NFO,07/01/2020,10:07:12,3.25,3.2,47300,3.3,30100,0,1457700
TATAMOTORS30Jan20175PE.NFO,07/01/2020,10:07:18,3.25,3.2,51600,3.3,30100,0,1457700
TATAMOTORS30Jan20175PE.NFO,07/01/2020,10:07:23,3.25,3.25,4300,3.3,25800,0,1457700
TATAMOTORS30Jan20175PE.NFO,07/01/2020,10:07:36,3.25,3.25,17200,3.3,25800,0,1457700
TATAMOTORS30Jan20175PE.NFO,07/01/2020,10:07:42,3.25,3.25,21500,3.3,25800,0,1457700
TATAMOTORS30Jan20175PE.NFO,07/01/2020,10:07:48,3.25,3.25,4300,3.3,30100,0,1457700
TATAMOTORS30Jan20175PE.NFO,07/01/2020,10:07:54,3.25,3.25,4300,3.3,12900,0,1457700
TATAMOTORS30Jan20175PE.NFO,07/01/2020,10:08:00,3.25,3.25,4300,3.3,21500,0,1457700
TATAMOTORS30Jan20175PE.NFO,07/01/2020,10:08:14,3.25,3.25,21500,3.3,17200,0,1457700
TATAMOTORS30Jan20175PE.NFO,07/01/2020,10:08:20,3.25,3.25,30100,3.3,12900,0,1457700
TATAMOTORS30Jan20175PE.NFO,07/01/2020,10:08:32,3.25,3.25,8600,3.3,21500,0,1457700
TATAMOTORS30Jan20175PE.NFO,07/01/2020,10:08:39,3.25,3.25,8600,3.3,34400,0,1457700
TATAMOTORS30Jan20175PE.NFO,07/01/2020,10:08:45,3.25,3.25,8600,3.3,43000,0,1457700
TATAMOTORS30Jan20175PE.NFO,07/01/2020,10:08:51,3.25,3.2,21500,3.25,21500,8600,1457700
TATAMOTORS30Jan20175PE.NFO,07/01/2020,10:08:57,3.25,3.2,17200,3.25,30100,0,1457700
TATAMOTORS30Jan20175PE.NFO,07/01/2020,10:09:07,3.25,3.2,34400,3.25,17200,0,1457700
TATAMOTORS30Jan20175PE.NFO,07/01/2020,10:09:12,3.2,3.2,4300,3.25,34400,12900,1457700
TATAMOTORS30Jan20175PE.NFO,07/01/2020,10:09:18,3.2,3.2,38700,3.3,38700,0,1457700
TATAMOTORS30Jan20175PE.NFO,07/01/2020,10:09:23,3.2,3.2,38700,3.3,43000,0,1457700
TATAMOTORS30Jan20175PE.NFO,07/01/2020,10:09:34,3.2,3.2,47300,3.3,30100,0,1457700
TATAMOTORS30Jan20175PE.NFO,07/01/2020,10:09:39,3.2,3.25,17200,3.3,25800,0,1457700
TATAMOTORS30Jan20175PE.NFO,07/01/2020,10:09:49,3.2,3.2,34400,3.3,38700,0,1457700
TATAMOTORS30Jan20175PE.NFO,07/01/2020,10:09:53,3.2,3.2,34400,3.3,43000,0,1457700
TATAMOTORS30Jan20175PE.NFO,07/01/2020,10:09:59,3.2,3.2,47300,3.3,60200,0,1457700
TATAMOTORS30Jan20175PE.NFO,07/01/2020,10:10:07,3.2,3.2,21500,3.3,64500,0,1457700
TATAMOTORS30Jan20175PE.NFO,07/01/2020,10:10:24,3.2,3.2,34400,3.3,47300,0,1457700
TATAMOTORS30Jan20175PE.NFO,07/01/2020,10:10:29,3.2,3.2,34400,3.3,51600,0,1457700
TATAMOTORS30Jan20175PE.NFO,07/01/2020,10:10:34,3.2,3.2,21500,3.3,55900,0,1457700
TATAMOTORS30Jan20175PE.NFO,07/01/2020,10:10:38,3.2,3.2,25800,3.3,47300,0,1457700
TATAMOTORS30Jan20175PE.NFO,07/01/2020,10:10:49,3.2,3.2,21500,3.3,55900,0,1457700
TATAMOTORS30Jan20175PE.NFO,07/01/2020,10:10:58,3.2,3.2,25800,3.3,55900,0,1457700
TATAMOTORS30Jan20175PE.NFO,07/01/2020,10:11:02,3.2,3.2,21500,3.25,17200,0,1457700
TATAMOTORS30Jan20175PE.NFO,07/01/2020,10:11:18,3.2,3.2,34400,3.3,43000,0,1457700
TATAMOTORS30Jan20175PE.NFO,07/01/2020,10:11:24,3.2,3.2,34400,3.3,47300,0,1457700
TATAMOTORS30Jan20175PE.NFO,07/01/2020,10:11:29,3.2,3.2,30100,3.3,43000,0,1457700
TATAMOTORS30Jan20175PE.NFO,07/01/2020,10:11:46,3.2,3.2,30100,3.3,47300,0,1457700
TATAMOTORS30Jan20175PE.NFO,07/01/2020,10:11:52,3.2,3.2,25800,3.3,47300,0,1457700
TATAMOTORS30Jan20175PE.NFO,07/01/2020,10:11:58,3.2,3.2,30100,3.3,47300,0,1457700
TATAMOTORS30Jan20175PE.NFO,07/01/2020,10:12:04,3.2,3.15,47300,3.25,30100,0,1457700
TATAMOTORS30Jan20175PE.NFO,07/01/2020,10:12:15,3.2,3.15,25800,3.25,47300,0,1457700
TATAMOTORS30Jan20175PE.NFO,07/01/2020,10:12:20,3.2,3.15,25800,3.25,43000,0,1457700
TATAMOTORS30Jan20175PE.NFO,07/01/2020,10:12:31,3.2,3.15,25800,3.25,38700,0,1457700
TATAMOTORS30Jan20175PE.NFO,07/01/2020,10:12:37,3.2,3.15,25800,3.25,25800,0,1457700
TATAMOTORS30Jan20175PE.NFO,07/01/2020,10:12:42,3.2,3.15,30100,3.25,25800,0,1457700
TATAMOTORS30Jan20175PE.NFO,07/01/2020,10:12:58,3.2,3.15,25800,3.25,38700,0,1457700
TATAMOTORS30Jan20175PE.NFO,07/01/2020,10:13:04,3.2,3.15,25800,3.25,43000,0,1457700
TATAMOTORS30Jan20175PE.NFO,07/01/2020,10:13:10,3.2,3.15,25800,3.25,55900,0,1457700
TATAMOTORS30Jan20175PE.NFO,07/01/2020,10:13:16,3.2,3.15,25800,3.25,47300,0,1457700
TATAMOTORS30Jan20175PE.NFO,07/01/2020,10:13:22,3.2,3.15,21500,3.2,17200,0,1457700
TATAMOTORS30Jan20175PE.NFO,07/01/2020,10:13:29,3.2,3.15,12900,3.2,17200,0,1457700
TATAMOTORS30Jan20175PE.NFO,07/01/2020,10:13:35,3.2,3.1,47300,3.2,30100,0,1457700
TATAMOTORS30Jan20175PE.NFO,07/01/2020,10:13:40,3.2,3.1,30100,3.15,12900,0,1457700
TATAMOTORS30Jan20175PE.NFO,07/01/2020,10:13:45,3.2,3.1,30100,3.2,38700,0,1457700
TATAMOTORS30Jan20175PE.NFO,07/01/2020,10:13:57,3.2,3.1,51600,3.2,34400,0,1457700
TATAMOTORS30Jan20175PE.NFO,07/01/2020,10:14:02,3.2,3.1,51600,3.2,30100,0,1457700
TATAMOTORS30Jan20175PE.NFO,07/01/2020,10:14:08,3.2,3.1,51600,3.2,34400,0,1457700
TATAMOTORS30Jan20175PE.NFO,07/01/2020,10:14:19,3.2,3.1,47300,3.2,47300,0,1457700
TATAMOTORS30Jan20175PE.NFO,07/01/2020,10:14:25,3.2,3.1,55900,3.2,43000,0,1457700
TATAMOTORS30Jan20175PE.NFO,07/01/2020,10:14:47,3.2,3.1,55900,3.2,47300,0,1457700
TATAMOTORS30Jan20175PE.NFO,07/01/2020,10:14:58,3.1,3.1,17200,3.2,51600,8600,1449100
TATAMOTORS30Jan20175PE.NFO,07/01/2020,10:15:05,3.1,3.1,12900,3.2,51600,4300,1449100
TATAMOTORS30Jan20175PE.NFO,07/01/2020,10:15:15,3.1,3.1,17200,3.2,47300,0,1449100
TATAMOTORS30Jan20175PE.NFO,07/01/2020,10:15:25,3.1,3.1,17200,3.15,17200,0,1449100
TATAMOTORS30Jan20175PE.NFO,07/01/2020,10:15:30,3.1,3.1,21500,3.2,38700,0,1449100
TATAMOTORS30Jan20175PE.NFO,07/01/2020,10:15:36,3.1,3.1,12900,3.15,12900,4300,1449100
TATAMOTORS30Jan20175PE.NFO,07/01/2020,10:15:42,3.1,3.1,12900,3.2,38700,0,1449100
TATAMOTORS30Jan20175PE.NFO,07/01/2020,10:15:47,3.1,3.1,12900,3.2,47300,0,1449100
TATAMOTORS30Jan20175PE.NFO,07/01/2020,10:15:53,3.1,3.1,30100,3.2,17200,0,1449100
TATAMOTORS30Jan20175PE.NFO,07/01/2020,10:16:04,3.1,3.1,25800,3.2,17200,0,1449100
TATAMOTORS30Jan20175PE.NFO,07/01/2020,10:16:21,3.1,3.1,25800,3.2,25800,0,1449100
TATAMOTORS30Jan20175PE.NFO,07/01/2020,10:16:25,3.1,3.1,25800,3.2,43000,0,1449100
TATAMOTORS30Jan20175PE.NFO,07/01/2020,10:16:36,3.1,3.1,25800,3.2,47300,0,1449100
TATAMOTORS30Jan20175PE.NFO,07/01/2020,10:16:41,3.1,3.1,25800,3.2,43000,0,1449100
TATAMOTORS30Jan20175PE.NFO,07/01/2020,10:16:46,3.1,3.1,25800,3.2,47300,0,1449100
TATAMOTORS30Jan20175PE.NFO,07/01/2020,10:16:50,3.1,3.1,25800,3.2,51600,0,1449100
TATAMOTORS30Jan20175PE.NFO,07/01/2020,10:16:56,3.1,3.05,43000,3.15,34400,0,1449100
TATAMOTORS30Jan20175PE.NFO,07/01/2020,10:17:07,3.1,3.05,43000,3.15,30100,0,1449100
TATAMOTORS30Jan20175PE.NFO,07/01/2020,10:17:13,3.1,3.05,34400,3.15,47300,0,1449100
TATAMOTORS30Jan20175PE.NFO,07/01/2020,10:17:23,3.1,3.1,12900,3.15,30100,0,1449100
TATAMOTORS30Jan20175PE.NFO,07/01/2020,10:17:27,3.1,3.1,25800,3.15,30100,0,1449100
TATAMOTORS30Jan20175PE.NFO,07/01/2020,10:17:33,3.1,3.1,30100,3.2,43000,0,1449100
TATAMOTORS30Jan20175PE.NFO,07/01/2020,10:17:38,3.1,3.1,30100,3.15,8600,0,1449100
TATAMOTORS30Jan20175PE.NFO,07/01/2020,10:17:43,3.1,3.1,30100,3.2,47300,0,1449100
TATAMOTORS30Jan20175PE.NFO,07/01/2020,10:17:55,3.1,3.1,30100,3.2,55900,0,1449100
TATAMOTORS30Jan20175PE.NFO,07/01/2020,10:17:59,3.1,3.1,30100,3.2,60200,0,1449100
TATAMOTORS30Jan20175PE.NFO,07/01/2020,10:18:03,3.1,3.1,30100,3.2,55900,0,1449100
TATAMOTORS30Jan20175PE.NFO,07/01/2020,10:18:15,3.1,3.1,34400,3.2,60200,0,1449100
TATAMOTORS30Jan20175PE.NFO,07/01/2020,10:18:19,3.1,3.1,34400,3.15,17200,0,1449100
TATAMOTORS30Jan20175PE.NFO,07/01/2020,10:18:22,3.1,3.1,25800,3.15,30100,0,1449100
TATAMOTORS30Jan20175PE.NFO,07/01/2020,10:18:25,3.1,3.1,12900,3.15,30100,0,1449100
TATAMOTORS30Jan20175PE.NFO,07/01/2020,10:18:29,3.1,3.1,17200,3.15,30100,0,1449100
TATAMOTORS30Jan20175PE.NFO,07/01/2020,10:18:34,3.1,3.1,17200,3.15,8600,0,1449100
TATAMOTORS30Jan20175PE.NFO,07/01/2020,10:18:39,3.1,3.1,25800,3.2,47300,0,1449100
TATAMOTORS30Jan20175PE.NFO,07/01/2020,10:18:59,3.1,3.1,25800,3.2,51600,0,1449100
TATAMOTORS30Jan20175PE.NFO,07/01/2020,10:19:03,3.1,3.1,25800,3.15,8600,0,1449100
TATAMOTORS30Jan20175PE.NFO,07/01/2020,10:19:16,3.1,3.05,25800,3.15,55900,0,1449100
TATAMOTORS30Jan20175PE.NFO,07/01/2020,10:19:21,3.1,3,51600,3.1,43000,0,1449100
TATAMOTORS30Jan20175PE.NFO,07/01/2020,10:19:26,3.1,3,25800,3.1,55900,0,1449100
TATAMOTORS30Jan20175PE.NFO,07/01/2020,10:19:30,3.1,3,17200,3.05,17200,0,1449100
TATAMOTORS30Jan20175PE.NFO,07/01/2020,10:19:34,3.1,3,30100,3.1,51600,0,1449100
TATAMOTORS30Jan20175PE.NFO,07/01/2020,10:19:38,3.1,3,43000,3.05,12900,0,1449100
TATAMOTORS30Jan20175PE.NFO,07/01/2020,10:19:43,3.05,3,60200,3.1,51600,4300,1449100
TATAMOTORS30Jan20175PE.NFO,07/01/2020,10:19:48,3,2.95,38700,3.05,43000,21500,1449100
TATAMOTORS30Jan20175PE.NFO,07/01/2020,10:19:53,3,2.95,55900,3.05,43000,0,1449100
TATAMOTORS30Jan20175PE.NFO,07/01/2020,10:19:59,3,2.95,51600,3.05,43000,0,1449100
TATAMOTORS30Jan20175PE.NFO,07/01/2020,10:20:04,3,3,12900,3.05,34400,0,1449100
TATAMOTORS30Jan20175PE.NFO,07/01/2020,10:20:23,3,3,12900,3.05,25800,0,1449100
TATAMOTORS30Jan20175PE.NFO,07/01/2020,10:20:28,3,3,17200,3.05,25800,0,1449100
TATAMOTORS30Jan20175PE.NFO,07/01/2020,10:20:32,3,3,17200,3.05,21500,0,1449100
TATAMOTORS30Jan20175PE.NFO,07/01/2020,10:20:37,3,2.95,38700,3.05,38700,4300,1431900
TATAMOTORS30Jan20175PE.NFO,07/01/2020,10:20:40,3,2.95,38700,3.05,38700,0,1431900
TATAMOTORS30Jan20175PE.NFO,07/01/2020,10:20:44,3,2.95,38700,3.05,51600,0,1431900
TATAMOTORS30Jan20175PE.NFO,07/01/2020,10:20:49,3,2.95,30100,3.05,55900,0,1431900
TATAMOTORS30Jan20175PE.NFO,07/01/2020,10:20:53,3,2.9,43000,3,38700,0,1431900
TATAMOTORS30Jan20175PE.NFO,07/01/2020,10:21:02,3,2.9,25800,3,47300,0,1431900
TATAMOTORS30Jan20175PE.NFO,07/01/2020,10:21:07,3,2.9,21500,3,43000,0,1431900
TATAMOTORS30Jan20175PE.NFO,07/01/2020,10:21:11,3,2.9,47300,3,43000,0,1431900
TATAMOTORS30Jan20175PE.NFO,07/01/2020,10:21:16,3,2.9,47300,3,47300,0,1431900
TATAMOTORS30Jan20175PE.NFO,07/01/2020,10:21:21,3,2.9,12900,2.95,12900,0,1431900
TATAMOTORS30Jan20175PE.NFO,07/01/2020,10:21:26,2.95,2.9,17200,2.95,8600,4300,1431900
TATAMOTORS30Jan20175PE.NFO,07/01/2020,10:21:31,2.95,2.9,17200,2.95,21500,0,1431900
TATAMOTORS30Jan20175PE.NFO,07/01/2020,10:21:36,2.95,2.9,4300,2.95,17200,4300,1431900
TATAMOTORS30Jan20175PE.NFO,07/01/2020,10:21:41,2.95,2.9,17200,2.95,17200,0,1431900
TATAMOTORS30Jan20175PE.NFO,07/01/2020,10:21:49,2.95,2.9,43000,3,47300,4300,1431900
TATAMOTORS30Jan20175PE.NFO,07/01/2020,10:21:59,2.95,2.9,34400,3,51600,0,1431900
TATAMOTORS30Jan20175PE.NFO,07/01/2020,10:22:07,2.95,2.9,43000,3,47300,0,1431900
TATAMOTORS30Jan20175PE.NFO,07/01/2020,10:22:13,2.95,2.9,43000,3,34400,0,1431900
TATAMOTORS30Jan20175PE.NFO,07/01/2020,10:22:22,2.95,2.9,43000,3,38700,0,1431900
TATAMOTORS30Jan20175PE.NFO,07/01/2020,10:22:30,2.95,2.95,25800,3,4300,0,1431900
TATAMOTORS30Jan20175PE.NFO,07/01/2020,10:22:34,2.95,2.95,25800,3,8600,0,1431900
TATAMOTORS30Jan20175PE.NFO,07/01/2020,10:22:39,3,2.95,34400,3.05,43000,4300,1431900
TATAMOTORS30Jan20175PE.NFO,07/01/2020,10:22:45,3,2.95,51600,3.05,17200,0,1431900
TATAMOTORS30Jan20175PE.NFO,07/01/2020,10:22:52,3,3,43000,3.1,47300,0,1431900
TATAMOTORS30Jan20175PE.NFO,07/01/2020,10:22:57,3,3,38700,3.1,47300,0,1431900
TATAMOTORS30Jan20175PE.NFO,07/01/2020,10:23:02,3,2.95,43000,3.05,34400,0,1431900
TATAMOTORS30Jan20175PE.NFO,07/01/2020,10:23:08,3,2.95,38700,3.05,43000,0,1431900
TATAMOTORS30Jan20175PE.NFO,07/01/2020,10:23:18,3,2.95,38700,3.05,38700,0,1431900
TATAMOTORS30Jan20175PE.NFO,07/01/2020,10:23:27,3,2.95,51600,3.05,34400,0,1431900
TATAMOTORS30Jan20175PE.NFO,07/01/2020,10:23:37,3,2.95,47300,3.05,43000,0,1431900
TATAMOTORS30Jan20175PE.NFO,07/01/2020,10:24:16,3,3,12900,3.05,34400,0,1431900
TATAMOTORS30Jan20175PE.NFO,07/01/2020,10:24:21,3,3,12900,3.05,25800,0,1431900
TATAMOTORS30Jan20175PE.NFO,07/01/2020,10:24:25,3,3,12900,3.05,30100,0,1431900
TATAMOTORS30Jan20175PE.NFO,07/01/2020,10:24:29,3,3,12900,3.05,21500,0,1431900
TATAMOTORS30Jan20175PE.NFO,07/01/2020,10:24:32,3,3,12900,3.05,25800,0,1431900
TATAMOTORS30Jan20175PE.NFO,07/01/2020,10:24:35,3,3,25800,3.05,4300,0,1431900
TATAMOTORS30Jan20175PE.NFO,07/01/2020,10:24:39,3,3,25800,3.05,8600,0,1431900
TATAMOTORS30Jan20175PE.NFO,07/01/2020,10:24:44,3,3,25800,3.05,21500,0,1431900
TATAMOTORS30Jan20175PE.NFO,07/01/2020,10:24:52,3,3,21500,3.05,21500,0,1431900
TATAMOTORS30Jan20175PE.NFO,07/01/2020,10:24:56,3,3,21500,3.05,12900,0,1431900
TATAMOTORS30Jan20175PE.NFO,07/01/2020,10:25:01,3,3,21500,3.05,25800,0,1431900
TATAMOTORS30Jan20175PE.NFO,07/01/2020,10:25:05,3,3,25800,3.05,8600,0,1431900
TATAMOTORS30Jan20175PE.NFO,07/01/2020,10:25:13,3,3,21500,3.05,4300,0,1431900
TATAMOTORS30Jan20175PE.NFO,07/01/2020,10:25:16,3,3,21500,3.05,8600,0,1431900
TATAMOTORS30Jan20175PE.NFO,07/01/2020,10:25:20,3,3,21500,3.05,12900,0,1431900
TATAMOTORS30Jan20175PE.NFO,07/01/2020,10:25:24,3,3,25800,3.05,17200,0,1431900
TATAMOTORS30Jan20175PE.NFO,07/01/2020,10:25:28,3,3,47300,3.1,47300,0,1431900
TATAMOTORS30Jan20175PE.NFO,07/01/2020,10:25:33,3,3,47300,3.1,43000,0,1431900
TATAMOTORS30Jan20175PE.NFO,07/01/2020,10:25:46,3,3,43000,3.1,51600,0,1431900
TATAMOTORS30Jan20175PE.NFO,07/01/2020,10:25:51,3,3,38700,3.1,51600,0,1431900
TATAMOTORS30Jan20175PE.NFO,07/01/2020,10:26:06,3,3,43000,3.1,55900,0,1431900
TATAMOTORS30Jan20175PE.NFO,07/01/2020,10:26:24,3,3,47300,3.1,55900,0,1431900
TATAMOTORS30Jan20175PE.NFO,07/01/2020,10:26:28,3,3,47300,3.1,51600,0,1431900
TATAMOTORS30Jan20175PE.NFO,07/01/2020,10:26:34,3,3,51600,3.1,51600,0,1431900
TATAMOTORS30Jan20175PE.NFO,07/01/2020,10:26:38,3,3,47300,3.1,51600,0,1431900
TATAMOTORS30Jan20175PE.NFO,07/01/2020,10:26:43,3,3,60200,3.1,51600,0,1431900
TATAMOTORS30Jan20175PE.NFO,07/01/2020,10:26:47,3,3.05,25800,3.15,47300,0,1431900
TATAMOTORS30Jan20175PE.NFO,07/01/2020,10:26:51,3,3.05,25800,3.1,12900,0,1431900
TATAMOTORS30Jan20175PE.NFO,07/01/2020,10:26:56,3,3.05,21500,3.1,12900,0,1431900
TATAMOTORS30Jan20175PE.NFO,07/01/2020,10:27:04,3,3.05,21500,3.1,8600,0,1431900
TATAMOTORS30Jan20175PE.NFO,07/01/2020,10:27:09,3,3.05,25800,3.1,8600,0,1431900
TATAMOTORS30Jan20175PE.NFO,07/01/2020,10:27:17,3,3,60200,3.1,43000,0,1431900
TATAMOTORS30Jan20175PE.NFO,07/01/2020,10:27:21,3,3.05,12900,3.1,38700,0,1431900
TATAMOTORS30Jan20175PE.NFO,07/01/2020,10:27:32,3,3.1,17200,3.15,17200,0,1431900
TATAMOTORS30Jan20175PE.NFO,07/01/2020,10:27:45,3,3.1,30100,3.2,55900,0,1431900
TATAMOTORS30Jan20175PE.NFO,07/01/2020,10:27:50,3,3.1,34400,3.2,55900,0,1431900
TATAMOTORS30Jan20175PE.NFO,07/01/2020,10:27:54,3,3.1,34400,3.2,51600,0,1431900
TATAMOTORS30Jan20175PE.NFO,07/01/2020,10:28:11,3,3.1,21500,3.15,12900,0,1431900
TATAMOTORS30Jan20175PE.NFO,07/01/2020,10:28:16,3,3.1,17200,3.15,21500,0,1431900
TATAMOTORS30Jan20175PE.NFO,07/01/2020,10:28:25,3,3.1,4300,3.15,38700,0,1431900
TATAMOTORS30Jan20175PE.NFO,07/01/2020,10:28:30,3,3.05,43000,3.15,47300,0,1431900
TATAMOTORS30Jan20175PE.NFO,07/01/2020,10:28:34,3,3.05,43000,3.15,51600,0,1431900
TATAMOTORS30Jan20175PE.NFO,07/01/2020,10:28:45,3,3.05,43000,3.15,47300,0,1431900
TATAMOTORS30Jan20175PE.NFO,07/01/2020,10:29:01,3,3.05,38700,3.1,4300,0,1431900
TATAMOTORS30Jan20175PE.NFO,07/01/2020,10:29:12,3,3.05,38700,3.15,55900,0,1431900
TATAMOTORS30Jan20175PE.NFO,07/01/2020,10:29:15,3,3.05,43000,3.15,55900,0,1431900
TATAMOTORS30Jan20175PE.NFO,07/01/2020,10:29:23,3,3.1,8600,3.15,25800,0,1431900
TATAMOTORS30Jan20175PE.NFO,07/01/2020,10:29:27,3,3.1,25800,3.2,55900,0,1431900
TATAMOTORS30Jan20175PE.NFO,07/01/2020,10:29:31,3,3.1,21500,3.2,51600,0,1431900
TATAMOTORS30Jan20175PE.NFO,07/01/2020,10:29:35,3,3.1,25800,3.2,55900,0,1431900
TATAMOTORS30Jan20175PE.NFO,07/01/2020,10:29:38,3,3.1,25800,3.2,51600,0,1431900
TATAMOTORS30Jan20175PE.NFO,07/01/2020,10:29:45,3,3.1,25800,3.2,55900,0,1431900
TATAMOTORS30Jan20175PE.NFO,07/01/2020,10:29:49,3,3.1,21500,3.2,55900,0,1431900
TATAMOTORS30Jan20175PE.NFO,07/01/2020,10:29:54,3,3.1,12900,3.15,17200,0,1431900
TATAMOTORS30Jan20175PE.NFO,07/01/2020,10:30:00,3,3.1,25800,3.15,21500,0,1431900
TATAMOTORS30Jan20175PE.NFO,07/01/2020,10:30:14,3,3.1,30100,3.15,8600,0,1431900
TATAMOTORS30Jan20175PE.NFO,07/01/2020,10:30:17,3,3.1,30100,3.15,4300,0,1431900
TATAMOTORS30Jan20175PE.NFO,07/01/2020,10:30:21,3,3.1,25800,3.15,21500,0,1431900
TATAMOTORS30Jan20175PE.NFO,07/01/2020,10:30:31,3,3.1,30100,3.15,21500,0,1431900
TATAMOTORS30Jan20175PE.NFO,07/01/2020,10:30:35,3,3.1,30100,3.15,17200,0,1431900
TATAMOTORS30Jan20175PE.NFO,07/01/2020,10:30:40,3,3.1,30100,3.15,12900,0,1431900
TATAMOTORS30Jan20175PE.NFO,07/01/2020,10:31:23,3,3.1,25800,3.15,25800,0,1431900
TATAMOTORS30Jan20175PE.NFO,07/01/2020,10:31:31,3,3.1,25800,3.15,21500,0,1431900
TATAMOTORS30Jan20175PE.NFO,07/01/2020,10:31:34,3,3.1,30100,3.15,12900,0,1431900
TATAMOTORS30Jan20175PE.NFO,07/01/2020,10:31:38,3,3.1,25800,3.15,12900,0,1431900
TATAMOTORS30Jan20175PE.NFO,07/01/2020,10:31:42,3,3.1,30100,3.15,12900,0,1431900
TATAMOTORS30Jan20175PE.NFO,07/01/2020,10:31:46,3,3.1,30100,3.2,43000,0,1431900
TATAMOTORS30Jan20175PE.NFO,07/01/2020,10:31:50,3.15,3.1,34400,3.2,43000,4300,1431900
TATAMOTORS30Jan20175PE.NFO,07/01/2020,10:31:54,3.15,3.1,38700,3.2,34400,0,1431900
TATAMOTORS30Jan20175PE.NFO,07/01/2020,10:31:58,3.15,3.1,38700,3.2,38700,0,1431900
TATAMOTORS30Jan20175PE.NFO,07/01/2020,10:32:27,3.15,3.1,51600,3.2,30100,0,1431900
TATAMOTORS30Jan20175PE.NFO,07/01/2020,10:32:31,3.15,3.1,51600,3.2,25800,0,1431900
TATAMOTORS30Jan20175PE.NFO,07/01/2020,10:32:59,3.15,3.1,43000,3.2,43000,0,1431900
TATAMOTORS30Jan20175PE.NFO,07/01/2020,10:33:05,3.15,3.1,47300,3.2,43000,0,1431900
TATAMOTORS30Jan20175PE.NFO,07/01/2020,10:33:11,3.15,3.1,47300,3.2,38700,0,1431900
TATAMOTORS30Jan20175PE.NFO,07/01/2020,10:33:14,3.15,3.1,47300,3.2,43000,0,1431900
TATAMOTORS30Jan20175PE.NFO,07/01/2020,10:33:24,3.15,3.1,21500,3.15,12900,0,1431900
TATAMOTORS30Jan20175PE.NFO,07/01/2020,10:33:39,3.15,3.1,8600,3.15,12900,0,1431900
TATAMOTORS30Jan20175PE.NFO,07/01/2020,10:33:46,3.15,3.1,4300,3.15,25800,0,1431900
TATAMOTORS30Jan20175PE.NFO,07/01/2020,10:33:54,3.15,3.05,47300,3.15,43000,0,1431900
TATAMOTORS30Jan20175PE.NFO,07/01/2020,10:34:02,3.15,3.05,47300,3.15,38700,0,1431900
TATAMOTORS30Jan20175PE.NFO,07/01/2020,10:34:08,3.15,3.05,38700,3.15,55900,0,1431900
TATAMOTORS30Jan20175PE.NFO,07/01/2020,10:34:15,3.15,3.05,43000,3.15,47300,0,1431900
TATAMOTORS30Jan20175PE.NFO,07/01/2020,10:34:24,3.15,3.05,38700,3.15,55900,0,1431900
TATAMOTORS30Jan20175PE.NFO,07/01/2020,10:34:28,3.15,3.05,34400,3.15,51600,0,1431900
TATAMOTORS30Jan20175PE.NFO,07/01/2020,10:34:32,3.15,3.05,34400,3.15,60200,0,1431900
TATAMOTORS30Jan20175PE.NFO,07/01/2020,10:34:40,3.15,3.05,34400,3.15,64500,0,1431900
TATAMOTORS30Jan20175PE.NFO,07/01/2020,10:34:49,3.15,3,55900,3.1,30100,0,1431900
TATAMOTORS30Jan20175PE.NFO,07/01/2020,10:34:54,3.15,3.05,21500,3.1,25800,0,1431900
TATAMOTORS30Jan20175PE.NFO,07/01/2020,10:35:12,3.15,3.05,25800,3.1,25800,0,1431900
TATAMOTORS30Jan20175PE.NFO,07/01/2020,10:35:25,3.15,3.05,34400,3.15,51600,0,1431900
TATAMOTORS30Jan20175PE.NFO,07/01/2020,10:35:29,3.15,3.05,30100,3.1,8600,0,1431900
TATAMOTORS30Jan20175PE.NFO,07/01/2020,10:35:33,3.15,3.05,34400,3.15,51600,0,1431900
TATAMOTORS30Jan20175PE.NFO,07/01/2020,10:35:40,3.15,3.05,34400,3.1,17200,0,1431900
TATAMOTORS30Jan20175PE.NFO,07/01/2020,10:35:45,3.15,3.05,34400,3.15,51600,0,1431900
TATAMOTORS30Jan20175PE.NFO,07/01/2020,10:35:53,3.15,3.05,38700,3.15,43000,0,1431900
TATAMOTORS30Jan20175PE.NFO,07/01/2020,10:36:04,3.15,3.05,38700,3.15,51600,0,1431900
TATAMOTORS30Jan20175PE.NFO,07/01/2020,10:36:27,3.15,3.05,38700,3.15,47300,0,1431900
TATAMOTORS30Jan20175PE.NFO,07/01/2020,10:36:39,3.15,3.05,38700,3.15,51600,0,1431900
TATAMOTORS30Jan20175PE.NFO,07/01/2020,10:36:45,3.15,3.05,34400,3.15,51600,0,1431900
TATAMOTORS30Jan20175PE.NFO,07/01/2020,10:36:59,3.15,3.05,30100,3.15,64500,0,1431900
TATAMOTORS30Jan20175PE.NFO,07/01/2020,10:37:03,3.15,3.05,38700,3.15,51600,0,1431900
TATAMOTORS30Jan20175PE.NFO,07/01/2020,10:37:18,3.15,3.05,51600,3.15,51600,0,1431900
TATAMOTORS30Jan20175PE.NFO,07/01/2020,10:37:21,3.15,3.1,17200,3.15,25800,0,1431900
TATAMOTORS30Jan20175PE.NFO,07/01/2020,10:37:24,3.15,3.1,17200,3.15,21500,0,1431900
TATAMOTORS30Jan20175PE.NFO,07/01/2020,10:37:44,3.15,3.1,21500,3.15,25800,0,1431900
TATAMOTORS30Jan20175PE.NFO,07/01/2020,10:37:51,3.15,3.1,21500,3.15,17200,0,1431900
TATAMOTORS30Jan20175PE.NFO,07/01/2020,10:37:54,3.15,3.1,17200,3.15,30100,0,1431900
TATAMOTORS30Jan20175PE.NFO,07/01/2020,10:38:05,3.1,3.05,43000,3.15,47300,4300,1431900
TATAMOTORS30Jan20175PE.NFO,07/01/2020,10:38:11,3.1,3.05,43000,3.15,47300,0,1431900
TATAMOTORS30Jan20175PE.NFO,07/01/2020,10:38:14,3.1,3.05,51600,3.15,43000,0,1431900
TATAMOTORS30Jan20175PE.NFO,07/01/2020,10:38:24,3.1,3.1,4300,3.15,43000,0,1431900
TATAMOTORS30Jan20175PE.NFO,07/01/2020,10:38:27,3.1,3.1,4300,3.15,38700,0,1431900
TATAMOTORS30Jan20175PE.NFO,07/01/2020,10:38:44,3.1,3.1,4300,3.15,43000,0,1431900
TATAMOTORS30Jan20175PE.NFO,07/01/2020,10:38:54,3.1,3.1,4300,3.15,38700,0,1431900
TATAMOTORS30Jan20175PE.NFO,07/01/2020,10:38:57,3.1,3.1,8600,3.15,38700,0,1431900
TATAMOTORS30Jan20175PE.NFO,07/01/2020,10:39:01,3.1,3.1,8600,3.15,34400,0,1431900
TATAMOTORS30Jan20175PE.NFO,07/01/2020,10:39:06,3.1,3.1,21500,3.15,8600,0,1431900
TATAMOTORS30Jan20175PE.NFO,07/01/2020,10:39:10,3.1,3.1,21500,3.15,12900,0,1431900
TATAMOTORS30Jan20175PE.NFO,07/01/2020,10:39:15,3.1,3.1,21500,3.15,25800,0,1431900
TATAMOTORS30Jan20175PE.NFO,07/01/2020,10:39:30,3.1,3.1,25800,3.15,12900,0,1431900
TATAMOTORS30Jan20175PE.NFO,07/01/2020,10:39:44,3.1,3.1,38700,3.2,47300,0,1431900
TATAMOTORS30Jan20175PE.NFO,07/01/2020,10:40:11,3.1,3.1,21500,3.15,17200,0,1431900
TATAMOTORS30Jan20175PE.NFO,07/01/2020,10:40:16,3.1,3.1,25800,3.2,51600,0,1431900
TATAMOTORS30Jan20175PE.NFO,07/01/2020,10:40:20,3.1,3.1,25800,3.15,21500,0,1431900
TATAMOTORS30Jan20175PE.NFO,07/01/2020,10:40:24,3.1,3.1,34400,3.15,8600,0,1431900
TATAMOTORS30Jan20175PE.NFO,07/01/2020,10:40:28,3.1,3.1,30100,3.15,8600,0,1431900
TATAMOTORS30Jan20175PE.NFO,07/01/2020,10:40:32,3.1,3.1,34400,3.2,55900,0,1431900
TATAMOTORS30Jan20175PE.NFO,07/01/2020,10:40:35,3.1,3.1,34400,3.2,47300,0,1431900
TATAMOTORS30Jan20175PE.NFO,07/01/2020,10:40:39,3.1,3.1,34400,3.2,43000,0,1431900
TATAMOTORS30Jan20175PE.NFO,07/01/2020,10:40:43,3.1,3.1,34400,3.2,51600,0,1431900
TATAMOTORS30Jan20175PE.NFO,07/01/2020,10:40:56,3.1,3.1,30100,3.2,47300,0,1431900
TATAMOTORS30Jan20175PE.NFO,07/01/2020,10:41:06,3.1,3.1,34400,3.2,47300,0,1431900
TATAMOTORS30Jan20175PE.NFO,07/01/2020,10:41:21,3.1,3.1,12900,3.15,25800,0,1431900
TATAMOTORS30Jan20175PE.NFO,07/01/2020,10:41:27,3.1,3.1,8600,3.15,25800,0,1431900
TATAMOTORS30Jan20175PE.NFO,07/01/2020,10:41:33,3.1,3.1,4300,3.15,25800,0,1431900
TATAMOTORS30Jan20175PE.NFO,07/01/2020,10:41:45,3.1,3.1,8600,3.15,25800,0,1431900
TATAMOTORS30Jan20175PE.NFO,07/01/2020,10:41:52,3.1,3.1,4300,3.15,25800,0,1431900
TATAMOTORS30Jan20175PE.NFO,07/01/2020,10:42:00,3.1,3.1,4300,3.15,30100,0,1431900
TATAMOTORS30Jan20175PE.NFO,07/01/2020,10:42:04,3.1,3.05,34400,3.15,68800,4300,1436200
TATAMOTORS30Jan20175PE.NFO,07/01/2020,10:42:14,3.1,3.05,34400,3.15,60200,0,1436200
TATAMOTORS30Jan20175PE.NFO,07/01/2020,10:42:42,3.1,3.05,34400,3.15,64500,0,1436200
TATAMOTORS30Jan20175PE.NFO,07/01/2020,10:43:21,3.1,3.05,25800,3.15,64500,0,1436200
TATAMOTORS30Jan20175PE.NFO,07/01/2020,10:43:24,3.1,3.1,17200,3.15,21500,0,1436200
TATAMOTORS30Jan20175PE.NFO,07/01/2020,10:43:29,3.1,3.05,21500,3.15,51600,4300,1436200
TATAMOTORS30Jan20175PE.NFO,07/01/2020,10:43:36,3.1,3.05,25800,3.15,47300,0,1436200
TATAMOTORS30Jan20175PE.NFO,07/01/2020,10:43:47,3.1,3.05,25800,3.15,38700,0,1436200
TATAMOTORS30Jan20175PE.NFO,07/01/2020,10:43:50,3.1,3.05,25800,3.15,43000,0,1436200
TATAMOTORS30Jan20175PE.NFO,07/01/2020,10:43:54,3.1,3.05,25800,3.15,38700,0,1436200
TATAMOTORS30Jan20175PE.NFO,07/01/2020,10:44:08,3.15,3.05,43000,3.15,34400,4300,1436200
TATAMOTORS30Jan20175PE.NFO,07/01/2020,10:44:12,3.15,3.05,43000,3.15,34400,0,1436200
TATAMOTORS30Jan20175PE.NFO,07/01/2020,10:44:27,3.15,3.05,38700,3.15,43000,0,1436200
TATAMOTORS30Jan20175PE.NFO,07/01/2020,10:44:47,3.15,3.1,21500,3.2,55900,0,1436200
TATAMOTORS30Jan20175PE.NFO,07/01/2020,10:44:50,3.15,3.1,21500,3.2,51600,0,1436200
TATAMOTORS30Jan20175PE.NFO,07/01/2020,10:45:01,3.15,3.1,21500,3.2,55900,0,1436200
TATAMOTORS30Jan20175PE.NFO,07/01/2020,10:45:11,3.15,3.1,25800,3.2,55900,0,1436200
TATAMOTORS30Jan20175PE.NFO,07/01/2020,10:45:16,3.15,3.1,4300,3.15,25800,0,1436200
TATAMOTORS30Jan20175PE.NFO,07/01/2020,10:45:21,3.15,3.1,17200,3.15,17200,0,1436200
TATAMOTORS30Jan20175PE.NFO,07/01/2020,10:45:25,3.15,3.05,43000,3.15,25800,0,1436200
TATAMOTORS30Jan20175PE.NFO,07/01/2020,10:45:29,3.15,3.1,30100,3.2,51600,0,1436200
TATAMOTORS30Jan20175PE.NFO,07/01/2020,10:45:32,3.15,3.1,30100,3.2,55900,0,1436200
TATAMOTORS30Jan20175PE.NFO,07/01/2020,10:45:38,3.15,3.1,30100,3.2,47300,0,1436200
TATAMOTORS30Jan20175PE.NFO,07/01/2020,10:45:41,3.15,3.1,30100,3.2,51600,0,1436200
TATAMOTORS30Jan20175PE.NFO,07/01/2020,10:45:47,3.15,3.1,25800,3.2,60200,0,1436200
TATAMOTORS30Jan20175PE.NFO,07/01/2020,10:45:50,3.15,3.1,25800,3.2,55900,0,1436200
TATAMOTORS30Jan20175PE.NFO,07/01/2020,10:45:58,3.15,3.1,30100,3.2,55900,0,1436200
TATAMOTORS30Jan20175PE.NFO,07/01/2020,10:46:09,3.15,3.1,34400,3.2,55900,0,1436200
TATAMOTORS30Jan20175PE.NFO,07/01/2020,10:46:19,3.15,3.1,21500,3.2,55900,0,1436200
TATAMOTORS30Jan20175PE.NFO,07/01/2020,10:46:22,3.15,3.1,25800,3.2,55900,0,1436200
TATAMOTORS30Jan20175PE.NFO,07/01/2020,10:46:26,3.15,3.1,21500,3.2,55900,0,1436200
TATAMOTORS30Jan20175PE.NFO,07/01/2020,10:46:29,3.15,3.1,25800,3.2,55900,0,1436200
TATAMOTORS30Jan20175PE.NFO,07/01/2020,10:46:43,3.15,3.1,21500,3.2,55900,0,1436200
TATAMOTORS30Jan20175PE.NFO,07/01/2020,10:46:46,3.15,3.1,25800,3.2,55900,0,1436200
TATAMOTORS30Jan20175PE.NFO,07/01/2020,10:47:00,3.15,3.1,21500,3.2,55900,0,1436200
TATAMOTORS30Jan20175PE.NFO,07/01/2020,10:47:04,3.15,3.1,25800,3.2,55900,0,1436200
TATAMOTORS30Jan20175PE.NFO,07/01/2020,10:47:10,3.15,3.1,21500,3.15,17200,0,1436200
TATAMOTORS30Jan20175PE.NFO,07/01/2020,10:47:12,3.15,3.1,21500,3.15,25800,0,1436200
TATAMOTORS30Jan20175PE.NFO,07/01/2020,10:47:16,3.1,3.05,43000,3.15,55900,4300,1444800
TATAMOTORS30Jan20175PE.NFO,07/01/2020,10:47:22,3.1,3.05,43000,3.15,47300,0,1444800
TATAMOTORS30Jan20175PE.NFO,07/01/2020,10:47:26,3.1,3.05,38700,3.1,12900,0,1444800
TATAMOTORS30Jan20175PE.NFO,07/01/2020,10:47:37,3.1,3.05,12900,3.1,25800,0,1444800
TATAMOTORS30Jan20175PE.NFO,07/01/2020,10:47:41,3.1,3,47300,3.1,30100,0,1444800
TATAMOTORS30Jan20175PE.NFO,07/01/2020,10:47:52,3.1,3,47300,3.1,25800,0,1444800
TATAMOTORS30Jan20175PE.NFO,07/01/2020,10:48:04,3.1,3,47300,3.1,30100,0,1444800
TATAMOTORS30Jan20175PE.NFO,07/01/2020,10:48:12,3.1,3.05,17200,3.1,8600,0,1444800
TATAMOTORS30Jan20175PE.NFO,07/01/2020,10:48:17,3.1,3.05,17200,3.1,12900,0,1444800
TATAMOTORS30Jan20175PE.NFO,07/01/2020,10:48:20,3.1,3.05,12900,3.1,25800,0,1444800
TATAMOTORS30Jan20175PE.NFO,07/01/2020,10:48:23,3.1,3.05,17200,3.1,25800,0,1444800
TATAMOTORS30Jan20175PE.NFO,07/01/2020,10:48:33,3.1,3.05,25800,3.15,38700,8600,1449100
TATAMOTORS30Jan20175PE.NFO,07/01/2020,10:48:39,3.1,3.05,30100,3.15,38700,0,1449100
TATAMOTORS30Jan20175PE.NFO,07/01/2020,10:48:44,3.1,3.05,25800,3.15,47300,0,1449100
TATAMOTORS30Jan20175PE.NFO,07/01/2020,10:48:51,3.1,3.05,25800,3.15,38700,0,1449100
TATAMOTORS30Jan20175PE.NFO,07/01/2020,10:48:55,3.1,3.05,25800,3.15,30100,0,1449100
TATAMOTORS30Jan20175PE.NFO,07/01/2020,10:48:59,3.1,3.05,21500,3.15,38700,0,1449100
TATAMOTORS30Jan20175PE.NFO,07/01/2020,10:49:03,3.1,3.05,25800,3.15,38700,0,1449100
TATAMOTORS30Jan20175PE.NFO,07/01/2020,10:49:41,3.1,3.05,34400,3.15,34400,0,1449100
TATAMOTORS30Jan20175PE.NFO,07/01/2020,10:49:44,3.1,3.05,30100,3.15,34400,0,1449100
TATAMOTORS30Jan20175PE.NFO,07/01/2020,10:49:51,3.1,3.05,34400,3.15,34400,0,1449100
TATAMOTORS30Jan20175PE.NFO,07/01/2020,10:50:01,3.15,3.1,8600,3.2,55900,4300,1449100
TATAMOTORS30Jan20175PE.NFO,07/01/2020,10:50:07,3.15,3.1,21500,3.2,43000,0,1449100
TATAMOTORS30Jan20175PE.NFO,07/01/2020,10:50:11,3.15,3.1,17200,3.15,17200,0,1449100
TATAMOTORS30Jan20175PE.NFO,07/01/2020,10:50:17,3.15,3.1,8600,3.15,17200,0,1449100
TATAMOTORS30Jan20175PE.NFO,07/01/2020,10:50:33,3.1,3.1,17200,3.15,12900,8600,1457700
TATAMOTORS30Jan20175PE.NFO,07/01/2020,10:50:39,3.1,3.1,17200,3.15,12900,0,1457700
TATAMOTORS30Jan20175PE.NFO,07/01/2020,10:50:44,3.1,3.1,12900,3.15,12900,0,1457700
TATAMOTORS30Jan20175PE.NFO,07/01/2020,10:50:52,3.1,3.1,17200,3.15,12900,0,1457700
TATAMOTORS30Jan20175PE.NFO,07/01/2020,10:50:57,3.1,3.1,8600,3.15,12900,8600,1457700
TATAMOTORS30Jan20175PE.NFO,07/01/2020,10:51:01,3.1,3.1,4300,3.15,12900,0,1457700
TATAMOTORS30Jan20175PE.NFO,07/01/2020,10:51:04,3.1,3.1,30100,3.15,12900,0,1457700
TATAMOTORS30Jan20175PE.NFO,07/01/2020,10:51:08,3.1,3.1,38700,3.2,38700,0,1457700
TATAMOTORS30Jan20175PE.NFO,07/01/2020,10:51:13,3.1,3.1,30100,3.2,17200,0,1457700
TATAMOTORS30Jan20175PE.NFO,07/01/2020,10:51:17,3.1,3.1,25800,3.2,17200,0,1457700
TATAMOTORS30Jan20175PE.NFO,07/01/2020,10:51:21,3.1,3.1,30100,3.2,30100,4300,1457700
TATAMOTORS30Jan20175PE.NFO,07/01/2020,10:51:25,3.1,3.1,30100,3.2,30100,0,1457700
TATAMOTORS30Jan20175PE.NFO,07/01/2020,10:51:29,3.1,3.1,25800,3.2,30100,0,1457700
TATAMOTORS30Jan20175PE.NFO,07/01/2020,10:51:33,3.1,3.1,30100,3.2,17200,0,1457700
TATAMOTORS30Jan20175PE.NFO,07/01/2020,10:51:36,3.1,3.1,30100,3.2,21500,0,1457700
TATAMOTORS30Jan20175PE.NFO,07/01/2020,10:51:40,3.1,3.1,25800,3.2,21500,0,1457700
TATAMOTORS30Jan20175PE.NFO,07/01/2020,10:51:45,3.1,3.1,12900,3.15,4300,0,1457700
TATAMOTORS30Jan20175PE.NFO,07/01/2020,10:51:57,3.1,3.1,43000,3.2,30100,0,1457700
TATAMOTORS30Jan20175PE.NFO,07/01/2020,10:52:15,3.1,3.1,34400,3.2,30100,0,1457700
TATAMOTORS30Jan20175PE.NFO,07/01/2020,10:52:29,3.1,3.1,30100,3.2,30100,0,1457700
TATAMOTORS30Jan20175PE.NFO,07/01/2020,10:52:41,3.1,3.1,30100,3.2,25800,0,1457700
TATAMOTORS30Jan20175PE.NFO,07/01/2020,10:52:45,3.1,3.1,30100,3.2,34400,0,1457700
TATAMOTORS30Jan20175PE.NFO,07/01/2020,10:52:58,3.1,3.1,30100,3.2,30100,0,1457700
TATAMOTORS30Jan20175PE.NFO,07/01/2020,10:53:11,3.1,3.1,30100,3.2,25800,0,1457700
TATAMOTORS30Jan20175PE.NFO,07/01/2020,10:53:24,3.1,3.1,25800,3.2,25800,0,1457700
TATAMOTORS30Jan20175PE.NFO,07/01/2020,10:53:30,3.1,3.1,21500,3.2,25800,0,1457700
TATAMOTORS30Jan20175PE.NFO,07/01/2020,10:53:35,3.1,3.1,34400,3.2,25800,0,1457700
TATAMOTORS30Jan20175PE.NFO,07/01/2020,10:53:52,3.1,3.1,30100,3.2,12900,0,1457700
TATAMOTORS30Jan20175PE.NFO,07/01/2020,10:54:05,3.1,3.1,38700,3.2,12900,0,1457700
TATAMOTORS30Jan20175PE.NFO,07/01/2020,10:54:17,3.2,3.15,34400,3.25,12900,8600,1470600
TATAMOTORS30Jan20175PE.NFO,07/01/2020,10:54:23,3.2,3.15,34400,3.25,17200,0,1470600
TATAMOTORS30Jan20175PE.NFO,07/01/2020,10:54:28,3.2,3.15,25800,3.25,34400,0,1470600
TATAMOTORS30Jan20175PE.NFO,07/01/2020,10:54:37,3.2,3.15,34400,3.25,21500,0,1470600
TATAMOTORS30Jan20175PE.NFO,07/01/2020,10:54:42,3.2,3.15,38700,3.25,25800,0,1470600
TATAMOTORS30Jan20175PE.NFO,07/01/2020,10:54:51,3.25,3.15,38700,3.25,21500,4300,1470600
TATAMOTORS30Jan20175PE.NFO,07/01/2020,10:55:00,3.25,3.15,38700,3.25,21500,0,1470600
TATAMOTORS30Jan20175PE.NFO,07/01/2020,10:55:14,3.25,3.15,47300,3.25,4300,0,1470600
TATAMOTORS30Jan20175PE.NFO,07/01/2020,10:55:18,3.25,3.15,38700,3.25,8600,0,1470600
TATAMOTORS30Jan20175PE.NFO,07/01/2020,10:55:22,3.25,3.15,47300,3.25,8600,0,1470600
TATAMOTORS30Jan20175PE.NFO,07/01/2020,10:55:32,3.3,3.25,43000,3.35,17200,8600,1470600
TATAMOTORS30Jan20175PE.NFO,07/01/2020,10:55:38,3.3,3.25,21500,3.3,12900,0,1470600
TATAMOTORS30Jan20175PE.NFO,07/01/2020,10:55:43,3.3,3.25,21500,3.3,8600,0,1470600
TATAMOTORS30Jan20175PE.NFO,07/01/2020,10:55:52,3.3,3.25,38700,3.35,38700,0,1470600
TATAMOTORS30Jan20175PE.NFO,07/01/2020,10:56:01,3.3,3.25,25800,3.35,34400,0,1470600
TATAMOTORS30Jan20175PE.NFO,07/01/2020,10:56:12,3.3,3.25,34400,3.35,38700,0,1470600
TATAMOTORS30Jan20175PE.NFO,07/01/2020,10:56:17,3.3,3.25,17200,3.3,25800,0,1470600
TATAMOTORS30Jan20175PE.NFO,07/01/2020,10:56:22,3.3,3.25,21500,3.3,8600,0,1470600
TATAMOTORS30Jan20175PE.NFO,07/01/2020,10:56:26,3.3,3.25,30100,3.35,43000,0,1470600
TATAMOTORS30Jan20175PE.NFO,07/01/2020,10:56:30,3.3,3.25,34400,3.35,43000,0,1470600
TATAMOTORS30Jan20175PE.NFO,07/01/2020,10:56:35,3.3,3.25,30100,3.35,38700,0,1470600
TATAMOTORS30Jan20175PE.NFO,07/01/2020,10:56:41,3.3,3.25,21500,3.3,17200,0,1470600
TATAMOTORS30Jan20175PE.NFO,07/01/2020,10:56:46,3.3,3.25,21500,3.3,8600,8600,1470600
TATAMOTORS30Jan20175PE.NFO,07/01/2020,10:56:50,3.3,3.25,21500,3.3,4300,0,1470600
TATAMOTORS30Jan20175PE.NFO,07/01/2020,10:56:54,3.3,3.25,43000,3.35,30100,0,1470600
TATAMOTORS30Jan20175PE.NFO,07/01/2020,10:57:07,3.3,3.25,47300,3.35,30100,0,1470600
TATAMOTORS30Jan20175PE.NFO,07/01/2020,10:57:13,3.3,3.3,25800,3.4,47300,0,1470600
TATAMOTORS30Jan20175PE.NFO,07/01/2020,10:57:20,3.3,3.3,17200,3.35,4300,0,1470600
TATAMOTORS30Jan20175PE.NFO,07/01/2020,10:57:27,3.3,3.25,21500,3.35,38700,17200,1470600
TATAMOTORS30Jan20175PE.NFO,07/01/2020,10:57:33,3.3,3.2,43000,3.3,8600,0,1470600
TATAMOTORS30Jan20175PE.NFO,07/01/2020,10:57:39,3.3,3.2,34400,3.3,25800,0,1470600
TATAMOTORS30Jan20175PE.NFO,07/01/2020,10:57:45,3.3,3.2,4300,3.25,12900,0,1470600
TATAMOTORS30Jan20175PE.NFO,07/01/2020,10:57:51,3.3,3.15,55900,3.25,12900,0,1470600
TATAMOTORS30Jan20175PE.NFO,07/01/2020,10:58:00,3.3,3.2,12900,3.3,47300,0,1470600
TATAMOTORS30Jan20175PE.NFO,07/01/2020,10:58:05,3.3,3.2,21500,3.3,43000,0,1470600
TATAMOTORS30Jan20175PE.NFO,07/01/2020,10:58:10,3.3,3.2,17200,3.25,8600,0,1470600
TATAMOTORS30Jan20175PE.NFO,07/01/2020,10:58:20,3.3,3.2,17200,3.25,4300,0,1470600
TATAMOTORS30Jan20175PE.NFO,07/01/2020,10:58:26,3.3,3.2,17200,3.25,8600,0,1470600
TATAMOTORS30Jan20175PE.NFO,07/01/2020,10:58:42,3.3,3.2,51600,3.3,25800,0,1470600
TATAMOTORS30Jan20175PE.NFO,07/01/2020,10:58:48,3.3,3.2,47300,3.25,4300,0,1470600
TATAMOTORS30Jan20175PE.NFO,07/01/2020,10:58:54,3.3,3.2,47300,3.3,21500,0,1470600
TATAMOTORS30Jan20175PE.NFO,07/01/2020,10:58:59,3.3,3.25,17200,3.35,47300,0,1470600
TATAMOTORS30Jan20175PE.NFO,07/01/2020,10:59:16,3.3,3.25,21500,3.35,38700,0,1470600
TATAMOTORS30Jan20175PE.NFO,07/01/2020,10:59:20,3.3,3.25,21500,3.35,43000,0,1470600
TATAMOTORS30Jan20175PE.NFO,07/01/2020,10:59:25,3.3,3.25,21500,3.35,38700,0,1470600
TATAMOTORS30Jan20175PE.NFO,07/01/2020,10:59:48,3.3,3.25,12900,3.3,4300,0,1470600
TATAMOTORS30Jan20175PE.NFO,07/01/2020,10:59:53,3.3,3.25,8600,3.3,12900,0,1470600
TATAMOTORS30Jan20175PE.NFO,07/01/2020,11:00:17,3.3,3.25,34400,3.35,25800,0,1470600
TATAMOTORS30Jan20175PE.NFO,07/01/2020,11:00:23,3.3,3.25,34400,3.35,30100,0,1470600
TATAMOTORS30Jan20175PE.NFO,07/01/2020,11:00:30,3.3,3.25,38700,3.35,17200,0,1470600
TATAMOTORS30Jan20175PE.NFO,07/01/2020,11:00:37,3.3,3.25,43000,3.35,17200,0,1470600
TATAMOTORS30Jan20175PE.NFO,07/01/2020,11:00:44,3.3,3.25,38700,3.35,17200,0,1470600
TATAMOTORS30Jan20175PE.NFO,07/01/2020,11:00:50,3.3,3.3,17200,3.35,8600,0,1470600
TATAMOTORS30Jan20175PE.NFO,07/01/2020,11:00:58,3.3,3.3,30100,3.4,38700,0,1470600
TATAMOTORS30Jan20175PE.NFO,07/01/2020,11:01:06,3.35,3.35,25800,3.45,30100,8600,1474900
TATAMOTORS30Jan20175PE.NFO,07/01/2020,11:01:06,3.4,3.35,25800,3.45,30100,0,1474900
TATAMOTORS30Jan20175PE.NFO,07/01/2020,11:01:13,3.35,3.35,17200,3.4,8600,0,1474900
TATAMOTORS30Jan20175PE.NFO,07/01/2020,11:01:21,3.35,3.35,30100,3.45,43000,0,1474900
TATAMOTORS30Jan20175PE.NFO,07/01/2020,11:01:28,3.35,3.35,25800,3.45,43000,0,1474900
TATAMOTORS30Jan20175PE.NFO,07/01/2020,11:01:35,3.35,3.35,8600,3.4,17200,0,1474900
TATAMOTORS30Jan20175PE.NFO,07/01/2020,11:01:43,3.35,3.3,30100,3.4,21500,0,1474900
TATAMOTORS30Jan20175PE.NFO,07/01/2020,11:01:51,3.35,3.3,17200,3.4,43000,0,1474900
TATAMOTORS30Jan20175PE.NFO,07/01/2020,11:01:59,3.35,3.3,34400,3.4,12900,0,1474900
TATAMOTORS30Jan20175PE.NFO,07/01/2020,11:02:12,3.35,3.3,25800,3.4,30100,0,1474900
TATAMOTORS30Jan20175PE.NFO,07/01/2020,11:02:19,3.35,3.3,34400,3.4,30100,0,1474900
TATAMOTORS30Jan20175PE.NFO,07/01/2020,11:02:26,3.35,3.3,34400,3.4,25800,0,1474900
TATAMOTORS30Jan20175PE.NFO,07/01/2020,11:02:33,3.35,3.3,38700,3.4,17200,0,1474900
TATAMOTORS30Jan20175PE.NFO,07/01/2020,11:02:46,3.35,3.3,38700,3.4,8600,0,1474900
TATAMOTORS30Jan20175PE.NFO,07/01/2020,11:03:05,3.35,3.3,38700,3.4,4300,0,1474900
TATAMOTORS30Jan20175PE.NFO,07/01/2020,11:03:12,3.35,3.35,12900,3.4,8600,0,1474900
TATAMOTORS30Jan20175PE.NFO,07/01/2020,11:03:19,3.35,3.35,17200,3.45,34400,0,1474900
TATAMOTORS30Jan20175PE.NFO,07/01/2020,11:03:25,3.35,3.35,8600,3.4,4300,0,1474900
TATAMOTORS30Jan20175PE.NFO,07/01/2020,11:03:31,3.35,3.35,12900,3.4,8600,0,1474900
TATAMOTORS30Jan20175PE.NFO,07/01/2020,11:03:37,3.35,3.35,21500,3.45,43000,0,1474900
TATAMOTORS30Jan20175PE.NFO,07/01/2020,11:03:44,3.35,3.35,30100,3.45,21500,0,1474900
TATAMOTORS30Jan20175PE.NFO,07/01/2020,11:03:57,3.35,3.35,25800,3.4,8600,0,1474900
TATAMOTORS30Jan20175PE.NFO,07/01/2020,11:04:04,3.35,3.35,30100,3.45,25800,0,1474900
TATAMOTORS30Jan20175PE.NFO,07/01/2020,11:04:11,3.35,3.35,30100,3.45,21500,0,1474900
TATAMOTORS30Jan20175PE.NFO,07/01/2020,11:04:30,3.35,3.35,34400,3.45,21500,0,1474900
TATAMOTORS30Jan20175PE.NFO,07/01/2020,11:04:37,3.35,3.35,30100,3.45,21500,0,1474900
TATAMOTORS30Jan20175PE.NFO,07/01/2020,11:04:44,3.35,3.35,38700,3.45,8600,0,1474900
TATAMOTORS30Jan20175PE.NFO,07/01/2020,11:04:51,3.35,3.35,30100,3.45,12900,0,1474900
TATAMOTORS30Jan20175PE.NFO,07/01/2020,11:04:58,3.35,3.35,30100,3.4,4300,0,1474900
TATAMOTORS30Jan20175PE.NFO,07/01/2020,11:05:05,3.35,3.35,30100,3.45,17200,0,1474900
TATAMOTORS30Jan20175PE.NFO,07/01/2020,11:05:11,3.35,3.35,30100,3.45,12900,0,1474900
TATAMOTORS30Jan20175PE.NFO,07/01/2020,11:05:18,3.35,3.4,4300,3.45,12900,0,1474900
TATAMOTORS30Jan20175PE.NFO,07/01/2020,11:05:25,3.35,3.4,8600,3.45,17200,0,1474900
TATAMOTORS30Jan20175PE.NFO,07/01/2020,11:05:31,3.4,3.35,25800,3.45,34400,4300,1474900
TATAMOTORS30Jan20175PE.NFO,07/01/2020,11:05:38,3.4,3.35,25800,3.45,34400,0,1474900
TATAMOTORS30Jan20175PE.NFO,07/01/2020,11:05:44,3.4,3.35,8600,3.4,12900,0,1474900
TATAMOTORS30Jan20175PE.NFO,07/01/2020,11:05:51,3.4,3.3,34400,3.4,34400,0,1474900
TATAMOTORS30Jan20175PE.NFO,07/01/2020,11:05:58,3.4,3.3,25800,3.35,4300,0,1474900
TATAMOTORS30Jan20175PE.NFO,07/01/2020,11:06:05,3.3,3.3,8600,3.35,34400,4300,1479200
TATAMOTORS30Jan20175PE.NFO,07/01/2020,11:06:12,3.3,3.3,8600,3.35,34400,0,1479200
TATAMOTORS30Jan20175PE.NFO,07/01/2020,11:06:18,3.3,3.25,30100,3.35,34400,0,1479200
TATAMOTORS30Jan20175PE.NFO,07/01/2020,11:06:24,3.3,3.25,34400,3.35,8600,0,1479200
TATAMOTORS30Jan20175PE.NFO,07/01/2020,11:06:31,3.3,3.3,30100,3.35,8600,0,1479200
TATAMOTORS30Jan20175PE.NFO,07/01/2020,11:06:36,3.3,3.3,34400,3.35,8600,0,1479200
TATAMOTORS30Jan20175PE.NFO,07/01/2020,11:06:41,3.3,3.3,34400,3.4,43000,0,1479200
TATAMOTORS30Jan20175PE.NFO,07/01/2020,11:06:46,3.3,3.3,34400,3.35,8600,0,1479200
TATAMOTORS30Jan20175PE.NFO,07/01/2020,11:06:52,3.3,3.3,30100,3.35,8600,0,1479200
TATAMOTORS30Jan20175PE.NFO,07/01/2020,11:06:57,3.3,3.3,34400,3.35,8600,0,1479200
TATAMOTORS30Jan20175PE.NFO,07/01/2020,11:07:09,3.3,3.3,34400,3.4,25800,0,1479200
TATAMOTORS30Jan20175PE.NFO,07/01/2020,11:07:19,3.3,3.3,30100,3.35,8600,0,1479200
TATAMOTORS30Jan20175PE.NFO,07/01/2020,11:07:24,3.3,3.3,21500,3.35,8600,0,1479200
TATAMOTORS30Jan20175PE.NFO,07/01/2020,11:07:29,3.3,3.3,30100,3.35,12900,0,1479200
TATAMOTORS30Jan20175PE.NFO,07/01/2020,11:07:35,3.3,3.3,30100,3.4,34400,0,1479200
TATAMOTORS30Jan20175PE.NFO,07/01/2020,11:08:29,3.3,3.3,25800,3.4,34400,0,1479200
TATAMOTORS30Jan20175PE.NFO,07/01/2020,11:08:34,3.3,3.3,21500,3.35,8600,0,1479200
TATAMOTORS30Jan20175PE.NFO,07/01/2020,11:08:40,3.3,3.3,30100,3.4,17200,0,1479200
TATAMOTORS30Jan20175PE.NFO,07/01/2020,11:08:44,3.3,3.3,34400,3.4,8600,0,1479200
TATAMOTORS30Jan20175PE.NFO,07/01/2020,11:08:53,3.3,3.3,34400,3.4,17200,0,1479200
TATAMOTORS30Jan20175PE.NFO,07/01/2020,11:08:57,3.3,3.3,34400,3.4,21500,0,1479200
TATAMOTORS30Jan20175PE.NFO,07/01/2020,11:09:02,3.3,3.3,34400,3.4,25800,0,1479200
TATAMOTORS30Jan20175PE.NFO,07/01/2020,11:09:06,3.3,3.3,38700,3.4,25800,0,1479200
TATAMOTORS30Jan20175PE.NFO,07/01/2020,11:09:11,3.3,3.3,34400,3.4,34400,0,1479200
TATAMOTORS30Jan20175PE.NFO,07/01/2020,11:09:17,3.3,3.3,30100,3.35,8600,0,1479200
TATAMOTORS30Jan20175PE.NFO,07/01/2020,11:09:22,3.35,3.3,43000,3.4,4300,4300,1479200
TATAMOTORS30Jan20175PE.NFO,07/01/2020,11:09:27,3.35,3.3,43000,3.45,51600,0,1479200
TATAMOTORS30Jan20175PE.NFO,07/01/2020,11:09:33,3.35,3.35,38700,3.45,4300,0,1479200
TATAMOTORS30Jan20175PE.NFO,07/01/2020,11:09:38,3.35,3.35,60200,3.5,25800,0,1479200
TATAMOTORS30Jan20175PE.NFO,07/01/2020,11:09:43,3.35,3.45,4300,3.5,4300,0,1479200
TATAMOTORS30Jan20175PE.NFO,07/01/2020,11:09:48,3.35,3.4,21500,3.5,25800,0,1479200
TATAMOTORS30Jan20175PE.NFO,07/01/2020,11:09:52,3.35,3.4,21500,3.5,30100,0,1479200
TATAMOTORS30Jan20175PE.NFO,07/01/2020,11:09:56,3.35,3.4,17200,3.5,30100,0,1479200
TATAMOTORS30Jan20175PE.NFO,07/01/2020,11:10:09,3.35,3.45,25800,3.5,17200,0,1479200
TATAMOTORS30Jan20175PE.NFO,07/01/2020,11:10:14,3.5,3.4,21500,3.5,21500,25800,1479200
TATAMOTORS30Jan20175PE.NFO,07/01/2020,11:10:14,3.5,3.4,21500,3.5,21500,0,1479200
TATAMOTORS30Jan20175PE.NFO,07/01/2020,11:10:19,3.5,3.4,43000,3.5,8600,17200,1479200
TATAMOTORS30Jan20175PE.NFO,07/01/2020,11:10:24,3.5,3.4,38700,3.5,12900,0,1479200
TATAMOTORS30Jan20175PE.NFO,07/01/2020,11:10:28,3.5,3.4,51600,3.5,8600,0,1479200
TATAMOTORS30Jan20175PE.NFO,07/01/2020,11:10:39,3.5,3.45,4300,3.5,4300,0,1479200
TATAMOTORS30Jan20175PE.NFO,07/01/2020,11:10:42,3.5,3.4,47300,3.5,4300,4300,1479200
TATAMOTORS30Jan20175PE.NFO,07/01/2020,11:10:46,3.5,3.45,4300,3.55,51600,0,1479200
TATAMOTORS30Jan20175PE.NFO,07/01/2020,11:10:49,3.5,3.45,4300,3.55,55900,0,1479200
TATAMOTORS30Jan20175PE.NFO,07/01/2020,11:10:53,3.5,3.45,8600,3.55,55900,0,1479200
TATAMOTORS30Jan20175PE.NFO,07/01/2020,11:10:56,3.5,3.45,12900,3.55,55900,0,1479200
TATAMOTORS30Jan20175PE.NFO,07/01/2020,11:10:59,3.5,3.45,17200,3.55,25800,0,1479200
TATAMOTORS30Jan20175PE.NFO,07/01/2020,11:11:03,3.5,3.45,17200,3.55,21500,0,1479200
TATAMOTORS30Jan20175PE.NFO,07/01/2020,11:11:13,3.5,3.5,17200,3.6,38700,0,1479200
TATAMOTORS30Jan20175PE.NFO,07/01/2020,11:11:20,3.5,3.5,68800,3.6,34400,4300,1479200
TATAMOTORS30Jan20175PE.NFO,07/01/2020,11:11:28,3.5,3.55,55900,3.65,21500,0,1479200
TATAMOTORS30Jan20175PE.NFO,07/01/2020,11:11:36,3.5,3.55,90300,3.65,4300,0,1479200
TATAMOTORS30Jan20175PE.NFO,07/01/2020,11:11:44,3.65,3.6,12900,3.7,38700,43000,1505000
TATAMOTORS30Jan20175PE.NFO,07/01/2020,11:11:44,3.65,3.6,12900,3.7,38700,0,1505000
TATAMOTORS30Jan20175PE.NFO,07/01/2020,11:11:50,3.65,3.6,34400,3.65,21500,0,1505000
TATAMOTORS30Jan20175PE.NFO,07/01/2020,11:11:56,3.65,3.6,8600,3.65,17200,0,1505000
TATAMOTORS30Jan20175PE.NFO,07/01/2020,11:12:04,3.65,3.65,8600,3.7,21500,0,1505000
TATAMOTORS30Jan20175PE.NFO,07/01/2020,11:12:13,3.65,3.6,94600,3.7,21500,4300,1505000
TATAMOTORS30Jan20175PE.NFO,07/01/2020,11:12:20,3.65,3.6,94600,3.7,21500,0,1505000
TATAMOTORS30Jan20175PE.NFO,07/01/2020,11:12:25,3.65,3.65,12900,3.75,38700,0,1505000
TATAMOTORS30Jan20175PE.NFO,07/01/2020,11:12:31,3.65,3.65,4300,3.7,12900,0,1505000
TATAMOTORS30Jan20175PE.NFO,07/01/2020,11:12:37,3.65,3.6,17200,3.7,21500,0,1505000
TATAMOTORS30Jan20175PE.NFO,07/01/2020,11:12:42,3.65,3.6,21500,3.7,21500,0,1505000
TATAMOTORS30Jan20175PE.NFO,07/01/2020,11:12:48,3.65,3.6,17200,3.7,21500,0,1505000
TATAMOTORS30Jan20175PE.NFO,07/01/2020,11:12:54,3.65,3.6,21500,3.7,21500,0,1505000
TATAMOTORS30Jan20175PE.NFO,07/01/2020,11:13:08,3.65,3.65,30100,3.75,17200,0,1505000
TATAMOTORS30Jan20175PE.NFO,07/01/2020,11:13:14,3.7,3.65,34400,3.75,21500,8600,1505000
TATAMOTORS30Jan20175PE.NFO,07/01/2020,11:13:14,3.7,3.65,34400,3.75,21500,0,1505000
TATAMOTORS30Jan20175PE.NFO,07/01/2020,11:13:20,3.7,3.7,25800,3.75,12900,8600,1505000
TATAMOTORS30Jan20175PE.NFO,07/01/2020,11:13:25,3.7,3.7,38700,3.75,12900,4300,1505000
TATAMOTORS30Jan20175PE.NFO,07/01/2020,11:13:30,3.7,3.7,55900,3.8,60200,0,1505000
TATAMOTORS30Jan20175PE.NFO,07/01/2020,11:13:37,3.7,3.75,47300,3.85,51600,0,1505000
TATAMOTORS30Jan20175PE.NFO,07/01/2020,11:13:43,3.85,3.7,51600,3.85,47300,8600,1505000
TATAMOTORS30Jan20175PE.NFO,07/01/2020,11:13:43,3.85,3.7,51600,3.85,47300,0,1505000
TATAMOTORS30Jan20175PE.NFO,07/01/2020,11:13:49,3.75,3.75,4300,3.8,21500,4300,1505000
TATAMOTORS30Jan20175PE.NFO,07/01/2020,11:13:54,3.75,3.7,68800,3.8,12900,0,1505000
TATAMOTORS30Jan20175PE.NFO,07/01/2020,11:13:59,3.75,3.7,73100,3.8,12900,0,1505000
TATAMOTORS30Jan20175PE.NFO,07/01/2020,11:14:04,3.75,3.7,73100,3.8,25800,0,1505000
TATAMOTORS30Jan20175PE.NFO,07/01/2020,11:14:14,3.75,3.7,73100,3.8,17200,0,1505000
TATAMOTORS30Jan20175PE.NFO,07/01/2020,11:14:20,3.75,3.75,55900,3.8,17200,0,1505000
TATAMOTORS30Jan20175PE.NFO,07/01/2020,11:14:25,3.8,3.75,64500,3.85,17200,12900,1505000
TATAMOTORS30Jan20175PE.NFO,07/01/2020,11:14:29,3.8,3.75,68800,3.85,17200,0,1505000
TATAMOTORS30Jan20175PE.NFO,07/01/2020,11:14:34,3.8,3.75,68800,3.85,21500,0,1505000
TATAMOTORS30Jan20175PE.NFO,07/01/2020,11:14:39,3.8,3.8,51600,3.9,64500,0,1505000
TATAMOTORS30Jan20175PE.NFO,07/01/2020,11:14:43,3.9,3.8,68800,3.9,21500,30100,1509300
TATAMOTORS30Jan20175PE.NFO,07/01/2020,11:14:43,3.9,3.8,68800,3.9,21500,0,1509300
TATAMOTORS30Jan20175PE.NFO,07/01/2020,11:14:48,3.9,3.8,73100,3.9,17200,0,1509300
TATAMOTORS30Jan20175PE.NFO,07/01/2020,11:14:53,3.9,3.8,77400,3.9,8600,0,1509300
TATAMOTORS30Jan20175PE.NFO,07/01/2020,11:14:58,3.9,3.8,77400,3.9,12900,0,1509300
TATAMOTORS30Jan20175PE.NFO,07/01/2020,11:15:04,3.9,3.85,21500,3.95,25800,4300,1509300
TATAMOTORS30Jan20175PE.NFO,07/01/2020,11:15:11,4,4,17200,4.05,12900,25800,1509300
TATAMOTORS30Jan20175PE.NFO,07/01/2020,11:15:11,4,4,17200,4.05,12900,0,1509300
TATAMOTORS30Jan20175PE.NFO,07/01/2020,11:15:17,4,3.9,51600,4,34400,17200,1509300
TATAMOTORS30Jan20175PE.NFO,07/01/2020,11:15:23,4,3.95,25800,4,21500,0,1509300
TATAMOTORS30Jan20175PE.NFO,07/01/2020,11:15:28,4,3.9,55900,4,38700,0,1509300
TATAMOTORS30Jan20175PE.NFO,07/01/2020,11:15:33,4,3.95,30100,4,30100,0,1509300
TATAMOTORS30Jan20175PE.NFO,07/01/2020,11:15:38,4,3.95,30100,4,21500,0,1509300
TATAMOTORS30Jan20175PE.NFO,07/01/2020,11:15:47,4,3.95,4300,4,30100,4300,1509300
TATAMOTORS30Jan20175PE.NFO,07/01/2020,11:15:51,4,3.9,47300,4,34400,0,1509300
TATAMOTORS30Jan20175PE.NFO,07/01/2020,11:15:55,4,3.95,34400,4,25800,0,1509300
TATAMOTORS30Jan20175PE.NFO,07/01/2020,11:16:00,4,3.95,34400,4,8600,0,1509300
TATAMOTORS30Jan20175PE.NFO,07/01/2020,11:16:06,4,3.9,47300,4,43000,0,1509300
TATAMOTORS30Jan20175PE.NFO,07/01/2020,11:16:12,4,3.9,51600,4,43000,0,1509300
TATAMOTORS30Jan20175PE.NFO,07/01/2020,11:16:18,4,3.9,38700,4,43000,0,1509300
TATAMOTORS30Jan20175PE.NFO,07/01/2020,11:16:24,3.9,3.85,12900,3.9,4300,12900,1509300
TATAMOTORS30Jan20175PE.NFO,07/01/2020,11:16:30,3.9,3.85,12900,3.9,25800,0,1509300
TATAMOTORS30Jan20175PE.NFO,07/01/2020,11:16:35,3.9,3.8,47300,3.9,34400,0,1509300
TATAMOTORS30Jan20175PE.NFO,07/01/2020,11:16:40,3.9,3.8,25800,3.9,34400,0,1509300
TATAMOTORS30Jan20175PE.NFO,07/01/2020,11:16:45,3.9,3.8,43000,3.9,30100,0,1509300
TATAMOTORS30Jan20175PE.NFO,07/01/2020,11:16:50,3.9,3.85,12900,3.9,25800,0,1509300
TATAMOTORS30Jan20175PE.NFO,07/01/2020,11:16:57,3.9,3.85,12900,3.9,17200,0,1509300
TATAMOTORS30Jan20175PE.NFO,07/01/2020,11:17:01,3.9,3.85,17200,3.9,25800,0,1509300
TATAMOTORS30Jan20175PE.NFO,07/01/2020,11:17:06,3.9,3.8,51600,3.9,25800,0,1509300
TATAMOTORS30Jan20175PE.NFO,07/01/2020,11:17:11,3.9,3.85,17200,3.9,17200,0,1509300
TATAMOTORS30Jan20175PE.NFO,07/01/2020,11:17:17,3.9,3.85,17200,3.9,30100,0,1509300
TATAMOTORS30Jan20175PE.NFO,07/01/2020,11:17:23,3.9,3.8,47300,3.9,30100,0,1509300
TATAMOTORS30Jan20175PE.NFO,07/01/2020,11:17:39,3.9,3.8,17200,3.9,43000,0,1509300
TATAMOTORS30Jan20175PE.NFO,07/01/2020,11:17:51,3.9,3.8,25800,3.9,38700,0,1509300
TATAMOTORS30Jan20175PE.NFO,07/01/2020,11:18:01,3.9,3.8,34400,3.9,38700,0,1509300
TATAMOTORS30Jan20175PE.NFO,07/01/2020,11:18:05,3.9,3.8,25800,3.9,38700,0,1509300
TATAMOTORS30Jan20175PE.NFO,07/01/2020,11:18:24,3.9,3.8,30100,3.9,38700,0,1509300
TATAMOTORS30Jan20175PE.NFO,07/01/2020,11:18:33,3.9,3.8,25800,3.9,38700,0,1509300
TATAMOTORS30Jan20175PE.NFO,07/01/2020,11:18:48,3.85,3.8,21500,3.9,38700,12900,1560900
TATAMOTORS30Jan20175PE.NFO,07/01/2020,11:18:54,3.85,3.8,25800,3.9,34400,0,1560900
TATAMOTORS30Jan20175PE.NFO,07/01/2020,11:19:00,3.85,3.8,21500,3.85,17200,0,1560900
TATAMOTORS30Jan20175PE.NFO,07/01/2020,11:19:06,3.85,3.8,21500,3.85,21500,0,1560900
TATAMOTORS30Jan20175PE.NFO,07/01/2020,11:19:11,3.85,3.85,8600,3.9,38700,0,1560900
TATAMOTORS30Jan20175PE.NFO,07/01/2020,11:19:18,3.9,3.9,4300,3.95,21500,21500,1560900
TATAMOTORS30Jan20175PE.NFO,07/01/2020,11:19:27,3.9,3.9,30100,4,38700,0,1560900
TATAMOTORS30Jan20175PE.NFO,07/01/2020,11:19:34,3.9,3.85,4300,3.9,34400,0,1560900
TATAMOTORS30Jan20175PE.NFO,07/01/2020,11:19:39,3.9,3.85,21500,3.9,8600,0,1560900
TATAMOTORS30Jan20175PE.NFO,07/01/2020,11:19:55,3.9,3.85,4300,3.9,21500,4300,1560900
TATAMOTORS30Jan20175PE.NFO,07/01/2020,11:19:59,3.9,3.85,17200,3.9,21500,0,1560900
TATAMOTORS30Jan20175PE.NFO,07/01/2020,11:20:03,3.9,3.85,4300,3.9,21500,0,1560900
TATAMOTORS30Jan20175PE.NFO,07/01/2020,11:20:09,3.9,3.85,4300,3.9,34400,0,1560900
TATAMOTORS30Jan20175PE.NFO,07/01/2020,11:20:15,3.85,3.8,21500,3.9,51600,4300,1560900
TATAMOTORS30Jan20175PE.NFO,07/01/2020,11:20:20,3.85,3.8,21500,3.9,51600,0,1560900
TATAMOTORS30Jan20175PE.NFO,07/01/2020,11:20:25,3.85,3.75,43000,3.85,21500,4300,1560900
TATAMOTORS30Jan20175PE.NFO,07/01/2020,11:20:36,3.85,3.8,4300,3.85,34400,0,1560900
TATAMOTORS30Jan20175PE.NFO,07/01/2020,11:20:53,3.8,3.75,34400,3.85,38700,4300,1573800
TATAMOTORS30Jan20175PE.NFO,07/01/2020,11:21:04,3.8,3.75,17200,3.85,43000,0,1573800
TATAMOTORS30Jan20175PE.NFO,07/01/2020,11:21:09,3.8,3.7,30100,3.8,34400,0,1573800
TATAMOTORS30Jan20175PE.NFO,07/01/2020,11:21:14,3.8,3.7,30100,3.8,47300,0,1573800
TATAMOTORS30Jan20175PE.NFO,07/01/2020,11:21:23,3.8,3.7,30100,3.8,43000,0,1573800
TATAMOTORS30Jan20175PE.NFO,07/01/2020,11:21:27,3.8,3.75,21500,3.8,4300,4300,1573800
TATAMOTORS30Jan20175PE.NFO,07/01/2020,11:21:33,3.8,3.75,34400,3.8,4300,0,1573800
TATAMOTORS30Jan20175PE.NFO,07/01/2020,11:21:39,3.8,3.75,30100,3.8,4300,0,1573800
TATAMOTORS30Jan20175PE.NFO,07/01/2020,11:21:43,3.8,3.75,30100,3.8,8600,0,1573800
TATAMOTORS30Jan20175PE.NFO,07/01/2020,11:21:48,3.8,3.75,17200,3.8,8600,0,1573800
TATAMOTORS30Jan20175PE.NFO,07/01/2020,11:21:57,3.8,3.75,17200,3.8,4300,0,1573800
TATAMOTORS30Jan20175PE.NFO,07/01/2020,11:22:02,3.8,3.7,21500,3.8,30100,0,1573800
TATAMOTORS30Jan20175PE.NFO,07/01/2020,11:22:06,3.8,3.7,43000,3.8,30100,0,1573800
TATAMOTORS30Jan20175PE.NFO,07/01/2020,11:22:14,3.8,3.7,43000,3.8,21500,0,1573800
TATAMOTORS30Jan20175PE.NFO,07/01/2020,11:22:35,3.8,3.75,21500,3.8,21500,0,1573800
TATAMOTORS30Jan20175PE.NFO,07/01/2020,11:22:42,3.8,3.75,21500,3.8,25800,0,1573800
TATAMOTORS30Jan20175PE.NFO,07/01/2020,11:22:57,3.8,3.75,21500,3.8,21500,0,1573800
TATAMOTORS30Jan20175PE.NFO,07/01/2020,11:23:01,3.8,3.75,12900,3.8,21500,0,1573800
TATAMOTORS30Jan20175PE.NFO,07/01/2020,11:23:06,3.8,3.7,43000,3.8,38700,0,1573800
TATAMOTORS30Jan20175PE.NFO,07/01/2020,11:23:10,3.8,3.7,43000,3.8,43000,0,1573800
TATAMOTORS30Jan20175PE.NFO,07/01/2020,11:23:16,3.8,3.75,25800,3.8,4300,0,1573800
TATAMOTORS30Jan20175PE.NFO,07/01/2020,11:23:20,3.8,3.7,34400,3.8,43000,0,1573800
TATAMOTORS30Jan20175PE.NFO,07/01/2020,11:23:30,3.8,3.7,34400,3.8,38700,0,1573800
TATAMOTORS30Jan20175PE.NFO,07/01/2020,11:23:34,3.8,3.7,43000,3.8,38700,0,1573800
TATAMOTORS30Jan20175PE.NFO,07/01/2020,11:23:39,3.8,3.7,21500,3.8,47300,0,1573800
TATAMOTORS30Jan20175PE.NFO,07/01/2020,11:23:44,3.8,3.7,25800,3.8,47300,0,1573800
TATAMOTORS30Jan20175PE.NFO,07/01/2020,11:23:52,3.8,3.7,12900,3.8,51600,0,1573800
TATAMOTORS30Jan20175PE.NFO,07/01/2020,11:24:06,3.8,3.65,47300,3.75,25800,0,1573800
TATAMOTORS30Jan20175PE.NFO,07/01/2020,11:24:11,3.8,3.7,12900,3.75,25800,0,1573800
TATAMOTORS30Jan20175PE.NFO,07/01/2020,11:24:16,3.8,3.7,17200,3.75,17200,0,1573800
TATAMOTORS30Jan20175PE.NFO,07/01/2020,11:24:20,3.8,3.7,17200,3.75,21500,0,1573800
TATAMOTORS30Jan20175PE.NFO,07/01/2020,11:24:29,3.8,3.7,17200,3.75,25800,0,1573800
TATAMOTORS30Jan20175PE.NFO,07/01/2020,11:24:43,3.8,3.7,12900,3.75,25800,0,1573800
TATAMOTORS30Jan20175PE.NFO,07/01/2020,11:24:48,3.8,3.7,12900,3.75,30100,0,1573800
TATAMOTORS30Jan20175PE.NFO,07/01/2020,11:24:56,3.8,3.7,17200,3.75,30100,0,1573800
TATAMOTORS30Jan20175PE.NFO,07/01/2020,11:25:01,3.75,3.7,38700,3.8,43000,4300,1578100
TATAMOTORS30Jan20175PE.NFO,07/01/2020,11:25:06,3.75,3.7,21500,3.8,51600,0,1578100
TATAMOTORS30Jan20175PE.NFO,07/01/2020,11:25:15,3.75,3.7,30100,3.8,47300,0,1578100
TATAMOTORS30Jan20175PE.NFO,07/01/2020,11:25:19,3.75,3.7,30100,3.8,38700,0,1578100
TATAMOTORS30Jan20175PE.NFO,07/01/2020,11:25:25,3.75,3.75,17200,3.8,8600,0,1578100
TATAMOTORS30Jan20175PE.NFO,07/01/2020,11:25:38,3.75,3.75,17200,3.8,34400,0,1578100
TATAMOTORS30Jan20175PE.NFO,07/01/2020,11:25:44,3.75,3.75,17200,3.8,38700,0,1578100
TATAMOTORS30Jan20175PE.NFO,07/01/2020,11:25:49,3.8,3.75,38700,3.8,25800,8600,1578100
TATAMOTORS30Jan20175PE.NFO,07/01/2020,11:25:53,3.8,3.75,51600,3.8,4300,21500,1578100
TATAMOTORS30Jan20175PE.NFO,07/01/2020,11:25:57,3.75,3.75,43000,3.85,25800,4300,1578100
TATAMOTORS30Jan20175PE.NFO,07/01/2020,11:26:00,3.75,3.75,43000,3.85,25800,0,1578100
TATAMOTORS30Jan20175PE.NFO,07/01/2020,11:26:32,3.75,3.7,38700,3.8,25800,0,1578100
TATAMOTORS30Jan20175PE.NFO,07/01/2020,11:26:42,3.75,3.75,21500,3.85,43000,0,1578100
TATAMOTORS30Jan20175PE.NFO,07/01/2020,11:26:55,3.75,3.75,30100,3.85,38700,0,1578100
TATAMOTORS30Jan20175PE.NFO,07/01/2020,11:27:02,3.75,3.75,25800,3.85,38700,0,1578100
TATAMOTORS30Jan20175PE.NFO,07/01/2020,11:27:05,3.75,3.75,30100,3.85,38700,0,1578100
TATAMOTORS30Jan20175PE.NFO,07/01/2020,11:27:15,3.75,3.75,25800,3.85,38700,0,1578100
TATAMOTORS30Jan20175PE.NFO,07/01/2020,11:27:50,3.75,3.75,25800,3.85,43000,0,1578100
TATAMOTORS30Jan20175PE.NFO,07/01/2020,11:27:59,3.75,3.75,25800,3.8,17200,0,1578100
TATAMOTORS30Jan20175PE.NFO,07/01/2020,11:28:02,3.75,3.75,12900,3.8,17200,0,1578100
TATAMOTORS30Jan20175PE.NFO,07/01/2020,11:28:05,3.75,3.75,17200,3.8,17200,0,1578100
TATAMOTORS30Jan20175PE.NFO,07/01/2020,11:28:09,3.75,3.7,34400,3.8,21500,0,1578100
TATAMOTORS30Jan20175PE.NFO,07/01/2020,11:28:12,3.75,3.7,38700,3.8,21500,0,1578100
TATAMOTORS30Jan20175PE.NFO,07/01/2020,11:28:16,3.75,3.75,12900,3.8,21500,0,1578100
TATAMOTORS30Jan20175PE.NFO,07/01/2020,11:28:20,3.75,3.75,17200,3.8,21500,0,1578100
TATAMOTORS30Jan20175PE.NFO,07/01/2020,11:28:24,3.75,3.75,38700,3.8,21500,0,1578100
TATAMOTORS30Jan20175PE.NFO,07/01/2020,11:28:37,3.75,3.75,34400,3.8,21500,0,1578100
TATAMOTORS30Jan20175PE.NFO,07/01/2020,11:28:39,3.75,3.75,34400,3.8,25800,0,1578100
TATAMOTORS30Jan20175PE.NFO,07/01/2020,11:28:54,3.75,3.75,43000,3.85,34400,0,1578100
TATAMOTORS30Jan20175PE.NFO,07/01/2020,11:28:58,3.75,3.75,43000,3.85,38700,0,1578100
TATAMOTORS30Jan20175PE.NFO,07/01/2020,11:29:03,3.75,3.75,43000,3.85,34400,0,1578100
TATAMOTORS30Jan20175PE.NFO,07/01/2020,11:29:07,3.75,3.75,51600,3.85,17200,0,1578100
TATAMOTORS30Jan20175PE.NFO,07/01/2020,11:29:11,3.75,3.75,47300,3.85,34400,0,1578100
TATAMOTORS30Jan20175PE.NFO,07/01/2020,11:29:14,3.75,3.75,51600,3.85,38700,0,1578100
TATAMOTORS30Jan20175PE.NFO,07/01/2020,11:29:42,3.75,3.75,47300,3.85,38700,0,1578100
TATAMOTORS30Jan20175PE.NFO,07/01/2020,11:30:05,3.75,3.75,64500,3.85,34400,0,1578100
TATAMOTORS30Jan20175PE.NFO,07/01/2020,11:30:07,3.75,3.75,55900,3.85,34400,0,1578100
TATAMOTORS30Jan20175PE.NFO,07/01/2020,11:30:38,3.75,3.75,60200,3.85,34400,0,1578100
TATAMOTORS30Jan20175PE.NFO,07/01/2020,11:30:55,3.75,3.75,60200,3.85,38700,0,1578100
TATAMOTORS30Jan20175PE.NFO,07/01/2020,11:30:59,3.75,3.75,34400,3.85,51600,0,1578100
TATAMOTORS30Jan20175PE.NFO,07/01/2020,11:31:05,3.75,3.75,21500,3.8,38700,0,1578100
TATAMOTORS30Jan20175PE.NFO,07/01/2020,11:31:12,3.75,3.75,25800,3.8,38700,0,1578100
TATAMOTORS30Jan20175PE.NFO,07/01/2020,11:31:17,3.75,3.75,38700,3.8,34400,0,1578100
TATAMOTORS30Jan20175PE.NFO,07/01/2020,11:31:26,3.75,3.75,38700,3.8,30100,0,1578100
TATAMOTORS30Jan20175PE.NFO,07/01/2020,11:31:31,3.75,3.75,38700,3.8,34400,0,1578100
TATAMOTORS30Jan20175PE.NFO,07/01/2020,11:31:39,3.75,3.75,25800,3.8,34400,0,1578100
TATAMOTORS30Jan20175PE.NFO,07/01/2020,11:31:43,3.75,3.75,25800,3.8,38700,0,1578100
TATAMOTORS30Jan20175PE.NFO,07/01/2020,11:31:54,3.75,3.75,21500,3.8,38700,4300,1526500
TATAMOTORS30Jan20175PE.NFO,07/01/2020,11:32:00,3.75,3.75,4300,3.8,64500,12900,1526500
TATAMOTORS30Jan20175PE.NFO,07/01/2020,11:32:06,3.75,3.7,21500,3.8,64500,4300,1526500
TATAMOTORS30Jan20175PE.NFO,07/01/2020,11:32:12,3.75,3.7,21500,3.8,34400,0,1526500
TATAMOTORS30Jan20175PE.NFO,07/01/2020,11:32:26,3.75,3.7,21500,3.8,38700,0,1526500
TATAMOTORS30Jan20175PE.NFO,07/01/2020,11:32:31,3.75,3.75,17200,3.85,43000,4300,1526500
TATAMOTORS30Jan20175PE.NFO,07/01/2020,11:32:37,3.75,3.75,17200,3.8,17200,0,1526500
TATAMOTORS30Jan20175PE.NFO,07/01/2020,11:32:45,3.75,3.75,21500,3.85,43000,0,1526500
TATAMOTORS30Jan20175PE.NFO,07/01/2020,11:32:49,3.75,3.75,21500,3.8,17200,0,1526500
TATAMOTORS30Jan20175PE.NFO,07/01/2020,11:32:53,3.75,3.75,21500,3.85,34400,0,1526500
TATAMOTORS30Jan20175PE.NFO,07/01/2020,11:32:56,3.75,3.75,17200,3.85,34400,0,1526500
TATAMOTORS30Jan20175PE.NFO,07/01/2020,11:33:01,3.75,3.75,17200,3.8,17200,0,1526500
TATAMOTORS30Jan20175PE.NFO,07/01/2020,11:33:08,3.75,3.7,25800,3.8,21500,0,1526500
TATAMOTORS30Jan20175PE.NFO,07/01/2020,11:33:11,3.75,3.7,43000,3.8,25800,0,1526500
TATAMOTORS30Jan20175PE.NFO,07/01/2020,11:33:15,3.75,3.7,34400,3.8,25800,0,1526500
TATAMOTORS30Jan20175PE.NFO,07/01/2020,11:33:18,3.75,3.7,25800,3.8,25800,0,1526500
TATAMOTORS30Jan20175PE.NFO,07/01/2020,11:33:22,3.75,3.7,21500,3.8,47300,0,1526500
TATAMOTORS30Jan20175PE.NFO,07/01/2020,11:33:35,3.75,3.7,17200,3.8,47300,0,1526500
TATAMOTORS30Jan20175PE.NFO,07/01/2020,11:33:44,3.75,3.7,21500,3.8,51600,0,1526500
TATAMOTORS30Jan20175PE.NFO,07/01/2020,11:33:57,3.75,3.65,51600,3.75,21500,0,1526500
TATAMOTORS30Jan20175PE.NFO,07/01/2020,11:34:10,3.75,3.65,25800,3.75,38700,0,1526500
TATAMOTORS30Jan20175PE.NFO,07/01/2020,11:34:30,3.75,3.65,4300,3.7,17200,0,1526500
TATAMOTORS30Jan20175PE.NFO,07/01/2020,11:34:37,3.75,3.65,8600,3.7,30100,0,1526500
TATAMOTORS30Jan20175PE.NFO,07/01/2020,11:34:43,3.75,3.65,21500,3.7,25800,0,1526500
TATAMOTORS30Jan20175PE.NFO,07/01/2020,11:34:49,3.7,3.65,30100,3.75,43000,8600,1543700
TATAMOTORS30Jan20175PE.NFO,07/01/2020,11:35:01,3.7,3.65,30100,3.75,43000,0,1543700
TATAMOTORS30Jan20175PE.NFO,07/01/2020,11:35:07,3.7,3.65,21500,3.7,17200,0,1543700
TATAMOTORS30Jan20175PE.NFO,07/01/2020,11:35:14,3.7,3.65,21500,3.7,8600,0,1543700
TATAMOTORS30Jan20175PE.NFO,07/01/2020,11:35:38,3.65,3.6,30100,3.7,38700,4300,1543700
TATAMOTORS30Jan20175PE.NFO,07/01/2020,11:35:44,3.65,3.6,17200,3.7,43000,0,1543700
TATAMOTORS30Jan20175PE.NFO,07/01/2020,11:35:50,3.65,3.6,12900,3.65,17200,0,1543700
TATAMOTORS30Jan20175PE.NFO,07/01/2020,11:35:55,3.65,3.6,17200,3.65,21500,0,1543700
TATAMOTORS30Jan20175PE.NFO,07/01/2020,11:36:00,3.65,3.6,17200,3.65,12900,0,1543700
TATAMOTORS30Jan20175PE.NFO,07/01/2020,11:36:05,3.65,3.6,17200,3.65,17200,0,1543700
TATAMOTORS30Jan20175PE.NFO,07/01/2020,11:36:10,3.65,3.6,17200,3.7,43000,0,1543700
TATAMOTORS30Jan20175PE.NFO,07/01/2020,11:36:14,3.65,3.6,17200,3.65,25800,0,1543700
TATAMOTORS30Jan20175PE.NFO,07/01/2020,11:36:25,3.65,3.6,17200,3.65,21500,0,1543700
TATAMOTORS30Jan20175PE.NFO,07/01/2020,11:36:30,3.65,3.6,25800,3.7,43000,0,1543700
TATAMOTORS30Jan20175PE.NFO,07/01/2020,11:36:36,3.65,3.6,21500,3.65,12900,0,1543700
TATAMOTORS30Jan20175PE.NFO,07/01/2020,11:36:40,3.65,3.55,47300,3.65,8600,0,1543700
TATAMOTORS30Jan20175PE.NFO,07/01/2020,11:36:46,3.65,3.6,25800,3.65,4300,0,1543700
TATAMOTORS30Jan20175PE.NFO,07/01/2020,11:36:52,3.65,3.65,12900,3.7,17200,8600,1543700
TATAMOTORS30Jan20175PE.NFO,07/01/2020,11:36:59,3.65,3.65,12900,3.7,34400,0,1543700
TATAMOTORS30Jan20175PE.NFO,07/01/2020,11:37:05,3.65,3.6,34400,3.7,30100,0,1543700
TATAMOTORS30Jan20175PE.NFO,07/01/2020,11:37:10,3.65,3.6,34400,3.7,34400,0,1543700
TATAMOTORS30Jan20175PE.NFO,07/01/2020,11:37:20,3.7,3.65,30100,3.75,47300,4300,1543700
TATAMOTORS30Jan20175PE.NFO,07/01/2020,11:37:24,3.7,3.65,30100,3.75,38700,0,1543700
TATAMOTORS30Jan20175PE.NFO,07/01/2020,11:37:38,3.7,3.65,25800,3.7,12900,0,1543700
TATAMOTORS30Jan20175PE.NFO,07/01/2020,11:37:44,3.7,3.65,25800,3.75,30100,0,1543700
TATAMOTORS30Jan20175PE.NFO,07/01/2020,11:37:49,3.7,3.65,25800,3.75,34400,0,1543700
TATAMOTORS30Jan20175PE.NFO,07/01/2020,11:37:53,3.7,3.65,25800,3.75,30100,0,1543700
TATAMOTORS30Jan20175PE.NFO,07/01/2020,11:38:07,3.7,3.65,25800,3.7,4300,0,1543700
TATAMOTORS30Jan20175PE.NFO,07/01/2020,11:38:11,3.7,3.6,30100,3.7,21500,0,1543700
TATAMOTORS30Jan20175PE.NFO,07/01/2020,11:38:20,3.7,3.6,12900,3.7,47300,0,1543700
TATAMOTORS30Jan20175PE.NFO,07/01/2020,11:38:24,3.7,3.6,25800,3.7,51600,0,1543700
TATAMOTORS30Jan20175PE.NFO,07/01/2020,11:38:36,3.7,3.6,21500,3.7,51600,0,1543700
TATAMOTORS30Jan20175PE.NFO,07/01/2020,11:38:46,3.7,3.6,21500,3.7,43000,0,1543700
TATAMOTORS30Jan20175PE.NFO,07/01/2020,11:38:50,3.7,3.6,21500,3.65,4300,0,1543700
TATAMOTORS30Jan20175PE.NFO,07/01/2020,11:39:05,3.65,3.6,21500,3.7,43000,4300,1535100
TATAMOTORS30Jan20175PE.NFO,07/01/2020,11:39:08,3.65,3.6,21500,3.7,43000,0,1535100
TATAMOTORS30Jan20175PE.NFO,07/01/2020,11:39:11,3.65,3.6,21500,3.7,38700,0,1535100
TATAMOTORS30Jan20175PE.NFO,07/01/2020,11:39:19,3.65,3.6,34400,3.7,30100,0,1535100
TATAMOTORS30Jan20175PE.NFO,07/01/2020,11:39:24,3.65,3.65,30100,3.75,30100,0,1535100
TATAMOTORS30Jan20175PE.NFO,07/01/2020,11:39:29,3.65,3.65,30100,3.75,38700,0,1535100
TATAMOTORS30Jan20175PE.NFO,07/01/2020,11:39:39,3.65,3.65,30100,3.75,34400,0,1535100
TATAMOTORS30Jan20175PE.NFO,07/01/2020,11:39:44,3.65,3.7,21500,3.75,8600,0,1535100
TATAMOTORS30Jan20175PE.NFO,07/01/2020,11:39:50,3.65,3.7,21500,3.8,30100,0,1535100
TATAMOTORS30Jan20175PE.NFO,07/01/2020,11:39:58,3.65,3.7,25800,3.8,47300,0,1535100
TATAMOTORS30Jan20175PE.NFO,07/01/2020,11:40:20,3.65,3.7,25800,3.8,43000,0,1535100
TATAMOTORS30Jan20175PE.NFO,07/01/2020,11:40:29,3.65,3.7,25800,3.8,47300,0,1535100
TATAMOTORS30Jan20175PE.NFO,07/01/2020,11:40:37,3.65,3.7,25800,3.75,8600,0,1535100
TATAMOTORS30Jan20175PE.NFO,07/01/2020,11:40:41,3.65,3.7,25800,3.8,47300,0,1535100
TATAMOTORS30Jan20175PE.NFO,07/01/2020,11:40:57,3.65,3.7,25800,3.75,8600,0,1535100
TATAMOTORS30Jan20175PE.NFO,07/01/2020,11:41:08,3.65,3.7,25800,3.8,38700,0,1535100
TATAMOTORS30Jan20175PE.NFO,07/01/2020,11:41:12,3.65,3.7,25800,3.8,34400,0,1535100
TATAMOTORS30Jan20175PE.NFO,07/01/2020,11:41:27,3.65,3.7,25800,3.8,30100,0,1535100
TATAMOTORS30Jan20175PE.NFO,07/01/2020,11:41:40,3.65,3.7,25800,3.8,25800,0,1535100
TATAMOTORS30Jan20175PE.NFO,07/01/2020,11:41:44,3.65,3.7,43000,3.8,17200,0,1535100
TATAMOTORS30Jan20175PE.NFO,07/01/2020,11:42:23,3.65,3.7,38700,3.8,17200,0,1535100
TATAMOTORS30Jan20175PE.NFO,07/01/2020,11:42:38,3.65,3.7,34400,3.8,30100,0,1535100
TATAMOTORS30Jan20175PE.NFO,07/01/2020,11:42:44,3.65,3.7,34400,3.8,25800,0,1535100
TATAMOTORS30Jan20175PE.NFO,07/01/2020,11:42:56,3.65,3.75,34400,3.85,34400,0,1535100
TATAMOTORS30Jan20175PE.NFO,07/01/2020,11:43:00,3.65,3.75,30100,3.85,34400,0,1535100
TATAMOTORS30Jan20175PE.NFO,07/01/2020,11:43:03,3.65,3.75,30100,3.85,38700,0,1535100
TATAMOTORS30Jan20175PE.NFO,07/01/2020,11:43:11,3.65,3.75,30100,3.85,34400,0,1535100
TATAMOTORS30Jan20175PE.NFO,07/01/2020,11:43:29,3.65,3.75,30100,3.85,30100,0,1535100
TATAMOTORS30Jan20175PE.NFO,07/01/2020,11:43:33,3.65,3.75,4300,3.8,17200,0,1535100
TATAMOTORS30Jan20175PE.NFO,07/01/2020,11:43:44,3.65,3.7,25800,3.8,47300,0,1535100
TATAMOTORS30Jan20175PE.NFO,07/01/2020,11:43:52,3.65,3.7,30100,3.8,47300,0,1535100
TATAMOTORS30Jan20175PE.NFO,07/01/2020,11:44:09,3.65,3.7,25800,3.8,47300,0,1535100
TATAMOTORS30Jan20175PE.NFO,07/01/2020,11:44:35,3.65,3.7,38700,3.8,25800,0,1535100
TATAMOTORS30Jan20175PE.NFO,07/01/2020,11:44:43,3.65,3.7,38700,3.8,21500,0,1535100
TATAMOTORS30Jan20175PE.NFO,07/01/2020,11:44:50,3.65,3.7,38700,3.8,17200,0,1535100
TATAMOTORS30Jan20175PE.NFO,07/01/2020,11:44:53,3.65,3.7,43000,3.8,17200,0,1535100
TATAMOTORS30Jan20175PE.NFO,07/01/2020,11:45:04,3.65,3.7,51600,3.8,17200,0,1535100
TATAMOTORS30Jan20175PE.NFO,07/01/2020,11:45:07,3.65,3.75,25800,3.85,30100,0,1535100
TATAMOTORS30Jan20175PE.NFO,07/01/2020,11:45:11,3.65,3.75,30100,3.85,30100,0,1535100
TATAMOTORS30Jan20175PE.NFO,07/01/2020,11:45:14,3.65,3.75,30100,3.85,34400,0,1535100
TATAMOTORS30Jan20175PE.NFO,07/01/2020,11:45:35,3.8,3.75,30100,3.85,38700,4300,1522200
TATAMOTORS30Jan20175PE.NFO,07/01/2020,11:45:48,3.8,3.75,30100,3.85,34400,0,1522200
TATAMOTORS30Jan20175PE.NFO,07/01/2020,11:45:52,3.8,3.75,43000,3.85,34400,0,1522200
TATAMOTORS30Jan20175PE.NFO,07/01/2020,11:45:56,3.8,3.75,43000,3.85,30100,0,1522200
TATAMOTORS30Jan20175PE.NFO,07/01/2020,11:46:02,3.8,3.75,34400,3.85,30100,0,1522200
TATAMOTORS30Jan20175PE.NFO,07/01/2020,11:46:05,3.8,3.75,47300,3.85,21500,0,1522200
TATAMOTORS30Jan20175PE.NFO,07/01/2020,11:46:17,3.8,3.75,55900,3.85,17200,0,1522200
TATAMOTORS30Jan20175PE.NFO,07/01/2020,11:46:24,3.8,3.75,51600,3.85,17200,0,1522200
TATAMOTORS30Jan20175PE.NFO,07/01/2020,11:46:30,3.8,3.75,51600,3.85,21500,0,1522200
TATAMOTORS30Jan20175PE.NFO,07/01/2020,11:46:34,3.8,3.75,47300,3.85,21500,0,1522200
TATAMOTORS30Jan20175PE.NFO,07/01/2020,11:46:43,3.8,3.75,47300,3.85,17200,0,1522200
TATAMOTORS30Jan20175PE.NFO,07/01/2020,11:47:12,3.8,3.75,47300,3.85,21500,0,1522200
TATAMOTORS30Jan20175PE.NFO,07/01/2020,11:47:25,3.8,3.75,34400,3.85,30100,0,1522200
TATAMOTORS30Jan20175PE.NFO,07/01/2020,11:47:28,3.8,3.8,8600,3.85,25800,0,1522200
TATAMOTORS30Jan20175PE.NFO,07/01/2020,11:47:34,3.8,3.8,12900,3.85,17200,0,1522200
TATAMOTORS30Jan20175PE.NFO,07/01/2020,11:47:43,3.8,3.8,25800,3.9,34400,0,1522200
TATAMOTORS30Jan20175PE.NFO,07/01/2020,11:47:53,3.8,3.8,30100,3.9,34400,0,1522200
TATAMOTORS30Jan20175PE.NFO,07/01/2020,11:48:09,3.8,3.8,47300,3.9,12900,0,1522200
TATAMOTORS30Jan20175PE.NFO,07/01/2020,11:48:13,3.8,3.8,51600,3.9,12900,0,1522200
TATAMOTORS30Jan20175PE.NFO,07/01/2020,11:48:18,3.8,3.85,30100,3.95,25800,0,1522200
TATAMOTORS30Jan20175PE.NFO,07/01/2020,11:48:23,3.8,3.85,38700,3.95,21500,0,1522200
TATAMOTORS30Jan20175PE.NFO,07/01/2020,11:48:31,3.8,3.85,38700,3.95,25800,0,1522200
TATAMOTORS30Jan20175PE.NFO,07/01/2020,11:48:35,3.8,3.85,38700,3.95,38700,0,1522200
TATAMOTORS30Jan20175PE.NFO,07/01/2020,11:48:39,3.8,3.85,30100,3.95,38700,0,1522200
TATAMOTORS30Jan20175PE.NFO,07/01/2020,11:48:44,3.8,3.85,30100,3.95,30100,0,1522200
TATAMOTORS30Jan20175PE.NFO,07/01/2020,11:48:47,3.8,3.85,30100,3.95,25800,0,1522200
TATAMOTORS30Jan20175PE.NFO,07/01/2020,11:48:50,3.8,3.85,38700,3.95,25800,0,1522200
TATAMOTORS30Jan20175PE.NFO,07/01/2020,11:49:02,3.95,3.85,38700,3.95,17200,4300,1526500
TATAMOTORS30Jan20175PE.NFO,07/01/2020,11:49:08,3.95,3.85,38700,3.95,25800,0,1526500
TATAMOTORS30Jan20175PE.NFO,07/01/2020,11:49:11,3.95,3.85,38700,3.95,21500,0,1526500
TATAMOTORS30Jan20175PE.NFO,07/01/2020,11:49:14,3.95,3.85,38700,3.95,17200,0,1526500
TATAMOTORS30Jan20175PE.NFO,07/01/2020,11:49:18,3.95,3.85,51600,3.95,12900,0,1526500
TATAMOTORS30Jan20175PE.NFO,07/01/2020,11:49:30,3.95,3.85,51600,3.95,17200,0,1526500
TATAMOTORS30Jan20175PE.NFO,07/01/2020,11:49:35,3.95,3.85,47300,3.95,17200,0,1526500
TATAMOTORS30Jan20175PE.NFO,07/01/2020,11:49:41,3.95,3.85,51600,3.95,17200,0,1526500
TATAMOTORS30Jan20175PE.NFO,07/01/2020,11:49:53,3.95,3.85,47300,3.95,60200,0,1526500
TATAMOTORS30Jan20175PE.NFO,07/01/2020,11:49:57,3.95,3.85,43000,3.95,60200,0,1526500
TATAMOTORS30Jan20175PE.NFO,07/01/2020,11:50:01,3.95,3.85,47300,3.95,60200,0,1526500
TATAMOTORS30Jan20175PE.NFO,07/01/2020,11:50:15,3.95,3.85,55900,3.95,38700,17200,1526500
TATAMOTORS30Jan20175PE.NFO,07/01/2020,11:50:21,3.95,3.85,55900,3.95,38700,0,1526500
TATAMOTORS30Jan20175PE.NFO,07/01/2020,11:50:26,3.95,3.9,38700,3.95,25800,17200,1526500
TATAMOTORS30Jan20175PE.NFO,07/01/2020,11:50:31,3.95,3.9,34400,3.95,25800,0,1526500
TATAMOTORS30Jan20175PE.NFO,07/01/2020,11:50:37,3.9,3.9,30100,3.95,12900,17200,1526500
TATAMOTORS30Jan20175PE.NFO,07/01/2020,11:50:41,3.9,3.9,30100,4,25800,0,1526500
TATAMOTORS30Jan20175PE.NFO,07/01/2020,11:50:48,3.9,3.9,30100,4,30100,0,1526500
TATAMOTORS30Jan20175PE.NFO,07/01/2020,11:50:51,3.9,3.9,30100,4,25800,0,1526500
TATAMOTORS30Jan20175PE.NFO,07/01/2020,11:50:53,3.9,3.9,43000,4,21500,0,1526500
TATAMOTORS30Jan20175PE.NFO,07/01/2020,11:50:57,3.9,3.9,47300,4,21500,0,1526500
TATAMOTORS30Jan20175PE.NFO,07/01/2020,11:51:01,3.9,3.9,51600,4,21500,0,1526500
TATAMOTORS30Jan20175PE.NFO,07/01/2020,11:51:05,3.9,3.9,38700,4,25800,0,1526500
TATAMOTORS30Jan20175PE.NFO,07/01/2020,11:51:11,3.9,3.9,30100,4,25800,0,1526500
TATAMOTORS30Jan20175PE.NFO,07/01/2020,11:51:16,3.9,3.95,17200,4,17200,0,1526500
TATAMOTORS30Jan20175PE.NFO,07/01/2020,11:51:20,3.9,3.9,43000,4,30100,0,1526500
TATAMOTORS30Jan20175PE.NFO,07/01/2020,11:51:30,3.9,3.9,34400,4,30100,0,1526500
TATAMOTORS30Jan20175PE.NFO,07/01/2020,11:51:36,3.9,3.9,43000,4,25800,0,1526500
