Ticker,Date,Time,LTP,BuyPrice,BuyQty,SellPrice,SellQty,LTQ,OpenInterest
TATAGLOBAL30Jan20300PE.NFO,07/01/2020,09:17:37,3,2.85,5400,3.45,2700,2700,332100
TATAGLOBAL30Jan20300PE.NFO,07/01/2020,09:17:37,3,2.85,5400,3.45,2700,0,332100
TATAGLOBAL30Jan20300PE.NFO,07/01/2020,09:17:37,3,2.85,5400,3.45,2700,0,332100
TATAGLOBAL30Jan20300PE.NFO,07/01/2020,09:17:37,3,2.85,5400,3.45,2700,0,332100
TATAGLOBAL30Jan20300PE.NFO,07/01/2020,09:17:58,3,3.05,2700,3.45,2700,0,332100
TATAGLOBAL30Jan20300PE.NFO,07/01/2020,09:18:08,3,3.05,2700,3.5,10800,0,332100
TATAGLOBAL30Jan20300PE.NFO,07/01/2020,09:18:17,3,3.05,2700,3.5,13500,0,332100
TATAGLOBAL30Jan20300PE.NFO,07/01/2020,09:18:26,3,3.1,2700,3.5,13500,0,332100
TATAGLOBAL30Jan20300PE.NFO,07/01/2020,09:18:35,3,3.15,2700,3.5,2700,0,332100
TATAGLOBAL30Jan20300PE.NFO,07/01/2020,09:18:44,3,3.15,2700,3.45,10800,0,332100
TATAGLOBAL30Jan20300PE.NFO,07/01/2020,09:18:53,3.15,3,5400,3.5,13500,2700,332100
TATAGLOBAL30Jan20300PE.NFO,07/01/2020,09:18:53,3.15,3,5400,3.5,13500,0,332100
TATAGLOBAL30Jan20300PE.NFO,07/01/2020,09:19:02,3.15,3,5400,3.45,10800,0,332100
TATAGLOBAL30Jan20300PE.NFO,07/01/2020,09:19:19,3.15,3,2700,3.4,10800,0,332100
TATAGLOBAL30Jan20300PE.NFO,07/01/2020,09:19:36,3.15,3,2700,3.35,10800,0,332100
TATAGLOBAL30Jan20300PE.NFO,07/01/2020,09:19:44,3.15,2.85,2700,3.35,10800,0,332100
TATAGLOBAL30Jan20300PE.NFO,07/01/2020,09:19:52,3.15,2.85,2700,3.3,10800,0,332100
TATAGLOBAL30Jan20300PE.NFO,07/01/2020,09:20:08,3.15,2.85,5400,3.35,10800,0,332100
TATAGLOBAL30Jan20300PE.NFO,07/01/2020,09:20:31,3.15,2.85,2700,3.35,10800,0,332100
TATAGLOBAL30Jan20300PE.NFO,07/01/2020,09:20:38,3.15,2.85,2700,3.3,10800,0,332100
TATAGLOBAL30Jan20300PE.NFO,07/01/2020,09:20:46,3.15,2.85,2700,3.35,10800,0,332100
TATAGLOBAL30Jan20300PE.NFO,07/01/2020,09:20:54,3.15,2.85,2700,3.25,10800,0,332100
TATAGLOBAL30Jan20300PE.NFO,07/01/2020,09:21:25,3.15,2.9,2700,3.25,10800,0,332100
TATAGLOBAL30Jan20300PE.NFO,07/01/2020,09:21:41,3.15,2.9,2700,3.3,10800,0,332100
TATAGLOBAL30Jan20300PE.NFO,07/01/2020,09:21:49,3.15,2.9,2700,3.25,10800,0,332100
TATAGLOBAL30Jan20300PE.NFO,07/01/2020,09:22:29,3.15,3,2700,3.3,10800,0,332100
TATAGLOBAL30Jan20300PE.NFO,07/01/2020,09:22:43,3.15,3,2700,3.35,13500,0,332100
TATAGLOBAL30Jan20300PE.NFO,07/01/2020,09:22:57,3.15,3,2700,3.3,10800,0,332100
TATAGLOBAL30Jan20300PE.NFO,07/01/2020,09:23:13,3.15,3,2700,3.25,10800,0,332100
TATAGLOBAL30Jan20300PE.NFO,07/01/2020,09:23:19,3.15,3,2700,3.3,13500,0,332100
TATAGLOBAL30Jan20300PE.NFO,07/01/2020,09:23:26,3.15,3,2700,3.25,13500,0,332100
TATAGLOBAL30Jan20300PE.NFO,07/01/2020,09:23:45,3.15,3,2700,3.3,13500,0,332100
TATAGLOBAL30Jan20300PE.NFO,07/01/2020,09:23:51,3.15,3,2700,3.25,10800,0,332100
TATAGLOBAL30Jan20300PE.NFO,07/01/2020,09:23:58,3.15,3,2700,3.2,10800,0,332100
TATAGLOBAL30Jan20300PE.NFO,07/01/2020,09:24:05,3.15,3,2700,3.2,13500,0,332100
TATAGLOBAL30Jan20300PE.NFO,07/01/2020,09:24:19,3.15,3,2700,3.2,2700,0,332100
TATAGLOBAL30Jan20300PE.NFO,07/01/2020,09:24:26,3.15,3,2700,3.2,16200,0,332100
TATAGLOBAL30Jan20300PE.NFO,07/01/2020,09:24:32,3.15,3,2700,3.1,2700,0,332100
TATAGLOBAL30Jan20300PE.NFO,07/01/2020,09:24:51,3,2.9,2700,3.1,5400,2700,329400
TATAGLOBAL30Jan20300PE.NFO,07/01/2020,09:24:58,3,2.9,2700,3.1,5400,0,329400
TATAGLOBAL30Jan20300PE.NFO,07/01/2020,09:25:12,3,2.9,2700,3.1,18900,0,329400
TATAGLOBAL30Jan20300PE.NFO,07/01/2020,09:25:20,3,2.9,2700,3.1,5400,0,329400
TATAGLOBAL30Jan20300PE.NFO,07/01/2020,09:25:33,3,2.9,5400,3.1,5400,0,329400
TATAGLOBAL30Jan20300PE.NFO,07/01/2020,09:25:40,3,2.95,5400,3.1,5400,0,329400
TATAGLOBAL30Jan20300PE.NFO,07/01/2020,09:26:12,2.95,2.9,5400,3.1,18900,2700,329400
TATAGLOBAL30Jan20300PE.NFO,07/01/2020,09:26:12,2.95,2.9,5400,3.1,18900,0,329400
TATAGLOBAL30Jan20300PE.NFO,07/01/2020,09:26:19,2.95,2.9,5400,3,2700,0,329400
TATAGLOBAL30Jan20300PE.NFO,07/01/2020,09:26:32,2.95,2.9,2700,3,2700,0,329400
TATAGLOBAL30Jan20300PE.NFO,07/01/2020,09:26:39,2.95,2.85,5400,3,2700,0,329400
TATAGLOBAL30Jan20300PE.NFO,07/01/2020,09:27:02,2.95,2.9,2700,3,2700,0,329400
TATAGLOBAL30Jan20300PE.NFO,07/01/2020,09:27:07,2.95,2.9,5400,3,2700,0,329400
TATAGLOBAL30Jan20300PE.NFO,07/01/2020,09:27:12,2.95,2.9,8100,3,2700,0,329400
TATAGLOBAL30Jan20300PE.NFO,07/01/2020,09:27:38,2.95,2.9,8100,3.1,5400,0,329400
TATAGLOBAL30Jan20300PE.NFO,07/01/2020,09:27:44,2.95,2.9,8100,3.05,5400,0,329400
TATAGLOBAL30Jan20300PE.NFO,07/01/2020,09:28:01,2.95,2.9,8100,3.05,2700,0,329400
TATAGLOBAL30Jan20300PE.NFO,07/01/2020,09:28:13,2.9,2.85,2700,2.95,2700,2700,329400
TATAGLOBAL30Jan20300PE.NFO,07/01/2020,09:28:13,2.9,2.85,2700,2.95,2700,0,329400
TATAGLOBAL30Jan20300PE.NFO,07/01/2020,09:28:20,2.85,2.8,2700,2.85,8100,2700,329400
TATAGLOBAL30Jan20300PE.NFO,07/01/2020,09:28:20,2.85,2.8,2700,2.85,8100,0,329400
TATAGLOBAL30Jan20300PE.NFO,07/01/2020,09:28:26,2.85,2.8,5400,2.9,8100,0,329400
TATAGLOBAL30Jan20300PE.NFO,07/01/2020,09:28:32,2.85,2.8,2700,2.85,8100,0,329400
TATAGLOBAL30Jan20300PE.NFO,07/01/2020,09:28:49,2.8,2.75,5400,2.85,5400,2700,329400
TATAGLOBAL30Jan20300PE.NFO,07/01/2020,09:28:49,2.8,2.75,5400,2.85,5400,0,329400
TATAGLOBAL30Jan20300PE.NFO,07/01/2020,09:28:55,2.8,2.75,5400,2.8,5400,0,329400
TATAGLOBAL30Jan20300PE.NFO,07/01/2020,09:29:26,2.8,2.75,5400,2.8,8100,0,329400
TATAGLOBAL30Jan20300PE.NFO,07/01/2020,09:29:32,2.8,2.75,2700,2.8,8100,0,329400
TATAGLOBAL30Jan20300PE.NFO,07/01/2020,09:29:45,2.8,2.75,5400,2.8,8100,0,329400
TATAGLOBAL30Jan20300PE.NFO,07/01/2020,09:29:51,2.8,2.75,2700,2.8,8100,0,329400
TATAGLOBAL30Jan20300PE.NFO,07/01/2020,09:30:06,2.8,2.65,2700,2.75,5400,0,329400
TATAGLOBAL30Jan20300PE.NFO,07/01/2020,09:30:12,2.8,2.65,2700,2.7,5400,0,329400
TATAGLOBAL30Jan20300PE.NFO,07/01/2020,09:30:18,2.8,2.65,2700,2.75,10800,0,329400
TATAGLOBAL30Jan20300PE.NFO,07/01/2020,09:30:34,2.8,2.65,2700,2.7,5400,0,329400
TATAGLOBAL30Jan20300PE.NFO,07/01/2020,09:30:40,2.8,2.6,2700,2.7,8100,0,329400
TATAGLOBAL30Jan20300PE.NFO,07/01/2020,09:30:45,2.65,2.6,2700,2.65,2700,2700,332100
TATAGLOBAL30Jan20300PE.NFO,07/01/2020,09:30:45,2.65,2.6,2700,2.65,2700,0,332100
TATAGLOBAL30Jan20300PE.NFO,07/01/2020,09:30:51,2.65,2.5,2700,2.65,10800,0,332100
TATAGLOBAL30Jan20300PE.NFO,07/01/2020,09:30:55,2.65,2.5,2700,2.6,2700,0,332100
TATAGLOBAL30Jan20300PE.NFO,07/01/2020,09:31:00,2.65,2.5,2700,2.6,10800,0,332100
TATAGLOBAL30Jan20300PE.NFO,07/01/2020,09:31:06,2.65,2.45,5400,2.55,10800,0,332100
TATAGLOBAL30Jan20300PE.NFO,07/01/2020,09:31:12,2.65,2.4,5400,2.55,10800,0,332100
TATAGLOBAL30Jan20300PE.NFO,07/01/2020,09:31:18,2.65,2.4,5400,2.5,10800,0,332100
TATAGLOBAL30Jan20300PE.NFO,07/01/2020,09:31:24,2.4,2.4,5400,2.5,5400,2700,332100
TATAGLOBAL30Jan20300PE.NFO,07/01/2020,09:31:24,2.4,2.4,5400,2.5,5400,0,332100
TATAGLOBAL30Jan20300PE.NFO,07/01/2020,09:31:30,2.4,2.4,5400,2.55,5400,0,332100
TATAGLOBAL30Jan20300PE.NFO,07/01/2020,09:31:41,2.4,2.5,8100,2.55,5400,0,332100
TATAGLOBAL30Jan20300PE.NFO,07/01/2020,09:31:47,2.5,2.5,5400,2.55,5400,2700,332100
TATAGLOBAL30Jan20300PE.NFO,07/01/2020,09:31:52,2.55,2.5,5400,2.6,8100,2700,332100
TATAGLOBAL30Jan20300PE.NFO,07/01/2020,09:31:57,2.55,2.5,5400,2.55,2700,0,332100
TATAGLOBAL30Jan20300PE.NFO,07/01/2020,09:32:25,2.55,2.5,5400,2.6,2700,0,332100
TATAGLOBAL30Jan20300PE.NFO,07/01/2020,09:32:31,2.55,2.5,5400,2.6,2700,2700,329400
TATAGLOBAL30Jan20300PE.NFO,07/01/2020,09:32:37,2.55,2.5,5400,2.6,2700,0,329400
TATAGLOBAL30Jan20300PE.NFO,07/01/2020,09:32:44,2.55,2.6,2700,2.65,2700,0,329400
TATAGLOBAL30Jan20300PE.NFO,07/01/2020,09:32:50,2.55,2.6,2700,2.7,2700,0,329400
TATAGLOBAL30Jan20300PE.NFO,07/01/2020,09:32:56,2.55,2.6,2700,2.65,2700,0,329400
TATAGLOBAL30Jan20300PE.NFO,07/01/2020,09:33:07,2.6,2.5,2700,2.65,2700,5400,329400
TATAGLOBAL30Jan20300PE.NFO,07/01/2020,09:33:26,2.6,2.5,2700,2.6,2700,0,329400
TATAGLOBAL30Jan20300PE.NFO,07/01/2020,09:33:33,2.6,2.5,2700,2.6,8100,0,329400
TATAGLOBAL30Jan20300PE.NFO,07/01/2020,09:33:38,2.6,2.5,2700,2.6,2700,0,329400
TATAGLOBAL30Jan20300PE.NFO,07/01/2020,09:33:43,2.6,2.5,2700,2.65,5400,0,329400
TATAGLOBAL30Jan20300PE.NFO,07/01/2020,09:33:49,2.6,2.55,5400,2.7,5400,0,329400
TATAGLOBAL30Jan20300PE.NFO,07/01/2020,09:33:59,2.6,2.55,5400,2.7,2700,0,329400
TATAGLOBAL30Jan20300PE.NFO,07/01/2020,09:34:16,2.6,2.55,5400,2.75,5400,0,329400
TATAGLOBAL30Jan20300PE.NFO,07/01/2020,09:34:22,2.6,2.55,8100,2.75,5400,0,329400
TATAGLOBAL30Jan20300PE.NFO,07/01/2020,09:34:28,2.6,2.55,8100,2.7,2700,0,329400
TATAGLOBAL30Jan20300PE.NFO,07/01/2020,09:34:34,2.6,2.65,2700,2.7,2700,0,329400
TATAGLOBAL30Jan20300PE.NFO,07/01/2020,09:34:47,2.6,2.6,5400,2.7,2700,0,329400
TATAGLOBAL30Jan20300PE.NFO,07/01/2020,09:34:52,2.65,2.6,2700,2.75,2700,5400,329400
TATAGLOBAL30Jan20300PE.NFO,07/01/2020,09:34:58,2.65,2.6,5400,2.75,2700,0,329400
TATAGLOBAL30Jan20300PE.NFO,07/01/2020,09:35:52,2.65,2.6,2700,2.75,2700,0,329400
TATAGLOBAL30Jan20300PE.NFO,07/01/2020,09:36:00,2.65,2.6,2700,2.75,5400,0,329400
TATAGLOBAL30Jan20300PE.NFO,07/01/2020,09:36:07,2.65,2.6,2700,2.75,2700,0,329400
TATAGLOBAL30Jan20300PE.NFO,07/01/2020,09:36:13,2.65,2.6,5400,2.75,2700,0,329400
TATAGLOBAL30Jan20300PE.NFO,07/01/2020,09:36:52,2.65,2.7,2700,2.75,2700,0,329400
TATAGLOBAL30Jan20300PE.NFO,07/01/2020,09:37:03,2.75,2.7,2700,2.85,5400,2700,329400
TATAGLOBAL30Jan20300PE.NFO,07/01/2020,09:37:08,2.75,2.7,2700,2.85,5400,0,329400
TATAGLOBAL30Jan20300PE.NFO,07/01/2020,09:37:49,2.7,2.7,2700,2.85,5400,2700,329400
TATAGLOBAL30Jan20300PE.NFO,07/01/2020,09:37:53,2.7,2.7,2700,2.85,5400,0,329400
TATAGLOBAL30Jan20300PE.NFO,07/01/2020,09:38:14,2.7,2.65,2700,2.8,5400,0,329400
TATAGLOBAL30Jan20300PE.NFO,07/01/2020,09:40:25,2.7,2.65,5400,2.85,5400,0,329400
TATAGLOBAL30Jan20300PE.NFO,07/01/2020,09:40:42,2.7,2.75,2700,2.85,5400,0,329400
TATAGLOBAL30Jan20300PE.NFO,07/01/2020,09:41:30,2.7,2.75,2700,2.85,2700,0,329400
TATAGLOBAL30Jan20300PE.NFO,07/01/2020,09:42:11,2.7,2.75,5400,2.85,2700,0,329400
TATAGLOBAL30Jan20300PE.NFO,07/01/2020,09:42:25,2.7,2.75,2700,2.85,2700,0,329400
TATAGLOBAL30Jan20300PE.NFO,07/01/2020,09:42:31,2.7,2.75,2700,2.85,5400,0,329400
TATAGLOBAL30Jan20300PE.NFO,07/01/2020,09:42:39,2.7,2.75,2700,2.85,8100,0,329400
TATAGLOBAL30Jan20300PE.NFO,07/01/2020,09:42:46,2.7,2.75,2700,2.85,5400,0,329400
TATAGLOBAL30Jan20300PE.NFO,07/01/2020,09:42:59,2.7,2.75,2700,2.85,2700,0,329400
TATAGLOBAL30Jan20300PE.NFO,07/01/2020,09:43:25,2.7,2.75,2700,2.85,5400,0,329400
TATAGLOBAL30Jan20300PE.NFO,07/01/2020,09:43:46,2.85,2.75,2700,2.85,5400,2700,334800
TATAGLOBAL30Jan20300PE.NFO,07/01/2020,09:43:51,2.85,2.75,2700,2.85,2700,2700,334800
TATAGLOBAL30Jan20300PE.NFO,07/01/2020,09:43:56,2.85,2.75,2700,2.85,2700,0,334800
TATAGLOBAL30Jan20300PE.NFO,07/01/2020,09:44:02,2.85,2.7,5400,2.85,5400,0,334800
TATAGLOBAL30Jan20300PE.NFO,07/01/2020,09:44:14,2.85,2.7,8100,2.85,5400,0,334800
TATAGLOBAL30Jan20300PE.NFO,07/01/2020,09:44:20,2.85,2.7,5400,2.85,5400,0,334800
TATAGLOBAL30Jan20300PE.NFO,07/01/2020,09:44:30,2.85,2.75,5400,2.85,2700,0,334800
TATAGLOBAL30Jan20300PE.NFO,07/01/2020,09:44:39,2.85,2.7,5400,2.85,2700,0,334800
TATAGLOBAL30Jan20300PE.NFO,07/01/2020,09:44:44,2.85,2.75,5400,2.85,2700,0,334800
TATAGLOBAL30Jan20300PE.NFO,07/01/2020,09:44:49,2.85,2.75,8100,2.85,2700,0,334800
TATAGLOBAL30Jan20300PE.NFO,07/01/2020,09:45:00,2.85,2.75,5400,2.85,2700,0,334800
TATAGLOBAL30Jan20300PE.NFO,07/01/2020,09:45:05,2.85,2.75,8100,2.85,2700,0,334800
TATAGLOBAL30Jan20300PE.NFO,07/01/2020,09:45:12,2.85,2.75,5400,2.85,2700,0,334800
TATAGLOBAL30Jan20300PE.NFO,07/01/2020,09:45:20,2.85,2.75,5400,2.85,5400,0,334800
TATAGLOBAL30Jan20300PE.NFO,07/01/2020,09:45:26,2.85,2.75,5400,2.85,2700,0,334800
TATAGLOBAL30Jan20300PE.NFO,07/01/2020,09:46:38,2.85,2.8,2700,2.85,2700,0,334800
TATAGLOBAL30Jan20300PE.NFO,07/01/2020,09:47:00,2.85,2.8,5400,2.9,2700,0,334800
TATAGLOBAL30Jan20300PE.NFO,07/01/2020,09:47:05,2.85,2.8,2700,2.9,2700,0,334800
TATAGLOBAL30Jan20300PE.NFO,07/01/2020,09:47:10,2.85,2.8,5400,2.9,2700,0,334800
TATAGLOBAL30Jan20300PE.NFO,07/01/2020,09:47:19,2.85,2.8,8100,2.9,2700,0,334800
TATAGLOBAL30Jan20300PE.NFO,07/01/2020,09:47:24,2.85,2.8,5400,2.9,2700,0,334800
TATAGLOBAL30Jan20300PE.NFO,07/01/2020,09:47:55,2.85,2.8,5400,2.95,5400,0,334800
TATAGLOBAL30Jan20300PE.NFO,07/01/2020,09:48:19,2.85,2.85,8100,2.95,2700,0,334800
TATAGLOBAL30Jan20300PE.NFO,07/01/2020,09:48:30,2.85,2.85,5400,2.95,2700,0,334800
TATAGLOBAL30Jan20300PE.NFO,07/01/2020,09:50:10,2.85,2.85,5400,3,5400,0,334800
TATAGLOBAL30Jan20300PE.NFO,07/01/2020,09:50:16,2.85,2.9,5400,3,2700,0,334800
TATAGLOBAL30Jan20300PE.NFO,07/01/2020,09:50:31,2.85,2.9,8100,3,2700,0,334800
TATAGLOBAL30Jan20300PE.NFO,07/01/2020,09:50:39,2.85,2.9,5400,3,2700,0,334800
TATAGLOBAL30Jan20300PE.NFO,07/01/2020,09:50:44,2.85,2.9,8100,3,2700,0,334800
TATAGLOBAL30Jan20300PE.NFO,07/01/2020,09:50:48,2.85,2.9,2700,3,2700,0,334800
TATAGLOBAL30Jan20300PE.NFO,07/01/2020,09:50:53,2.85,2.85,2700,3,5400,0,334800
TATAGLOBAL30Jan20300PE.NFO,07/01/2020,09:50:58,2.85,2.85,2700,3,2700,0,334800
TATAGLOBAL30Jan20300PE.NFO,07/01/2020,09:51:03,2.85,2.85,2700,3,5400,0,334800
TATAGLOBAL30Jan20300PE.NFO,07/01/2020,09:51:22,2.85,2.8,5400,2.9,2700,0,334800
TATAGLOBAL30Jan20300PE.NFO,07/01/2020,09:52:19,2.85,2.8,2700,2.9,2700,0,334800
TATAGLOBAL30Jan20300PE.NFO,07/01/2020,09:52:24,2.85,2.8,5400,2.9,5400,0,334800
TATAGLOBAL30Jan20300PE.NFO,07/01/2020,09:52:39,2.85,2.8,2700,2.9,5400,0,334800
TATAGLOBAL30Jan20300PE.NFO,07/01/2020,09:53:02,2.85,2.8,5400,2.9,5400,0,334800
TATAGLOBAL30Jan20300PE.NFO,07/01/2020,09:53:09,2.85,2.8,5400,2.9,2700,0,334800
TATAGLOBAL30Jan20300PE.NFO,07/01/2020,09:53:40,2.85,2.85,2700,2.9,2700,0,334800
TATAGLOBAL30Jan20300PE.NFO,07/01/2020,09:54:11,2.85,2.85,5400,2.95,5400,0,334800
TATAGLOBAL30Jan20300PE.NFO,07/01/2020,09:54:46,2.85,2.85,2700,2.95,5400,0,334800
TATAGLOBAL30Jan20300PE.NFO,07/01/2020,09:55:07,2.85,2.85,2700,2.9,5400,0,334800
TATAGLOBAL30Jan20300PE.NFO,07/01/2020,09:55:13,2.85,2.85,2700,2.9,2700,0,334800
TATAGLOBAL30Jan20300PE.NFO,07/01/2020,09:55:19,2.85,2.85,2700,2.9,5400,0,334800
TATAGLOBAL30Jan20300PE.NFO,07/01/2020,09:55:30,2.85,2.85,2700,2.9,2700,0,334800
TATAGLOBAL30Jan20300PE.NFO,07/01/2020,09:55:45,2.85,2.85,5400,2.9,2700,0,334800
TATAGLOBAL30Jan20300PE.NFO,07/01/2020,09:55:53,2.85,2.85,5400,2.95,2700,0,334800
TATAGLOBAL30Jan20300PE.NFO,07/01/2020,09:55:58,2.85,2.85,5400,2.95,5400,0,334800
TATAGLOBAL30Jan20300PE.NFO,07/01/2020,09:56:07,2.85,2.85,5400,2.95,2700,0,334800
TATAGLOBAL30Jan20300PE.NFO,07/01/2020,09:56:15,2.85,2.85,5400,2.95,5400,0,334800
TATAGLOBAL30Jan20300PE.NFO,07/01/2020,09:57:16,2.85,2.85,5400,2.95,2700,0,334800
TATAGLOBAL30Jan20300PE.NFO,07/01/2020,09:57:22,2.85,2.85,5400,2.95,5400,0,334800
TATAGLOBAL30Jan20300PE.NFO,07/01/2020,09:57:46,2.85,2.85,5400,2.9,2700,0,334800
TATAGLOBAL30Jan20300PE.NFO,07/01/2020,09:57:50,2.85,2.85,5400,2.95,5400,0,334800
TATAGLOBAL30Jan20300PE.NFO,07/01/2020,09:57:54,2.85,2.85,2700,2.95,5400,0,334800
TATAGLOBAL30Jan20300PE.NFO,07/01/2020,09:58:10,2.85,2.75,5400,2.85,2700,2700,332100
TATAGLOBAL30Jan20300PE.NFO,07/01/2020,09:58:20,2.85,2.75,5400,2.9,5400,0,332100
TATAGLOBAL30Jan20300PE.NFO,07/01/2020,09:58:25,2.85,2.75,5400,2.85,5400,0,332100
TATAGLOBAL30Jan20300PE.NFO,07/01/2020,09:58:49,2.85,2.75,5400,2.9,5400,0,332100
TATAGLOBAL30Jan20300PE.NFO,07/01/2020,09:59:00,2.85,2.75,5400,2.85,5400,0,332100
TATAGLOBAL30Jan20300PE.NFO,07/01/2020,09:59:12,2.85,2.75,5400,2.85,2700,0,332100
TATAGLOBAL30Jan20300PE.NFO,07/01/2020,09:59:30,2.85,2.75,5400,2.9,5400,0,332100
TATAGLOBAL30Jan20300PE.NFO,07/01/2020,09:59:44,2.85,2.75,5400,2.9,2700,0,332100
TATAGLOBAL30Jan20300PE.NFO,07/01/2020,09:59:53,2.75,2.75,2700,2.9,2700,2700,334800
TATAGLOBAL30Jan20300PE.NFO,07/01/2020,09:59:57,2.75,2.75,2700,2.9,2700,0,334800
TATAGLOBAL30Jan20300PE.NFO,07/01/2020,10:00:01,2.75,2.8,5400,2.95,2700,0,334800
TATAGLOBAL30Jan20300PE.NFO,07/01/2020,10:00:13,2.75,2.8,5400,2.95,5400,0,334800
TATAGLOBAL30Jan20300PE.NFO,07/01/2020,10:00:16,2.75,2.8,5400,2.95,2700,0,334800
TATAGLOBAL30Jan20300PE.NFO,07/01/2020,10:00:41,2.75,2.8,2700,2.95,2700,0,334800
TATAGLOBAL30Jan20300PE.NFO,07/01/2020,10:00:55,2.75,2.8,2700,2.95,5400,0,334800
TATAGLOBAL30Jan20300PE.NFO,07/01/2020,10:01:26,2.75,2.75,5400,2.95,5400,0,334800
TATAGLOBAL30Jan20300PE.NFO,07/01/2020,10:01:43,2.75,2.8,5400,2.95,5400,0,334800
TATAGLOBAL30Jan20300PE.NFO,07/01/2020,10:01:49,2.75,2.8,2700,2.95,5400,0,334800
TATAGLOBAL30Jan20300PE.NFO,07/01/2020,10:02:06,2.75,2.8,2700,2.9,5400,0,334800
TATAGLOBAL30Jan20300PE.NFO,07/01/2020,10:02:12,2.75,2.8,2700,2.85,2700,0,334800
TATAGLOBAL30Jan20300PE.NFO,07/01/2020,10:02:32,2.8,2.75,5400,2.85,5400,2700,334800
TATAGLOBAL30Jan20300PE.NFO,07/01/2020,10:02:37,2.8,2.75,5400,2.85,5400,0,334800
TATAGLOBAL30Jan20300PE.NFO,07/01/2020,10:02:57,2.8,2.75,2700,2.85,5400,0,334800
TATAGLOBAL30Jan20300PE.NFO,07/01/2020,10:03:15,2.8,2.75,5400,2.85,5400,0,334800
TATAGLOBAL30Jan20300PE.NFO,07/01/2020,10:03:20,2.8,2.75,2700,2.85,5400,0,334800
TATAGLOBAL30Jan20300PE.NFO,07/01/2020,10:03:26,2.8,2.75,5400,2.85,5400,0,334800
TATAGLOBAL30Jan20300PE.NFO,07/01/2020,10:03:31,2.8,2.75,2700,2.85,5400,0,334800
TATAGLOBAL30Jan20300PE.NFO,07/01/2020,10:03:47,2.8,2.75,5400,2.85,5400,0,334800
TATAGLOBAL30Jan20300PE.NFO,07/01/2020,10:03:58,2.8,2.75,2700,2.85,5400,0,334800
TATAGLOBAL30Jan20300PE.NFO,07/01/2020,10:05:26,2.85,2.8,5400,2.95,2700,2700,332100
TATAGLOBAL30Jan20300PE.NFO,07/01/2020,10:05:31,2.85,2.85,5400,2.95,2700,0,332100
TATAGLOBAL30Jan20300PE.NFO,07/01/2020,10:05:38,2.85,2.85,5400,3,5400,0,332100
TATAGLOBAL30Jan20300PE.NFO,07/01/2020,10:05:44,2.85,2.85,2700,3,5400,0,332100
TATAGLOBAL30Jan20300PE.NFO,07/01/2020,10:05:56,2.85,2.85,5400,3,5400,0,332100
TATAGLOBAL30Jan20300PE.NFO,07/01/2020,10:06:20,2.85,2.85,8100,3,5400,0,332100
TATAGLOBAL30Jan20300PE.NFO,07/01/2020,10:06:46,2.85,2.85,5400,3,5400,0,332100
TATAGLOBAL30Jan20300PE.NFO,07/01/2020,10:06:52,2.85,2.85,2700,3,5400,0,332100
TATAGLOBAL30Jan20300PE.NFO,07/01/2020,10:07:06,2.85,2.85,2700,3,8100,0,332100
TATAGLOBAL30Jan20300PE.NFO,07/01/2020,10:09:02,2.85,2.85,2700,3,5400,0,332100
TATAGLOBAL30Jan20300PE.NFO,07/01/2020,10:09:28,2.85,2.85,5400,3.05,5400,0,332100
TATAGLOBAL30Jan20300PE.NFO,07/01/2020,10:09:53,2.85,2.85,2700,3,8100,0,332100
TATAGLOBAL30Jan20300PE.NFO,07/01/2020,10:10:24,2.85,2.85,5400,3,2700,0,332100
TATAGLOBAL30Jan20300PE.NFO,07/01/2020,10:10:44,2.85,2.85,5400,3,5400,0,332100
TATAGLOBAL30Jan20300PE.NFO,07/01/2020,10:11:07,2.85,2.85,5400,3,2700,0,332100
TATAGLOBAL30Jan20300PE.NFO,07/01/2020,10:11:12,2.85,2.85,5400,3,5400,0,332100
TATAGLOBAL30Jan20300PE.NFO,07/01/2020,10:11:18,2.85,2.85,5400,3,2700,0,332100
TATAGLOBAL30Jan20300PE.NFO,07/01/2020,10:11:34,2.85,2.85,5400,3,5400,0,332100
TATAGLOBAL30Jan20300PE.NFO,07/01/2020,10:11:40,2.85,2.85,5400,3,2700,0,332100
TATAGLOBAL30Jan20300PE.NFO,07/01/2020,10:11:46,2.85,2.95,2700,3.05,2700,0,332100
TATAGLOBAL30Jan20300PE.NFO,07/01/2020,10:11:52,2.85,2.95,5400,3.05,2700,0,332100
TATAGLOBAL30Jan20300PE.NFO,07/01/2020,10:13:29,2.85,2.95,2700,3.1,2700,0,332100
TATAGLOBAL30Jan20300PE.NFO,07/01/2020,10:14:08,2.85,2.95,2700,3.05,2700,0,332100
TATAGLOBAL30Jan20300PE.NFO,07/01/2020,10:15:05,2.85,2.95,2700,3.1,2700,0,332100
TATAGLOBAL30Jan20300PE.NFO,07/01/2020,10:15:15,2.85,2.95,2700,3.1,5400,0,332100
TATAGLOBAL30Jan20300PE.NFO,07/01/2020,10:17:07,2.85,2.95,2700,3.1,8100,0,332100
TATAGLOBAL30Jan20300PE.NFO,07/01/2020,10:17:13,2.85,2.95,2700,3.1,5400,0,332100
TATAGLOBAL30Jan20300PE.NFO,07/01/2020,10:18:25,2.85,2.95,2700,3.1,8100,0,332100
TATAGLOBAL30Jan20300PE.NFO,07/01/2020,10:18:34,2.85,2.95,2700,3.1,5400,0,332100
TATAGLOBAL30Jan20300PE.NFO,07/01/2020,10:18:55,2.85,2.95,2700,3.1,8100,0,332100
TATAGLOBAL30Jan20300PE.NFO,07/01/2020,10:19:16,2.85,2.95,2700,3.1,5400,0,332100
TATAGLOBAL30Jan20300PE.NFO,07/01/2020,10:19:21,2.85,2.95,2700,3.1,8100,0,332100
TATAGLOBAL30Jan20300PE.NFO,07/01/2020,10:19:26,2.85,2.95,2700,3.1,5400,0,332100
TATAGLOBAL30Jan20300PE.NFO,07/01/2020,10:20:18,2.85,2.95,2700,3.1,8100,0,332100
TATAGLOBAL30Jan20300PE.NFO,07/01/2020,10:20:40,2.85,2.95,2700,3.1,5400,0,332100
TATAGLOBAL30Jan20300PE.NFO,07/01/2020,10:20:44,2.85,2.95,2700,3.1,8100,0,332100
TATAGLOBAL30Jan20300PE.NFO,07/01/2020,10:20:53,2.85,2.95,2700,3.1,5400,0,332100
TATAGLOBAL30Jan20300PE.NFO,07/01/2020,10:20:57,2.85,2.95,2700,3.1,10800,0,332100
TATAGLOBAL30Jan20300PE.NFO,07/01/2020,10:21:54,2.85,2.95,2700,3.1,8100,0,332100
TATAGLOBAL30Jan20300PE.NFO,07/01/2020,10:22:13,2.85,2.95,2700,3.1,5400,0,332100
TATAGLOBAL30Jan20300PE.NFO,07/01/2020,10:22:39,3.05,3,5400,3.15,2700,2700,334800
TATAGLOBAL30Jan20300PE.NFO,07/01/2020,10:22:45,3.05,3,10800,3.15,2700,0,334800
TATAGLOBAL30Jan20300PE.NFO,07/01/2020,10:22:52,3.05,3.1,2700,3.2,2700,0,334800
TATAGLOBAL30Jan20300PE.NFO,07/01/2020,10:23:02,3.05,3.05,2700,3.2,2700,0,334800
TATAGLOBAL30Jan20300PE.NFO,07/01/2020,10:23:18,3.05,3.05,5400,3.2,2700,0,334800
TATAGLOBAL30Jan20300PE.NFO,07/01/2020,10:23:22,3.05,3.05,2700,3.2,2700,0,334800
TATAGLOBAL30Jan20300PE.NFO,07/01/2020,10:23:37,3.05,3.05,8100,3.25,5400,0,334800
TATAGLOBAL30Jan20300PE.NFO,07/01/2020,10:23:47,3.05,3.05,5400,3.25,5400,0,334800
TATAGLOBAL30Jan20300PE.NFO,07/01/2020,10:24:07,3.05,3.05,5400,3.25,8100,0,334800
TATAGLOBAL30Jan20300PE.NFO,07/01/2020,10:24:21,3.05,3.05,10800,3.25,5400,0,334800
TATAGLOBAL30Jan20300PE.NFO,07/01/2020,10:24:29,3.05,3.05,8100,3.25,5400,0,334800
TATAGLOBAL30Jan20300PE.NFO,07/01/2020,10:24:39,3.05,3.05,8100,3.25,8100,0,334800
TATAGLOBAL30Jan20300PE.NFO,07/01/2020,10:24:48,3.05,3.05,8100,3.25,10800,0,334800
TATAGLOBAL30Jan20300PE.NFO,07/01/2020,10:24:51,3.05,3.05,5400,3.25,10800,0,334800
TATAGLOBAL30Jan20300PE.NFO,07/01/2020,10:25:00,3.05,3.05,5400,3.2,5400,0,334800
TATAGLOBAL30Jan20300PE.NFO,07/01/2020,10:25:28,3.05,3.05,10800,3.2,2700,0,334800
TATAGLOBAL30Jan20300PE.NFO,07/01/2020,10:25:33,3.05,3.05,8100,3.25,5400,0,334800
TATAGLOBAL30Jan20300PE.NFO,07/01/2020,10:25:56,3.05,3.05,5400,3.2,5400,0,334800
TATAGLOBAL30Jan20300PE.NFO,07/01/2020,10:26:11,3.05,3.05,10800,3.25,5400,0,334800
TATAGLOBAL30Jan20300PE.NFO,07/01/2020,10:26:16,3.05,3.05,5400,3.2,5400,0,334800
TATAGLOBAL30Jan20300PE.NFO,07/01/2020,10:26:24,3.05,3.05,5400,3.2,8100,0,334800
TATAGLOBAL30Jan20300PE.NFO,07/01/2020,10:26:31,3.05,3.05,5400,3.15,5400,0,334800
TATAGLOBAL30Jan20300PE.NFO,07/01/2020,10:26:38,3.05,3.05,5400,3.15,2700,0,334800
TATAGLOBAL30Jan20300PE.NFO,07/01/2020,10:26:43,3.05,3.05,5400,3.2,5400,0,334800
TATAGLOBAL30Jan20300PE.NFO,07/01/2020,10:26:51,3.05,3.05,5400,3.15,2700,0,334800
TATAGLOBAL30Jan20300PE.NFO,07/01/2020,10:26:56,3.05,3.05,5400,3.2,5400,0,334800
TATAGLOBAL30Jan20300PE.NFO,07/01/2020,10:26:59,3.05,3.05,5400,3.15,5400,0,334800
TATAGLOBAL30Jan20300PE.NFO,07/01/2020,10:27:12,3.05,3.05,2700,3.15,5400,0,334800
TATAGLOBAL30Jan20300PE.NFO,07/01/2020,10:27:28,3.05,3,2700,3.15,5400,0,334800
TATAGLOBAL30Jan20300PE.NFO,07/01/2020,10:28:30,3.05,3,2700,3.1,2700,0,334800
TATAGLOBAL30Jan20300PE.NFO,07/01/2020,10:28:48,3.05,3,2700,3.15,5400,0,334800
TATAGLOBAL30Jan20300PE.NFO,07/01/2020,10:28:55,3.05,3,2700,3.1,2700,0,334800
TATAGLOBAL30Jan20300PE.NFO,07/01/2020,10:29:31,3.05,3,2700,3.15,5400,0,334800
TATAGLOBAL30Jan20300PE.NFO,07/01/2020,10:29:35,3.05,3,2700,3.1,2700,0,334800
TATAGLOBAL30Jan20300PE.NFO,07/01/2020,10:29:48,3.05,3,2700,3.1,5400,0,334800
TATAGLOBAL30Jan20300PE.NFO,07/01/2020,10:30:31,3.05,3,2700,3.1,2700,0,334800
TATAGLOBAL30Jan20300PE.NFO,07/01/2020,10:31:42,3.05,3,2700,3.15,5400,0,334800
TATAGLOBAL30Jan20300PE.NFO,07/01/2020,10:32:45,3.05,3,2700,3.1,5400,0,334800
TATAGLOBAL30Jan20300PE.NFO,07/01/2020,10:34:24,3.05,2.95,5400,3.05,2700,0,334800
TATAGLOBAL30Jan20300PE.NFO,07/01/2020,10:34:28,3.05,2.95,5400,3.1,5400,0,334800
TATAGLOBAL30Jan20300PE.NFO,07/01/2020,10:35:16,3.05,2.95,2700,3.1,5400,0,334800
TATAGLOBAL30Jan20300PE.NFO,07/01/2020,10:35:57,3.05,2.95,2700,3.05,2700,0,334800
TATAGLOBAL30Jan20300PE.NFO,07/01/2020,10:36:10,3.05,2.95,2700,3.1,5400,0,334800
TATAGLOBAL30Jan20300PE.NFO,07/01/2020,10:36:24,3.05,3.05,2700,3.15,5400,0,334800
TATAGLOBAL30Jan20300PE.NFO,07/01/2020,10:36:31,3.05,3.05,2700,3.15,2700,0,334800
TATAGLOBAL30Jan20300PE.NFO,07/01/2020,10:36:33,3.05,3.05,5400,3.2,5400,0,334800
TATAGLOBAL30Jan20300PE.NFO,07/01/2020,10:37:03,3.05,3.05,8100,3.2,5400,0,334800
TATAGLOBAL30Jan20300PE.NFO,07/01/2020,10:37:21,3.05,3.05,5400,3.2,5400,0,334800
TATAGLOBAL30Jan20300PE.NFO,07/01/2020,10:37:24,3.05,3.05,10800,3.2,5400,0,334800
TATAGLOBAL30Jan20300PE.NFO,07/01/2020,10:37:29,3.05,3.05,10800,3.2,2700,0,334800
TATAGLOBAL30Jan20300PE.NFO,07/01/2020,10:37:39,3.05,3.1,5400,3.25,2700,0,334800
TATAGLOBAL30Jan20300PE.NFO,07/01/2020,10:38:08,3.05,3.05,5400,3.2,5400,0,334800
TATAGLOBAL30Jan20300PE.NFO,07/01/2020,10:38:14,3.05,3.05,2700,3.2,5400,0,334800
TATAGLOBAL30Jan20300PE.NFO,07/01/2020,10:38:24,3.05,3.05,10800,3.2,5400,0,334800
TATAGLOBAL30Jan20300PE.NFO,07/01/2020,10:38:37,3.05,3.05,8100,3.2,5400,0,334800
TATAGLOBAL30Jan20300PE.NFO,07/01/2020,10:38:57,3.05,3.05,8100,3.2,8100,0,334800
TATAGLOBAL30Jan20300PE.NFO,07/01/2020,10:39:01,3.05,3.05,2700,3.2,8100,0,334800
TATAGLOBAL30Jan20300PE.NFO,07/01/2020,10:39:06,3.05,3.05,5400,3.2,8100,0,334800
TATAGLOBAL30Jan20300PE.NFO,07/01/2020,10:39:34,3.05,3.05,5400,3.2,5400,0,334800
TATAGLOBAL30Jan20300PE.NFO,07/01/2020,10:39:50,3.05,3.1,5400,3.25,5400,0,334800
TATAGLOBAL30Jan20300PE.NFO,07/01/2020,10:40:05,3.05,3.1,2700,3.2,5400,0,334800
TATAGLOBAL30Jan20300PE.NFO,07/01/2020,10:40:11,3.05,3.1,2700,3.2,8100,0,334800
TATAGLOBAL30Jan20300PE.NFO,07/01/2020,10:40:16,3.1,3.05,2700,3.2,8100,2700,334800
TATAGLOBAL30Jan20300PE.NFO,07/01/2020,10:40:35,3.1,3.05,2700,3.2,8100,0,334800
TATAGLOBAL30Jan20300PE.NFO,07/01/2020,10:40:59,3.1,3,8100,3.2,8100,0,334800
TATAGLOBAL30Jan20300PE.NFO,07/01/2020,10:41:02,3.1,3,8100,3.2,10800,0,334800
TATAGLOBAL30Jan20300PE.NFO,07/01/2020,10:41:15,3.1,3,5400,3.2,10800,0,334800
TATAGLOBAL30Jan20300PE.NFO,07/01/2020,10:41:18,3.1,3,5400,3.1,2700,0,334800
TATAGLOBAL30Jan20300PE.NFO,07/01/2020,10:41:21,3.1,3,2700,3.1,2700,0,334800
TATAGLOBAL30Jan20300PE.NFO,07/01/2020,10:41:27,3.1,3,5400,3.1,5400,0,334800
TATAGLOBAL30Jan20300PE.NFO,07/01/2020,10:41:33,3.1,3,5400,3.1,2700,0,334800
TATAGLOBAL30Jan20300PE.NFO,07/01/2020,10:41:45,3.1,3,8100,3.1,2700,0,334800
TATAGLOBAL30Jan20300PE.NFO,07/01/2020,10:42:00,3.1,3,5400,3.1,2700,0,334800
TATAGLOBAL30Jan20300PE.NFO,07/01/2020,10:42:19,3.1,3,8100,3.1,2700,0,334800
TATAGLOBAL30Jan20300PE.NFO,07/01/2020,10:42:35,3.1,3.05,5400,3.1,2700,0,334800
TATAGLOBAL30Jan20300PE.NFO,07/01/2020,10:42:38,3.1,3.05,2700,3.1,2700,0,334800
TATAGLOBAL30Jan20300PE.NFO,07/01/2020,10:43:36,3.1,3.05,5400,3.1,2700,0,334800
TATAGLOBAL30Jan20300PE.NFO,07/01/2020,10:43:47,3.1,3.05,8100,3.1,2700,0,334800
TATAGLOBAL30Jan20300PE.NFO,07/01/2020,10:43:57,3.1,3.05,5400,3.1,2700,0,334800
TATAGLOBAL30Jan20300PE.NFO,07/01/2020,10:44:08,3.1,3.05,2700,3.1,2700,0,334800
TATAGLOBAL30Jan20300PE.NFO,07/01/2020,10:44:29,3.1,3.05,5400,3.1,2700,0,334800
TATAGLOBAL30Jan20300PE.NFO,07/01/2020,10:44:32,3.1,3.05,8100,3.1,2700,0,334800
TATAGLOBAL30Jan20300PE.NFO,07/01/2020,10:44:35,3.1,3.05,2700,3.1,2700,0,334800
TATAGLOBAL30Jan20300PE.NFO,07/01/2020,10:44:38,3.1,3.05,2700,3.15,2700,2700,334800
TATAGLOBAL30Jan20300PE.NFO,07/01/2020,10:44:41,3.1,3.05,2700,3.15,2700,0,334800
TATAGLOBAL30Jan20300PE.NFO,07/01/2020,10:44:50,3.1,3.05,5400,3.15,2700,0,334800
TATAGLOBAL30Jan20300PE.NFO,07/01/2020,10:44:53,3.1,3.05,2700,3.15,2700,0,334800
TATAGLOBAL30Jan20300PE.NFO,07/01/2020,10:45:01,3.1,3.05,8100,3.15,2700,0,334800
TATAGLOBAL30Jan20300PE.NFO,07/01/2020,10:45:16,3.1,3.05,2700,3.15,5400,0,334800
TATAGLOBAL30Jan20300PE.NFO,07/01/2020,10:45:44,3.1,3.05,5400,3.15,5400,0,334800
TATAGLOBAL30Jan20300PE.NFO,07/01/2020,10:46:33,3.1,3.05,2700,3.15,5400,0,334800
TATAGLOBAL30Jan20300PE.NFO,07/01/2020,10:47:04,3.1,3.05,5400,3.15,5400,0,334800
TATAGLOBAL30Jan20300PE.NFO,07/01/2020,10:47:12,3.1,3.05,2700,3.15,5400,0,334800
TATAGLOBAL30Jan20300PE.NFO,07/01/2020,10:47:34,3.1,3.05,5400,3.15,5400,0,334800
TATAGLOBAL30Jan20300PE.NFO,07/01/2020,10:48:03,3.1,3.05,2700,3.15,5400,0,334800
TATAGLOBAL30Jan20300PE.NFO,07/01/2020,10:48:12,3.1,3.05,8100,3.15,5400,0,334800
TATAGLOBAL30Jan20300PE.NFO,07/01/2020,10:48:29,3.1,3.05,5400,3.15,5400,0,334800
TATAGLOBAL30Jan20300PE.NFO,07/01/2020,10:49:03,3.1,3.05,5400,3.15,2700,0,334800
TATAGLOBAL30Jan20300PE.NFO,07/01/2020,10:50:17,3.1,3,10800,3.15,5400,0,334800
TATAGLOBAL30Jan20300PE.NFO,07/01/2020,10:50:33,3.1,3.1,2700,3.15,2700,0,334800
TATAGLOBAL30Jan20300PE.NFO,07/01/2020,10:51:33,3.1,3.05,8100,3.15,2700,0,334800
TATAGLOBAL30Jan20300PE.NFO,07/01/2020,10:51:49,3.1,3.05,5400,3.15,2700,0,334800
TATAGLOBAL30Jan20300PE.NFO,07/01/2020,10:52:05,3.1,3.05,8100,3.2,5400,0,334800
TATAGLOBAL30Jan20300PE.NFO,07/01/2020,10:52:15,3.1,3.05,5400,3.2,5400,0,334800
TATAGLOBAL30Jan20300PE.NFO,07/01/2020,10:52:33,3.1,3.05,5400,3.2,2700,0,334800
TATAGLOBAL30Jan20300PE.NFO,07/01/2020,10:52:53,3.1,3.05,8100,3.2,2700,0,334800
TATAGLOBAL30Jan20300PE.NFO,07/01/2020,10:53:05,3.1,3.15,5400,3.3,5400,0,334800
TATAGLOBAL30Jan20300PE.NFO,07/01/2020,10:53:52,3.1,3.15,8100,3.3,5400,0,334800
TATAGLOBAL30Jan20300PE.NFO,07/01/2020,10:53:59,3.1,3.15,2700,3.3,5400,0,334800
TATAGLOBAL30Jan20300PE.NFO,07/01/2020,10:54:05,3.1,3.15,8100,3.3,5400,0,334800
TATAGLOBAL30Jan20300PE.NFO,07/01/2020,10:54:11,3.1,3.15,5400,3.3,5400,0,334800
TATAGLOBAL30Jan20300PE.NFO,07/01/2020,10:54:51,3.1,3.1,5400,3.25,2700,0,334800
TATAGLOBAL30Jan20300PE.NFO,07/01/2020,10:54:56,3.1,3.1,8100,3.25,2700,0,334800
TATAGLOBAL30Jan20300PE.NFO,07/01/2020,10:55:14,3.1,3.1,5400,3.25,2700,0,334800
TATAGLOBAL30Jan20300PE.NFO,07/01/2020,10:55:18,3.1,3.1,8100,3.25,2700,0,334800
TATAGLOBAL30Jan20300PE.NFO,07/01/2020,10:55:27,3.1,3.1,5400,3.25,2700,0,334800
TATAGLOBAL30Jan20300PE.NFO,07/01/2020,10:55:51,3.1,3.1,2700,3.25,8100,0,334800
TATAGLOBAL30Jan20300PE.NFO,07/01/2020,10:55:56,3.1,3.1,2700,3.2,5400,0,334800
TATAGLOBAL30Jan20300PE.NFO,07/01/2020,10:56:01,3.1,3.1,2700,3.2,2700,0,334800
TATAGLOBAL30Jan20300PE.NFO,07/01/2020,10:56:06,3.1,3.1,8100,3.25,2700,0,334800
TATAGLOBAL30Jan20300PE.NFO,07/01/2020,10:56:12,3.1,3.1,5400,3.25,2700,0,334800
TATAGLOBAL30Jan20300PE.NFO,07/01/2020,10:56:17,3.1,3.1,5400,3.25,5400,0,334800
TATAGLOBAL30Jan20300PE.NFO,07/01/2020,10:56:22,3.1,3.1,5400,3.25,2700,0,334800
TATAGLOBAL30Jan20300PE.NFO,07/01/2020,10:56:30,3.1,3.1,8100,3.25,2700,0,334800
TATAGLOBAL30Jan20300PE.NFO,07/01/2020,10:56:46,3.1,3.1,5400,3.25,2700,0,334800
TATAGLOBAL30Jan20300PE.NFO,07/01/2020,10:57:03,3.1,3.15,5400,3.25,2700,0,334800
TATAGLOBAL30Jan20300PE.NFO,07/01/2020,10:57:13,3.1,3.15,5400,3.3,5400,0,334800
TATAGLOBAL30Jan20300PE.NFO,07/01/2020,10:57:27,3.1,3.15,10800,3.3,2700,0,334800
TATAGLOBAL30Jan20300PE.NFO,07/01/2020,10:57:33,3.1,3.15,5400,3.3,2700,0,334800
TATAGLOBAL30Jan20300PE.NFO,07/01/2020,10:58:15,3.1,3.15,2700,3.3,2700,0,334800
TATAGLOBAL30Jan20300PE.NFO,07/01/2020,10:58:20,3.1,3.15,5400,3.3,2700,0,334800
TATAGLOBAL30Jan20300PE.NFO,07/01/2020,10:58:59,3.1,3.15,2700,3.3,2700,0,334800
TATAGLOBAL30Jan20300PE.NFO,07/01/2020,10:59:05,3.1,3.15,2700,3.3,5400,0,334800
TATAGLOBAL30Jan20300PE.NFO,07/01/2020,10:59:11,3.1,3.15,8100,3.3,2700,0,334800
TATAGLOBAL30Jan20300PE.NFO,07/01/2020,10:59:36,3.1,3.15,2700,3.3,5400,0,334800
TATAGLOBAL30Jan20300PE.NFO,07/01/2020,10:59:58,3.1,3.1,2700,3.2,2700,0,334800
TATAGLOBAL30Jan20300PE.NFO,07/01/2020,11:00:04,3.2,3.15,5400,3.3,2700,2700,334800
TATAGLOBAL30Jan20300PE.NFO,07/01/2020,11:00:04,3.2,3.15,5400,3.3,2700,0,334800
TATAGLOBAL30Jan20300PE.NFO,07/01/2020,11:00:10,3.2,3.25,5400,3.35,2700,0,334800
TATAGLOBAL30Jan20300PE.NFO,07/01/2020,11:00:16,3.2,3.3,2700,3.35,2700,0,334800
TATAGLOBAL30Jan20300PE.NFO,07/01/2020,11:00:23,3.2,3.25,2700,3.35,2700,0,334800
TATAGLOBAL30Jan20300PE.NFO,07/01/2020,11:00:30,3.2,3.25,2700,3.35,8100,0,334800
TATAGLOBAL30Jan20300PE.NFO,07/01/2020,11:00:44,3.2,3.2,5400,3.3,2700,0,334800
TATAGLOBAL30Jan20300PE.NFO,07/01/2020,11:00:50,3.2,3.2,5400,3.35,8100,0,334800
TATAGLOBAL30Jan20300PE.NFO,07/01/2020,11:01:06,3.2,3.25,2700,3.35,2700,0,334800
TATAGLOBAL30Jan20300PE.NFO,07/01/2020,11:01:13,3.2,3.25,2700,3.35,5400,0,334800
TATAGLOBAL30Jan20300PE.NFO,07/01/2020,11:01:35,3.2,3.25,2700,3.35,2700,0,334800
TATAGLOBAL30Jan20300PE.NFO,07/01/2020,11:01:59,3.2,3.25,5400,3.35,2700,0,334800
TATAGLOBAL30Jan20300PE.NFO,07/01/2020,11:02:19,3.2,3.25,5400,3.35,5400,0,334800
TATAGLOBAL30Jan20300PE.NFO,07/01/2020,11:02:33,3.2,3.25,5400,3.35,2700,0,334800
TATAGLOBAL30Jan20300PE.NFO,07/01/2020,11:02:52,3.3,3.25,8100,3.35,2700,2700,334800
TATAGLOBAL30Jan20300PE.NFO,07/01/2020,11:02:52,3.3,3.25,8100,3.35,2700,0,334800
TATAGLOBAL30Jan20300PE.NFO,07/01/2020,11:02:59,3.3,3.25,8100,3.35,2700,0,334800
TATAGLOBAL30Jan20300PE.NFO,07/01/2020,11:03:12,3.3,3.3,5400,3.35,2700,0,334800
TATAGLOBAL30Jan20300PE.NFO,07/01/2020,11:03:24,3.3,3.3,2700,3.35,2700,0,334800
TATAGLOBAL30Jan20300PE.NFO,07/01/2020,11:03:31,3.3,3.3,5400,3.35,2700,2700,334800
TATAGLOBAL30Jan20300PE.NFO,07/01/2020,11:03:44,3.35,3.3,8100,3.45,2700,2700,334800
TATAGLOBAL30Jan20300PE.NFO,07/01/2020,11:03:44,3.35,3.3,8100,3.45,2700,0,334800
TATAGLOBAL30Jan20300PE.NFO,07/01/2020,11:03:51,3.35,3.35,5400,3.45,2700,0,334800
TATAGLOBAL30Jan20300PE.NFO,07/01/2020,11:03:57,3.35,3.35,2700,3.45,2700,0,334800
TATAGLOBAL30Jan20300PE.NFO,07/01/2020,11:04:04,3.35,3.35,5400,3.45,2700,0,334800
TATAGLOBAL30Jan20300PE.NFO,07/01/2020,11:04:11,3.35,3.35,2700,3.45,2700,0,334800
TATAGLOBAL30Jan20300PE.NFO,07/01/2020,11:04:24,3.35,3.35,8100,3.45,2700,0,334800
TATAGLOBAL30Jan20300PE.NFO,07/01/2020,11:04:30,3.35,3.35,10800,3.5,8100,0,334800
TATAGLOBAL30Jan20300PE.NFO,07/01/2020,11:04:37,3.35,3.4,8100,3.5,5400,0,334800
TATAGLOBAL30Jan20300PE.NFO,07/01/2020,11:04:44,3.35,3.4,2700,3.5,5400,0,334800
TATAGLOBAL30Jan20300PE.NFO,07/01/2020,11:04:51,3.35,3.4,2700,3.5,2700,0,334800
TATAGLOBAL30Jan20300PE.NFO,07/01/2020,11:05:11,3.35,3.35,8100,3.45,2700,0,334800
TATAGLOBAL30Jan20300PE.NFO,07/01/2020,11:05:18,3.35,3.35,2700,3.45,5400,0,334800
TATAGLOBAL30Jan20300PE.NFO,07/01/2020,11:05:31,3.35,3.35,2700,3.4,5400,0,334800
TATAGLOBAL30Jan20300PE.NFO,07/01/2020,11:05:50,3.35,3.3,2700,3.4,10800,2700,329400
TATAGLOBAL30Jan20300PE.NFO,07/01/2020,11:05:58,3.35,3.2,2700,3.3,2700,0,329400
TATAGLOBAL30Jan20300PE.NFO,07/01/2020,11:06:12,3.35,3.15,5400,3.3,2700,0,329400
TATAGLOBAL30Jan20300PE.NFO,07/01/2020,11:06:36,3.35,3.1,5400,3.25,5400,0,329400
TATAGLOBAL30Jan20300PE.NFO,07/01/2020,11:06:41,3.35,3.15,5400,3.3,5400,0,329400
TATAGLOBAL30Jan20300PE.NFO,07/01/2020,11:06:46,3.35,3.15,2700,3.3,5400,0,329400
TATAGLOBAL30Jan20300PE.NFO,07/01/2020,11:06:57,3.35,3.1,2700,3.2,2700,0,329400
TATAGLOBAL30Jan20300PE.NFO,07/01/2020,11:07:03,3.35,3.1,8100,3.25,2700,0,329400
TATAGLOBAL30Jan20300PE.NFO,07/01/2020,11:07:19,3.35,3.1,2700,3.25,2700,0,329400
TATAGLOBAL30Jan20300PE.NFO,07/01/2020,11:07:24,3.35,3.1,2700,3.25,5400,0,329400
TATAGLOBAL30Jan20300PE.NFO,07/01/2020,11:07:29,3.35,3.1,2700,3.25,2700,0,329400
TATAGLOBAL30Jan20300PE.NFO,07/01/2020,11:07:40,3.35,3.1,2700,3.25,5400,0,329400
TATAGLOBAL30Jan20300PE.NFO,07/01/2020,11:07:45,3.35,3.1,2700,3.25,2700,0,329400
TATAGLOBAL30Jan20300PE.NFO,07/01/2020,11:07:59,3.35,3.1,5400,3.25,2700,0,329400
TATAGLOBAL30Jan20300PE.NFO,07/01/2020,11:08:09,3.35,3.1,2700,3.25,2700,0,329400
TATAGLOBAL30Jan20300PE.NFO,07/01/2020,11:08:44,3.35,3.1,5400,3.25,2700,0,329400
TATAGLOBAL30Jan20300PE.NFO,07/01/2020,11:08:49,3.35,3.1,2700,3.25,2700,0,329400
TATAGLOBAL30Jan20300PE.NFO,07/01/2020,11:08:53,3.35,3.1,5400,3.25,2700,0,329400
TATAGLOBAL30Jan20300PE.NFO,07/01/2020,11:08:57,3.35,3.1,2700,3.25,2700,0,329400
TATAGLOBAL30Jan20300PE.NFO,07/01/2020,11:09:27,3.35,3.1,5400,3.25,2700,0,329400
TATAGLOBAL30Jan20300PE.NFO,07/01/2020,11:09:32,3.35,3.1,2700,3.25,2700,0,329400
TATAGLOBAL30Jan20300PE.NFO,07/01/2020,11:09:38,3.35,3.1,5400,3.25,2700,0,329400
TATAGLOBAL30Jan20300PE.NFO,07/01/2020,11:09:48,3.35,3.1,2700,3.25,2700,0,329400
TATAGLOBAL30Jan20300PE.NFO,07/01/2020,11:09:52,3.35,3.05,5400,3.25,5400,0,329400
TATAGLOBAL30Jan20300PE.NFO,07/01/2020,11:10:04,3.35,3.1,5400,3.25,2700,0,329400
TATAGLOBAL30Jan20300PE.NFO,07/01/2020,11:10:09,3.35,3.05,2700,3.15,2700,0,329400
TATAGLOBAL30Jan20300PE.NFO,07/01/2020,11:10:14,3.35,3,8100,3.2,10800,0,329400
TATAGLOBAL30Jan20300PE.NFO,07/01/2020,11:10:46,3.35,3,10800,3.15,5400,0,329400
TATAGLOBAL30Jan20300PE.NFO,07/01/2020,11:10:49,3.35,3,8100,3.15,5400,0,329400
TATAGLOBAL30Jan20300PE.NFO,07/01/2020,11:11:08,3.35,3.05,5400,3.2,2700,0,329400
TATAGLOBAL30Jan20300PE.NFO,07/01/2020,11:11:13,3.35,3.05,2700,3.2,2700,0,329400
TATAGLOBAL30Jan20300PE.NFO,07/01/2020,11:11:20,3.35,3.05,5400,3.2,2700,0,329400
TATAGLOBAL30Jan20300PE.NFO,07/01/2020,11:11:28,3.35,3.05,2700,3.2,2700,0,329400
TATAGLOBAL30Jan20300PE.NFO,07/01/2020,11:11:36,3.35,3.05,5400,3.2,2700,0,329400
TATAGLOBAL30Jan20300PE.NFO,07/01/2020,11:12:04,3.35,3.15,2700,3.25,2700,0,329400
TATAGLOBAL30Jan20300PE.NFO,07/01/2020,11:12:13,3.35,3.1,5400,3.25,2700,0,329400
TATAGLOBAL30Jan20300PE.NFO,07/01/2020,11:12:31,3.35,3.1,5400,3.25,8100,0,329400
TATAGLOBAL30Jan20300PE.NFO,07/01/2020,11:12:37,3.35,3.1,2700,3.25,8100,0,329400
TATAGLOBAL30Jan20300PE.NFO,07/01/2020,11:12:42,3.35,3.05,8100,3.2,2700,0,329400
TATAGLOBAL30Jan20300PE.NFO,07/01/2020,11:12:48,3.35,3.05,5400,3.2,2700,0,329400
TATAGLOBAL30Jan20300PE.NFO,07/01/2020,11:13:03,3.35,3.05,2700,3.2,2700,0,329400
TATAGLOBAL30Jan20300PE.NFO,07/01/2020,11:13:08,3.35,3.05,5400,3.2,2700,0,329400
TATAGLOBAL30Jan20300PE.NFO,07/01/2020,11:13:25,3.35,3.05,5400,3.2,5400,0,329400
TATAGLOBAL30Jan20300PE.NFO,07/01/2020,11:13:30,3.35,3.05,5400,3.2,8100,0,329400
TATAGLOBAL30Jan20300PE.NFO,07/01/2020,11:13:49,3.35,3,8100,3.15,2700,0,329400
TATAGLOBAL30Jan20300PE.NFO,07/01/2020,11:14:19,3.35,3.05,5400,3.15,2700,0,329400
TATAGLOBAL30Jan20300PE.NFO,07/01/2020,11:14:29,3.35,3.05,2700,3.15,2700,0,329400
TATAGLOBAL30Jan20300PE.NFO,07/01/2020,11:14:43,3.35,3.05,5400,3.15,2700,0,329400
TATAGLOBAL30Jan20300PE.NFO,07/01/2020,11:14:58,3.35,3.1,5400,3.25,8100,0,329400
TATAGLOBAL30Jan20300PE.NFO,07/01/2020,11:15:23,3.35,3.1,5400,3.25,5400,0,329400
TATAGLOBAL30Jan20300PE.NFO,07/01/2020,11:15:33,3.35,3.1,5400,3.25,2700,0,329400
TATAGLOBAL30Jan20300PE.NFO,07/01/2020,11:15:47,3.35,3.1,5400,3.25,5400,0,329400
TATAGLOBAL30Jan20300PE.NFO,07/01/2020,11:15:55,3.35,3.1,5400,3.25,8100,0,329400
TATAGLOBAL30Jan20300PE.NFO,07/01/2020,11:16:24,3.35,3.05,2700,3.15,2700,0,329400
TATAGLOBAL30Jan20300PE.NFO,07/01/2020,11:16:50,3.35,3.05,2700,3.2,2700,0,329400
TATAGLOBAL30Jan20300PE.NFO,07/01/2020,11:17:17,3.35,3.05,2700,3.2,5400,0,329400
TATAGLOBAL30Jan20300PE.NFO,07/01/2020,11:17:23,3.35,3.05,2700,3.2,2700,0,329400
TATAGLOBAL30Jan20300PE.NFO,07/01/2020,11:17:28,3.35,3.05,2700,3.2,5400,0,329400
TATAGLOBAL30Jan20300PE.NFO,07/01/2020,11:17:33,3.35,3.05,2700,3.2,8100,0,329400
TATAGLOBAL30Jan20300PE.NFO,07/01/2020,11:17:51,3.35,3.05,2700,3.2,5400,0,329400
TATAGLOBAL30Jan20300PE.NFO,07/01/2020,11:17:56,3.35,3.05,2700,3.2,8100,0,329400
TATAGLOBAL30Jan20300PE.NFO,07/01/2020,11:18:24,3.35,3.05,2700,3.2,5400,0,329400
TATAGLOBAL30Jan20300PE.NFO,07/01/2020,11:18:33,3.35,3.05,2700,3.2,8100,0,329400
TATAGLOBAL30Jan20300PE.NFO,07/01/2020,11:18:40,3.35,3,8100,3.1,2700,0,329400
TATAGLOBAL30Jan20300PE.NFO,07/01/2020,11:19:17,3.35,3,10800,3.1,2700,0,329400
TATAGLOBAL30Jan20300PE.NFO,07/01/2020,11:19:26,3.35,3,10800,3.15,2700,0,329400
TATAGLOBAL30Jan20300PE.NFO,07/01/2020,11:19:45,3.35,3,8100,3.15,8100,0,329400
TATAGLOBAL30Jan20300PE.NFO,07/01/2020,11:19:59,3.35,3,10800,3.15,8100,0,329400
TATAGLOBAL30Jan20300PE.NFO,07/01/2020,11:20:03,3.35,3,10800,3.15,5400,0,329400
TATAGLOBAL30Jan20300PE.NFO,07/01/2020,11:20:31,3.35,3,8100,3.15,5400,0,329400
TATAGLOBAL30Jan20300PE.NFO,07/01/2020,11:20:53,3.35,3,8100,3.1,2700,0,329400
TATAGLOBAL30Jan20300PE.NFO,07/01/2020,11:20:59,3.35,3,8100,3.15,5400,0,329400
TATAGLOBAL30Jan20300PE.NFO,07/01/2020,11:21:23,3.35,3.05,5400,3.15,5400,0,329400
TATAGLOBAL30Jan20300PE.NFO,07/01/2020,11:21:43,3.35,3.05,2700,3.15,5400,0,329400
TATAGLOBAL30Jan20300PE.NFO,07/01/2020,11:21:52,3.35,3.05,2700,3.15,2700,0,329400
TATAGLOBAL30Jan20300PE.NFO,07/01/2020,11:22:10,3.35,3.05,5400,3.15,2700,0,329400
TATAGLOBAL30Jan20300PE.NFO,07/01/2020,11:22:14,3.35,3.05,2700,3.15,2700,0,329400
TATAGLOBAL30Jan20300PE.NFO,07/01/2020,11:22:22,3.35,3.05,5400,3.15,2700,0,329400
TATAGLOBAL30Jan20300PE.NFO,07/01/2020,11:22:35,3.35,3.05,2700,3.15,2700,0,329400
TATAGLOBAL30Jan20300PE.NFO,07/01/2020,11:22:56,3.35,3,8100,3.15,2700,0,329400
TATAGLOBAL30Jan20300PE.NFO,07/01/2020,11:23:10,3.35,3,10800,3.15,2700,0,329400
TATAGLOBAL30Jan20300PE.NFO,07/01/2020,11:23:20,3.35,3,8100,3.15,2700,0,329400
TATAGLOBAL30Jan20300PE.NFO,07/01/2020,11:23:25,3.35,3,10800,3.15,2700,0,329400
TATAGLOBAL30Jan20300PE.NFO,07/01/2020,11:23:30,3.35,3,8100,3.15,2700,0,329400
TATAGLOBAL30Jan20300PE.NFO,07/01/2020,11:23:34,3.35,3,10800,3.15,2700,0,329400
TATAGLOBAL30Jan20300PE.NFO,07/01/2020,11:23:44,3.35,3,8100,3.15,2700,0,329400
TATAGLOBAL30Jan20300PE.NFO,07/01/2020,11:23:48,3.35,3,8100,3.15,5400,0,329400
TATAGLOBAL30Jan20300PE.NFO,07/01/2020,11:24:05,3.35,3,5400,3.1,5400,0,329400
TATAGLOBAL30Jan20300PE.NFO,07/01/2020,11:24:11,3.35,3,8100,3.1,5400,0,329400
TATAGLOBAL30Jan20300PE.NFO,07/01/2020,11:24:16,3.35,3,8100,3.1,2700,0,329400
TATAGLOBAL30Jan20300PE.NFO,07/01/2020,11:24:20,3.35,3,13500,3.15,5400,0,329400
TATAGLOBAL30Jan20300PE.NFO,07/01/2020,11:24:24,3.35,3,8100,3.15,5400,0,329400
TATAGLOBAL30Jan20300PE.NFO,07/01/2020,11:24:29,3.35,3,13500,3.15,5400,0,329400
TATAGLOBAL30Jan20300PE.NFO,07/01/2020,11:24:48,3.35,3,16200,3.15,5400,0,329400
TATAGLOBAL30Jan20300PE.NFO,07/01/2020,11:24:52,3.35,3,13500,3.15,5400,0,329400
TATAGLOBAL30Jan20300PE.NFO,07/01/2020,11:24:56,3.35,3,10800,3.15,5400,0,329400
TATAGLOBAL30Jan20300PE.NFO,07/01/2020,11:25:25,3.35,3.05,5400,3.2,2700,0,329400
TATAGLOBAL30Jan20300PE.NFO,07/01/2020,11:25:38,3.35,3.05,2700,3.15,2700,0,329400
TATAGLOBAL30Jan20300PE.NFO,07/01/2020,11:25:44,3.35,3,8100,3.15,8100,0,329400
TATAGLOBAL30Jan20300PE.NFO,07/01/2020,11:25:49,3.35,3,8100,3.15,10800,0,329400
TATAGLOBAL30Jan20300PE.NFO,07/01/2020,11:26:04,3.35,3,8100,3.15,8100,0,329400
TATAGLOBAL30Jan20300PE.NFO,07/01/2020,11:26:08,3.35,3,10800,3.15,8100,0,329400
TATAGLOBAL30Jan20300PE.NFO,07/01/2020,11:26:12,3.35,3,8100,3.1,8100,0,329400
TATAGLOBAL30Jan20300PE.NFO,07/01/2020,11:26:15,3.35,3,8100,3.1,10800,0,329400
TATAGLOBAL30Jan20300PE.NFO,07/01/2020,11:26:41,3.35,3,10800,3.1,2700,0,329400
TATAGLOBAL30Jan20300PE.NFO,07/01/2020,11:26:51,3.35,3,8100,3.1,2700,0,329400
TATAGLOBAL30Jan20300PE.NFO,07/01/2020,11:26:55,3.35,3,10800,3.1,2700,0,329400
TATAGLOBAL30Jan20300PE.NFO,07/01/2020,11:26:58,3.35,3,13500,3.1,8100,0,329400
TATAGLOBAL30Jan20300PE.NFO,07/01/2020,11:27:02,3.35,3,16200,3.1,2700,0,329400
TATAGLOBAL30Jan20300PE.NFO,07/01/2020,11:27:15,3.35,3,18900,3.15,2700,0,329400
TATAGLOBAL30Jan20300PE.NFO,07/01/2020,11:27:21,3.35,3,16200,3.15,8100,0,329400
TATAGLOBAL30Jan20300PE.NFO,07/01/2020,11:27:48,3.35,3,16200,3.15,10800,0,329400
TATAGLOBAL30Jan20300PE.NFO,07/01/2020,11:27:55,3.35,3,13500,3.15,10800,0,329400
TATAGLOBAL30Jan20300PE.NFO,07/01/2020,11:27:59,3.35,3,10800,3.1,5400,0,329400
TATAGLOBAL30Jan20300PE.NFO,07/01/2020,11:28:02,3.35,3,16200,3.1,2700,0,329400
TATAGLOBAL30Jan20300PE.NFO,07/01/2020,11:28:09,3.35,3,13500,3.1,8100,0,329400
TATAGLOBAL30Jan20300PE.NFO,07/01/2020,11:28:12,3.35,3,16200,3.1,2700,0,329400
TATAGLOBAL30Jan20300PE.NFO,07/01/2020,11:28:24,3.35,3,16200,3.1,5400,0,329400
TATAGLOBAL30Jan20300PE.NFO,07/01/2020,11:28:27,3.35,3,13500,3.1,5400,0,329400
TATAGLOBAL30Jan20300PE.NFO,07/01/2020,11:28:39,3.35,3,16200,3.1,5400,0,329400
TATAGLOBAL30Jan20300PE.NFO,07/01/2020,11:28:43,3.35,3,13500,3.1,5400,0,329400
TATAGLOBAL30Jan20300PE.NFO,07/01/2020,11:28:45,3.35,3,16200,3.1,5400,0,329400
TATAGLOBAL30Jan20300PE.NFO,07/01/2020,11:28:51,3.35,3,13500,3.1,5400,0,329400
TATAGLOBAL30Jan20300PE.NFO,07/01/2020,11:28:54,3.35,3,16200,3.1,5400,0,329400
TATAGLOBAL30Jan20300PE.NFO,07/01/2020,11:29:03,3.35,3,10800,3.1,8100,0,329400
TATAGLOBAL30Jan20300PE.NFO,07/01/2020,11:29:06,3.35,3,16200,3.1,5400,0,329400
TATAGLOBAL30Jan20300PE.NFO,07/01/2020,11:29:14,3.35,3,10800,3.1,8100,0,329400
TATAGLOBAL30Jan20300PE.NFO,07/01/2020,11:29:53,3.35,3,13500,3.1,8100,0,329400
TATAGLOBAL30Jan20300PE.NFO,07/01/2020,11:30:10,3.35,3,13500,3.1,5400,0,329400
TATAGLOBAL30Jan20300PE.NFO,07/01/2020,11:30:22,3.35,3,13500,3.1,8100,0,329400
TATAGLOBAL30Jan20300PE.NFO,07/01/2020,11:30:31,3.35,3,10800,3.1,8100,0,329400
TATAGLOBAL30Jan20300PE.NFO,07/01/2020,11:30:34,3.35,3,10800,3.1,10800,0,329400
TATAGLOBAL30Jan20300PE.NFO,07/01/2020,11:30:38,3.35,3,13500,3.1,10800,0,329400
TATAGLOBAL30Jan20300PE.NFO,07/01/2020,11:30:41,3.35,3,10800,3.1,10800,0,329400
TATAGLOBAL30Jan20300PE.NFO,07/01/2020,11:30:44,3.35,3,10800,3.05,5400,0,329400
TATAGLOBAL30Jan20300PE.NFO,07/01/2020,11:30:49,3.35,3,10800,3.05,10800,0,329400
TATAGLOBAL30Jan20300PE.NFO,07/01/2020,11:30:59,3,3,8100,3.05,10800,2700,329400
TATAGLOBAL30Jan20300PE.NFO,07/01/2020,11:31:05,3,3,5400,3.05,10800,2700,329400
TATAGLOBAL30Jan20300PE.NFO,07/01/2020,11:31:12,3,2.95,2700,3.05,5400,5400,329400
TATAGLOBAL30Jan20300PE.NFO,07/01/2020,11:31:17,3,2.9,5400,3,2700,0,329400
TATAGLOBAL30Jan20300PE.NFO,07/01/2020,11:31:21,3,2.9,8100,3,2700,0,329400
TATAGLOBAL30Jan20300PE.NFO,07/01/2020,11:31:26,3,2.9,2700,3,5400,0,329400
TATAGLOBAL30Jan20300PE.NFO,07/01/2020,11:31:31,3,2.9,10800,3.05,5400,0,329400
TATAGLOBAL30Jan20300PE.NFO,07/01/2020,11:31:43,3,2.85,10800,3,5400,0,329400
TATAGLOBAL30Jan20300PE.NFO,07/01/2020,11:31:54,3,2.95,8100,3.1,5400,2700,329400
TATAGLOBAL30Jan20300PE.NFO,07/01/2020,11:32:00,3,2.95,2700,3.1,5400,0,329400
TATAGLOBAL30Jan20300PE.NFO,07/01/2020,11:32:06,3,3.05,2700,3.15,2700,0,329400
TATAGLOBAL30Jan20300PE.NFO,07/01/2020,11:32:12,3,3.1,2700,3.2,2700,0,329400
TATAGLOBAL30Jan20300PE.NFO,07/01/2020,11:32:17,3,3.1,5400,3.25,5400,0,329400
TATAGLOBAL30Jan20300PE.NFO,07/01/2020,11:32:22,3,3.1,2700,3.2,2700,0,329400
TATAGLOBAL30Jan20300PE.NFO,07/01/2020,11:32:31,3,3.1,5400,3.25,5400,0,329400
TATAGLOBAL30Jan20300PE.NFO,07/01/2020,11:32:36,3.25,3.25,2700,3.4,2700,5400,329400
TATAGLOBAL30Jan20300PE.NFO,07/01/2020,11:32:41,3.25,3.25,2700,3.4,2700,0,329400
TATAGLOBAL30Jan20300PE.NFO,07/01/2020,11:32:45,3.25,3.25,8100,3.4,2700,0,329400
TATAGLOBAL30Jan20300PE.NFO,07/01/2020,11:33:01,3.25,3.35,2700,3.45,2700,0,329400
TATAGLOBAL30Jan20300PE.NFO,07/01/2020,11:33:18,3.25,3.35,2700,3.45,5400,0,329400
TATAGLOBAL30Jan20300PE.NFO,07/01/2020,11:33:22,3.25,3.35,2700,3.45,2700,0,329400
TATAGLOBAL30Jan20300PE.NFO,07/01/2020,11:33:28,3.25,3.35,5400,3.5,2700,0,329400
TATAGLOBAL30Jan20300PE.NFO,07/01/2020,11:33:31,3.25,3.35,2700,3.45,5400,0,329400
TATAGLOBAL30Jan20300PE.NFO,07/01/2020,11:33:35,3.25,3.35,5400,3.45,5400,0,329400
TATAGLOBAL30Jan20300PE.NFO,07/01/2020,11:33:52,3.25,3.35,2700,3.45,5400,0,329400
TATAGLOBAL30Jan20300PE.NFO,07/01/2020,11:33:57,3.25,3.35,5400,3.45,5400,0,329400
TATAGLOBAL30Jan20300PE.NFO,07/01/2020,11:34:04,3.25,3.35,2700,3.45,5400,0,329400
TATAGLOBAL30Jan20300PE.NFO,07/01/2020,11:34:10,3.25,3.3,8100,3.45,5400,0,329400
TATAGLOBAL30Jan20300PE.NFO,07/01/2020,11:34:24,3.25,3.3,10800,3.45,5400,0,329400
TATAGLOBAL30Jan20300PE.NFO,07/01/2020,11:34:37,3.25,3.3,5400,3.45,5400,0,329400
TATAGLOBAL30Jan20300PE.NFO,07/01/2020,11:34:43,3.25,3.3,2700,3.45,5400,0,329400
TATAGLOBAL30Jan20300PE.NFO,07/01/2020,11:35:07,3.25,3.3,5400,3.45,5400,0,329400
TATAGLOBAL30Jan20300PE.NFO,07/01/2020,11:35:13,3.25,3.3,8100,3.45,5400,0,329400
TATAGLOBAL30Jan20300PE.NFO,07/01/2020,11:35:26,3.25,3.3,5400,3.45,5400,0,329400
TATAGLOBAL30Jan20300PE.NFO,07/01/2020,11:35:31,3.25,3.3,8100,3.45,5400,0,329400
TATAGLOBAL30Jan20300PE.NFO,07/01/2020,11:35:49,3.25,3.25,8100,3.45,5400,0,329400
TATAGLOBAL30Jan20300PE.NFO,07/01/2020,11:36:00,3.25,3.25,10800,3.45,5400,0,329400
TATAGLOBAL30Jan20300PE.NFO,07/01/2020,11:36:25,3.25,3.25,10800,3.4,5400,0,329400
TATAGLOBAL30Jan20300PE.NFO,07/01/2020,11:36:40,3.25,3.25,10800,3.35,2700,0,329400
TATAGLOBAL30Jan20300PE.NFO,07/01/2020,11:36:52,3.25,3.3,5400,3.45,5400,0,329400
TATAGLOBAL30Jan20300PE.NFO,07/01/2020,11:36:59,3.25,3.3,2700,3.4,5400,0,329400
TATAGLOBAL30Jan20300PE.NFO,07/01/2020,11:37:05,3.25,3.25,10800,3.35,2700,0,329400
TATAGLOBAL30Jan20300PE.NFO,07/01/2020,11:37:29,3.25,3.25,5400,3.35,5400,0,329400
TATAGLOBAL30Jan20300PE.NFO,07/01/2020,11:37:44,3.25,3.25,2700,3.35,5400,0,329400
TATAGLOBAL30Jan20300PE.NFO,07/01/2020,11:37:57,3.25,3.2,5400,3.3,5400,0,329400
TATAGLOBAL30Jan20300PE.NFO,07/01/2020,11:38:00,3.25,3.2,10800,3.35,5400,0,329400
TATAGLOBAL30Jan20300PE.NFO,07/01/2020,11:38:03,3.25,3.25,8100,3.35,2700,0,329400
TATAGLOBAL30Jan20300PE.NFO,07/01/2020,11:38:11,3.25,3.25,5400,3.35,2700,0,329400
TATAGLOBAL30Jan20300PE.NFO,07/01/2020,11:38:32,3.25,3.25,5400,3.35,5400,0,329400
TATAGLOBAL30Jan20300PE.NFO,07/01/2020,11:38:36,3.25,3.3,5400,3.4,5400,0,329400
TATAGLOBAL30Jan20300PE.NFO,07/01/2020,11:38:39,3.25,3.3,10800,3.4,5400,0,329400
TATAGLOBAL30Jan20300PE.NFO,07/01/2020,11:38:43,3.25,3.3,2700,3.4,5400,0,329400
TATAGLOBAL30Jan20300PE.NFO,07/01/2020,11:38:54,3.25,3.25,10800,3.4,5400,0,329400
TATAGLOBAL30Jan20300PE.NFO,07/01/2020,11:39:01,3.25,3.25,8100,3.4,5400,0,329400
TATAGLOBAL30Jan20300PE.NFO,07/01/2020,11:39:15,3.25,3.25,10800,3.4,5400,0,329400
TATAGLOBAL30Jan20300PE.NFO,07/01/2020,11:39:34,3.25,3.3,2700,3.4,5400,0,329400
TATAGLOBAL30Jan20300PE.NFO,07/01/2020,11:39:44,3.25,3.3,5400,3.4,5400,0,329400
TATAGLOBAL30Jan20300PE.NFO,07/01/2020,11:39:49,3.25,3.3,10800,3.4,2700,0,329400
TATAGLOBAL30Jan20300PE.NFO,07/01/2020,11:40:11,3.25,3.4,2700,3.5,2700,0,329400
TATAGLOBAL30Jan20300PE.NFO,07/01/2020,11:40:20,3.25,3.4,5400,3.5,2700,0,329400
TATAGLOBAL30Jan20300PE.NFO,07/01/2020,11:40:24,3.25,3.4,2700,3.5,2700,0,329400
TATAGLOBAL30Jan20300PE.NFO,07/01/2020,11:40:29,3.25,3.4,5400,3.5,2700,0,329400
TATAGLOBAL30Jan20300PE.NFO,07/01/2020,11:42:33,3.25,3.35,10800,3.5,2700,0,329400
TATAGLOBAL30Jan20300PE.NFO,07/01/2020,11:42:38,3.25,3.35,5400,3.45,5400,0,329400
TATAGLOBAL30Jan20300PE.NFO,07/01/2020,11:42:48,3.25,3.35,2700,3.45,5400,0,329400
TATAGLOBAL30Jan20300PE.NFO,07/01/2020,11:42:52,3.25,3.35,8100,3.45,5400,0,329400
TATAGLOBAL30Jan20300PE.NFO,07/01/2020,11:42:56,3.25,3.4,2700,3.5,2700,0,329400
TATAGLOBAL30Jan20300PE.NFO,07/01/2020,11:43:00,3.25,3.35,8100,3.5,2700,0,329400
TATAGLOBAL30Jan20300PE.NFO,07/01/2020,11:43:03,3.25,3.35,8100,3.45,5400,0,329400
TATAGLOBAL30Jan20300PE.NFO,07/01/2020,11:43:07,3.25,3.35,5400,3.45,5400,0,329400
TATAGLOBAL30Jan20300PE.NFO,07/01/2020,11:43:11,3.25,3.35,2700,3.45,5400,0,329400
TATAGLOBAL30Jan20300PE.NFO,07/01/2020,11:43:14,3.25,3.35,8100,3.45,5400,0,329400
TATAGLOBAL30Jan20300PE.NFO,07/01/2020,11:43:17,3.25,3.35,8100,3.45,2700,0,329400
TATAGLOBAL30Jan20300PE.NFO,07/01/2020,11:43:21,3.25,3.35,8100,3.45,5400,0,329400
TATAGLOBAL30Jan20300PE.NFO,07/01/2020,11:43:25,3.25,3.35,10800,3.5,2700,0,329400
TATAGLOBAL30Jan20300PE.NFO,07/01/2020,11:43:28,3.25,3.4,2700,3.5,2700,0,329400
TATAGLOBAL30Jan20300PE.NFO,07/01/2020,11:43:33,3.25,3.4,10800,3.5,2700,0,329400
TATAGLOBAL30Jan20300PE.NFO,07/01/2020,11:43:37,3.25,3.45,8100,3.6,2700,0,329400
TATAGLOBAL30Jan20300PE.NFO,07/01/2020,11:43:44,3.25,3.45,5400,3.6,2700,0,329400
TATAGLOBAL30Jan20300PE.NFO,07/01/2020,11:43:48,3.25,3.5,8100,3.6,2700,0,329400
TATAGLOBAL30Jan20300PE.NFO,07/01/2020,11:43:52,3.25,3.5,10800,3.65,2700,0,329400
TATAGLOBAL30Jan20300PE.NFO,07/01/2020,11:44:08,3.25,3.45,10800,3.65,2700,0,329400
TATAGLOBAL30Jan20300PE.NFO,07/01/2020,11:44:16,3.25,3.5,5400,3.65,2700,0,329400
TATAGLOBAL30Jan20300PE.NFO,07/01/2020,11:44:19,3.25,3.45,10800,3.6,5400,0,329400
TATAGLOBAL30Jan20300PE.NFO,07/01/2020,11:44:22,3.25,3.5,8100,3.6,2700,0,329400
TATAGLOBAL30Jan20300PE.NFO,07/01/2020,11:44:25,3.25,3.45,10800,3.6,2700,0,329400
TATAGLOBAL30Jan20300PE.NFO,07/01/2020,11:44:53,3.25,3.45,8100,3.6,2700,0,329400
TATAGLOBAL30Jan20300PE.NFO,07/01/2020,11:44:57,3.25,3.45,10800,3.6,2700,0,329400
TATAGLOBAL30Jan20300PE.NFO,07/01/2020,11:45:00,3.25,3.45,5400,3.6,2700,0,329400
TATAGLOBAL30Jan20300PE.NFO,07/01/2020,11:45:07,3.25,3.45,2700,3.55,5400,0,329400
TATAGLOBAL30Jan20300PE.NFO,07/01/2020,11:45:18,3.25,3.45,5400,3.55,5400,0,329400
TATAGLOBAL30Jan20300PE.NFO,07/01/2020,11:45:44,3.25,3.4,10800,3.55,5400,0,329400
TATAGLOBAL30Jan20300PE.NFO,07/01/2020,11:45:48,3.25,3.4,8100,3.55,5400,0,329400
TATAGLOBAL30Jan20300PE.NFO,07/01/2020,11:45:52,3.25,3.45,13500,3.6,2700,0,329400
TATAGLOBAL30Jan20300PE.NFO,07/01/2020,11:45:56,3.25,3.5,13500,3.65,2700,0,329400
TATAGLOBAL30Jan20300PE.NFO,07/01/2020,11:45:59,3.25,3.55,8100,3.65,2700,0,329400
TATAGLOBAL30Jan20300PE.NFO,07/01/2020,11:46:02,3.25,3.55,2700,3.65,2700,0,329400
TATAGLOBAL30Jan20300PE.NFO,07/01/2020,11:46:09,3.25,3.65,8100,3.8,5400,0,329400
TATAGLOBAL30Jan20300PE.NFO,07/01/2020,11:46:13,3.25,3.65,8100,3.75,2700,0,329400
TATAGLOBAL30Jan20300PE.NFO,07/01/2020,11:46:24,3.25,3.65,5400,3.75,2700,0,329400
TATAGLOBAL30Jan20300PE.NFO,07/01/2020,11:46:28,3.25,3.65,8100,3.75,2700,0,329400
TATAGLOBAL30Jan20300PE.NFO,07/01/2020,11:46:30,3.25,3.65,2700,3.75,2700,0,329400
TATAGLOBAL30Jan20300PE.NFO,07/01/2020,11:46:43,3.25,3.6,8100,3.75,2700,0,329400
TATAGLOBAL30Jan20300PE.NFO,07/01/2020,11:46:47,3.75,3.65,5400,3.75,2700,2700,337500
TATAGLOBAL30Jan20300PE.NFO,07/01/2020,11:46:47,3.75,3.65,5400,3.75,2700,0,337500
TATAGLOBAL30Jan20300PE.NFO,07/01/2020,11:46:53,3.75,3.65,2700,3.75,2700,0,337500
TATAGLOBAL30Jan20300PE.NFO,07/01/2020,11:47:02,3.75,3.65,2700,3.75,5400,0,337500
TATAGLOBAL30Jan20300PE.NFO,07/01/2020,11:47:09,3.75,3.65,2700,3.75,2700,0,337500
TATAGLOBAL30Jan20300PE.NFO,07/01/2020,11:47:12,3.75,3.65,5400,3.75,2700,0,337500
TATAGLOBAL30Jan20300PE.NFO,07/01/2020,11:47:20,3.75,3.65,5400,3.8,5400,0,337500
TATAGLOBAL30Jan20300PE.NFO,07/01/2020,11:47:24,3.75,3.7,13500,3.85,5400,0,337500
TATAGLOBAL30Jan20300PE.NFO,07/01/2020,11:47:34,3.75,3.75,5400,3.85,2700,0,337500
TATAGLOBAL30Jan20300PE.NFO,07/01/2020,11:47:43,3.75,3.75,10800,3.9,5400,0,337500
TATAGLOBAL30Jan20300PE.NFO,07/01/2020,11:47:46,3.75,3.9,2700,4,2700,0,337500
TATAGLOBAL30Jan20300PE.NFO,07/01/2020,11:47:50,3.75,3.85,5400,4,2700,0,337500
TATAGLOBAL30Jan20300PE.NFO,07/01/2020,11:48:04,3.75,3.85,8100,4,2700,0,337500
TATAGLOBAL30Jan20300PE.NFO,07/01/2020,11:48:13,3.75,3.85,10800,4,2700,0,337500
TATAGLOBAL30Jan20300PE.NFO,07/01/2020,11:48:18,3.75,3.85,8100,4,2700,0,337500
TATAGLOBAL30Jan20300PE.NFO,07/01/2020,11:48:23,3.75,3.9,5400,4,2700,0,337500
TATAGLOBAL30Jan20300PE.NFO,07/01/2020,11:48:39,3.75,3.85,8100,4,2700,0,337500
TATAGLOBAL30Jan20300PE.NFO,07/01/2020,11:48:44,3.75,3.85,10800,4,2700,0,337500
TATAGLOBAL30Jan20300PE.NFO,07/01/2020,11:48:47,3.75,3.85,2700,4,2700,0,337500
TATAGLOBAL30Jan20300PE.NFO,07/01/2020,11:48:50,3.75,3.9,5400,4.05,5400,0,337500
TATAGLOBAL30Jan20300PE.NFO,07/01/2020,11:48:59,3.75,3.9,13500,4.05,5400,0,337500
TATAGLOBAL30Jan20300PE.NFO,07/01/2020,11:49:02,3.75,3.9,2700,4.05,5400,0,337500
TATAGLOBAL30Jan20300PE.NFO,07/01/2020,11:49:05,3.75,3.85,10800,4.05,5400,0,337500
TATAGLOBAL30Jan20300PE.NFO,07/01/2020,11:49:22,3.75,3.9,10800,4.05,5400,0,337500
TATAGLOBAL30Jan20300PE.NFO,07/01/2020,11:49:26,3.75,3.85,10800,4.05,5400,0,337500
TATAGLOBAL30Jan20300PE.NFO,07/01/2020,11:49:34,3.75,3.9,5400,4.05,2700,0,337500
TATAGLOBAL30Jan20300PE.NFO,07/01/2020,11:49:38,3.75,3.9,2700,4,5400,0,337500
TATAGLOBAL30Jan20300PE.NFO,07/01/2020,11:49:45,3.75,3.85,5400,4,5400,0,337500
TATAGLOBAL30Jan20300PE.NFO,07/01/2020,11:49:48,3.75,3.85,5400,3.9,2700,0,337500
TATAGLOBAL30Jan20300PE.NFO,07/01/2020,11:49:50,3.75,3.85,2700,3.9,2700,0,337500
TATAGLOBAL30Jan20300PE.NFO,07/01/2020,11:49:53,3.85,3.75,10800,3.9,5400,2700,340200
TATAGLOBAL30Jan20300PE.NFO,07/01/2020,11:49:53,3.85,3.75,10800,3.9,5400,0,340200
TATAGLOBAL30Jan20300PE.NFO,07/01/2020,11:49:56,3.85,3.8,2700,3.9,2700,0,340200
TATAGLOBAL30Jan20300PE.NFO,07/01/2020,11:50:01,3.85,3.8,5400,3.9,2700,0,340200
TATAGLOBAL30Jan20300PE.NFO,07/01/2020,11:50:15,3.85,3.8,10800,3.9,2700,0,340200
TATAGLOBAL30Jan20300PE.NFO,07/01/2020,11:50:21,3.85,3.8,5400,3.9,2700,0,340200
TATAGLOBAL30Jan20300PE.NFO,07/01/2020,11:50:31,3.85,3.8,2700,3.9,2700,0,340200
TATAGLOBAL30Jan20300PE.NFO,07/01/2020,11:50:37,3.85,3.8,5400,3.9,2700,0,340200
TATAGLOBAL30Jan20300PE.NFO,07/01/2020,11:50:51,3.85,3.8,2700,3.9,2700,0,340200
TATAGLOBAL30Jan20300PE.NFO,07/01/2020,11:50:57,3.85,3.8,5400,3.9,2700,0,340200
TATAGLOBAL30Jan20300PE.NFO,07/01/2020,11:51:05,3.85,3.8,2700,3.85,2700,0,340200
TATAGLOBAL30Jan20300PE.NFO,07/01/2020,11:51:10,3.8,3.75,2700,3.85,2700,2700,337500
TATAGLOBAL30Jan20300PE.NFO,07/01/2020,11:51:16,3.8,3.75,2700,3.85,2700,0,337500
TATAGLOBAL30Jan20300PE.NFO,07/01/2020,11:51:36,3.8,3.75,8100,3.9,2700,0,337500
TATAGLOBAL30Jan20300PE.NFO,07/01/2020,11:51:40,3.8,3.75,10800,3.9,2700,0,337500
TATAGLOBAL30Jan20300PE.NFO,07/01/2020,11:51:58,3.8,3.8,13500,3.9,2700,0,337500
TATAGLOBAL30Jan20300PE.NFO,07/01/2020,11:52:02,3.8,3.8,8100,3.9,2700,0,337500
TATAGLOBAL30Jan20300PE.NFO,07/01/2020,11:52:10,3.8,3.85,2700,3.95,2700,0,337500
TATAGLOBAL30Jan20300PE.NFO,07/01/2020,11:52:14,3.8,3.8,10800,3.95,2700,0,337500
TATAGLOBAL30Jan20300PE.NFO,07/01/2020,11:52:20,3.8,3.8,8100,3.95,2700,2700,337500
TATAGLOBAL30Jan20300PE.NFO,07/01/2020,11:52:25,3.8,3.8,8100,3.95,2700,0,337500
TATAGLOBAL30Jan20300PE.NFO,07/01/2020,11:52:32,3.8,3.85,10800,3.95,2700,0,337500
TATAGLOBAL30Jan20300PE.NFO,07/01/2020,11:52:54,3.8,3.9,2700,3.95,2700,0,337500
TATAGLOBAL30Jan20300PE.NFO,07/01/2020,11:52:59,3.8,3.9,8100,3.95,2700,0,337500
TATAGLOBAL30Jan20300PE.NFO,07/01/2020,11:53:08,3.8,3.85,10800,3.95,2700,0,337500
TATAGLOBAL30Jan20300PE.NFO,07/01/2020,11:53:18,3.8,3.85,10800,4,8100,0,337500
TATAGLOBAL30Jan20300PE.NFO,07/01/2020,11:53:24,3.8,3.8,10800,4,8100,0,337500
TATAGLOBAL30Jan20300PE.NFO,07/01/2020,11:53:35,3.8,3.85,2700,4,8100,0,337500
TATAGLOBAL30Jan20300PE.NFO,07/01/2020,11:53:38,3.8,3.8,10800,4,8100,0,337500
TATAGLOBAL30Jan20300PE.NFO,07/01/2020,11:53:41,3.8,3.8,8100,4,8100,0,337500
TATAGLOBAL30Jan20300PE.NFO,07/01/2020,11:53:44,3.8,3.8,10800,4,8100,0,337500
TATAGLOBAL30Jan20300PE.NFO,07/01/2020,11:53:46,3.8,3.8,2700,4,10800,0,337500
TATAGLOBAL30Jan20300PE.NFO,07/01/2020,11:53:49,3.8,3.75,8100,4,10800,0,337500
TATAGLOBAL30Jan20300PE.NFO,07/01/2020,11:53:51,3.8,3.8,2700,4,10800,0,337500
TATAGLOBAL30Jan20300PE.NFO,07/01/2020,11:54:05,3.8,3.75,10800,4,10800,0,337500
TATAGLOBAL30Jan20300PE.NFO,07/01/2020,11:54:08,3.8,3.8,2700,4,10800,0,337500
TATAGLOBAL30Jan20300PE.NFO,07/01/2020,11:54:12,3.8,3.75,8100,4,10800,0,337500
TATAGLOBAL30Jan20300PE.NFO,07/01/2020,11:54:16,3.8,3.75,5400,3.85,2700,0,337500
TATAGLOBAL30Jan20300PE.NFO,07/01/2020,11:54:24,3.8,3.75,8100,3.85,2700,0,337500
TATAGLOBAL30Jan20300PE.NFO,07/01/2020,11:54:34,3.8,3.75,5400,3.85,2700,0,337500
TATAGLOBAL30Jan20300PE.NFO,07/01/2020,11:54:37,3.8,3.75,8100,3.85,2700,0,337500
TATAGLOBAL30Jan20300PE.NFO,07/01/2020,11:54:42,3.8,3.75,5400,3.85,2700,0,337500
TATAGLOBAL30Jan20300PE.NFO,07/01/2020,11:54:49,3.8,3.75,2700,3.85,2700,0,337500
TATAGLOBAL30Jan20300PE.NFO,07/01/2020,11:54:52,3.8,3.75,5400,3.85,2700,0,337500
TATAGLOBAL30Jan20300PE.NFO,07/01/2020,11:54:57,3.8,3.8,2700,3.85,2700,0,337500
TATAGLOBAL30Jan20300PE.NFO,07/01/2020,11:55:07,3.8,3.75,8100,3.85,2700,0,337500
TATAGLOBAL30Jan20300PE.NFO,07/01/2020,11:55:28,3.85,3.85,5400,4,2700,2700,340200
TATAGLOBAL30Jan20300PE.NFO,07/01/2020,11:55:31,3.85,3.8,8100,3.95,5400,0,340200
TATAGLOBAL30Jan20300PE.NFO,07/01/2020,11:55:40,3.85,3.85,2700,3.95,5400,0,340200
TATAGLOBAL30Jan20300PE.NFO,07/01/2020,11:55:46,3.95,3.85,5400,4,2700,2700,340200
TATAGLOBAL30Jan20300PE.NFO,07/01/2020,11:55:46,3.95,3.85,5400,4,2700,0,340200
TATAGLOBAL30Jan20300PE.NFO,07/01/2020,11:55:50,3.95,3.85,5400,4,2700,0,340200
TATAGLOBAL30Jan20300PE.NFO,07/01/2020,11:55:57,3.95,3.8,8100,3.95,5400,0,340200
TATAGLOBAL30Jan20300PE.NFO,07/01/2020,11:56:04,3.95,3.8,5400,3.95,5400,0,340200
TATAGLOBAL30Jan20300PE.NFO,07/01/2020,11:56:27,3.95,3.8,2700,3.95,5400,0,340200
TATAGLOBAL30Jan20300PE.NFO,07/01/2020,11:56:29,3.95,3.8,5400,3.95,5400,0,340200
TATAGLOBAL30Jan20300PE.NFO,07/01/2020,11:57:12,3.95,3.8,8100,3.95,5400,0,340200
TATAGLOBAL30Jan20300PE.NFO,07/01/2020,11:57:15,3.95,3.85,2700,3.95,8100,0,340200
TATAGLOBAL30Jan20300PE.NFO,07/01/2020,11:57:19,3.95,3.85,2700,3.95,5400,0,340200
TATAGLOBAL30Jan20300PE.NFO,07/01/2020,11:57:35,3.95,3.85,2700,3.95,8100,0,340200
TATAGLOBAL30Jan20300PE.NFO,07/01/2020,11:57:40,3.95,3.85,2700,3.95,5400,0,340200
TATAGLOBAL30Jan20300PE.NFO,07/01/2020,11:58:36,3.95,3.85,2700,3.95,8100,0,340200
TATAGLOBAL30Jan20300PE.NFO,07/01/2020,12:00:35,3.95,3.85,2700,3.95,5400,0,340200
TATAGLOBAL30Jan20300PE.NFO,07/01/2020,12:00:50,3.95,3.85,2700,3.95,8100,0,340200
TATAGLOBAL30Jan20300PE.NFO,07/01/2020,12:01:54,3.95,3.85,5400,4,2700,2700,337500
TATAGLOBAL30Jan20300PE.NFO,07/01/2020,12:02:09,3.95,3.85,2700,3.9,2700,0,337500
TATAGLOBAL30Jan20300PE.NFO,07/01/2020,12:02:37,3.95,3.85,2700,3.9,5400,0,337500
TATAGLOBAL30Jan20300PE.NFO,07/01/2020,12:02:56,3.95,3.85,2700,3.9,2700,0,337500
TATAGLOBAL30Jan20300PE.NFO,07/01/2020,12:03:23,3.95,3.85,8100,3.95,5400,0,337500
TATAGLOBAL30Jan20300PE.NFO,07/01/2020,12:03:39,3.95,3.9,2700,3.95,5400,0,337500
TATAGLOBAL30Jan20300PE.NFO,07/01/2020,12:03:54,3.95,3.9,2700,3.95,2700,0,337500
TATAGLOBAL30Jan20300PE.NFO,07/01/2020,12:04:33,3.95,3.9,2700,3.95,5400,0,337500
TATAGLOBAL30Jan20300PE.NFO,07/01/2020,12:04:37,3.95,3.9,2700,3.95,2700,0,337500
TATAGLOBAL30Jan20300PE.NFO,07/01/2020,12:04:51,3.9,3.85,2700,3.95,2700,2700,337500
TATAGLOBAL30Jan20300PE.NFO,07/01/2020,12:04:56,3.9,3.85,2700,3.95,2700,0,337500
TATAGLOBAL30Jan20300PE.NFO,07/01/2020,12:05:07,3.9,3.8,5400,3.95,5400,0,337500
TATAGLOBAL30Jan20300PE.NFO,07/01/2020,12:05:12,3.9,3.85,2700,3.95,2700,0,337500
TATAGLOBAL30Jan20300PE.NFO,07/01/2020,12:05:15,3.9,3.8,5400,3.95,2700,0,337500
TATAGLOBAL30Jan20300PE.NFO,07/01/2020,12:05:25,3.9,3.8,5400,3.95,5400,0,337500
TATAGLOBAL30Jan20300PE.NFO,07/01/2020,12:05:45,3.9,3.75,5400,3.9,5400,0,337500
TATAGLOBAL30Jan20300PE.NFO,07/01/2020,12:05:56,3.9,3.8,2700,3.9,5400,0,337500
TATAGLOBAL30Jan20300PE.NFO,07/01/2020,12:06:00,3.9,3.75,5400,3.9,5400,0,337500
TATAGLOBAL30Jan20300PE.NFO,07/01/2020,12:06:39,3.9,3.75,5400,3.9,8100,0,337500
TATAGLOBAL30Jan20300PE.NFO,07/01/2020,12:06:52,3.9,3.7,5400,3.9,10800,0,337500
TATAGLOBAL30Jan20300PE.NFO,07/01/2020,12:07:11,3.9,3.7,5400,3.9,8100,0,337500
TATAGLOBAL30Jan20300PE.NFO,07/01/2020,12:07:16,3.9,3.75,5400,3.9,2700,0,337500
TATAGLOBAL30Jan20300PE.NFO,07/01/2020,12:07:38,3.9,3.75,8100,3.9,2700,0,337500
TATAGLOBAL30Jan20300PE.NFO,07/01/2020,12:07:42,3.9,3.8,2700,3.9,2700,0,337500
TATAGLOBAL30Jan20300PE.NFO,07/01/2020,12:07:56,3.9,3.75,5400,3.9,5400,0,337500
TATAGLOBAL30Jan20300PE.NFO,07/01/2020,12:08:15,3.9,3.75,5400,3.9,2700,0,337500
TATAGLOBAL30Jan20300PE.NFO,07/01/2020,12:08:44,3.9,3.75,5400,3.9,5400,0,337500
TATAGLOBAL30Jan20300PE.NFO,07/01/2020,12:08:58,3.9,3.75,5400,3.9,2700,0,337500
TATAGLOBAL30Jan20300PE.NFO,07/01/2020,12:09:05,3.9,3.8,2700,3.9,2700,0,337500
TATAGLOBAL30Jan20300PE.NFO,07/01/2020,12:09:11,3.9,3.75,5400,3.9,2700,0,337500
TATAGLOBAL30Jan20300PE.NFO,07/01/2020,12:09:16,3.9,3.75,5400,3.9,5400,0,337500
TATAGLOBAL30Jan20300PE.NFO,07/01/2020,12:09:33,3.9,3.75,5400,3.9,2700,0,337500
TATAGLOBAL30Jan20300PE.NFO,07/01/2020,12:09:53,3.9,3.8,5400,3.9,2700,0,337500
TATAGLOBAL30Jan20300PE.NFO,07/01/2020,12:09:56,3.9,3.8,2700,3.9,2700,0,337500
TATAGLOBAL30Jan20300PE.NFO,07/01/2020,12:09:58,3.9,3.8,5400,3.9,2700,0,337500
TATAGLOBAL30Jan20300PE.NFO,07/01/2020,12:10:01,3.9,3.8,2700,3.9,2700,0,337500
TATAGLOBAL30Jan20300PE.NFO,07/01/2020,12:10:05,3.9,3.75,5400,3.9,2700,0,337500
TATAGLOBAL30Jan20300PE.NFO,07/01/2020,12:10:17,3.9,3.75,5400,3.9,5400,0,337500
TATAGLOBAL30Jan20300PE.NFO,07/01/2020,12:10:23,3.9,3.7,5400,3.85,5400,0,337500
TATAGLOBAL30Jan20300PE.NFO,07/01/2020,12:10:26,3.9,3.65,5400,3.8,5400,0,337500
TATAGLOBAL30Jan20300PE.NFO,07/01/2020,12:10:34,3.9,3.65,2700,3.8,13500,0,337500
TATAGLOBAL30Jan20300PE.NFO,07/01/2020,12:10:40,3.9,3.6,5400,3.75,5400,0,337500
TATAGLOBAL30Jan20300PE.NFO,07/01/2020,12:10:43,3.9,3.6,5400,3.75,2700,0,337500
TATAGLOBAL30Jan20300PE.NFO,07/01/2020,12:10:46,3.9,3.6,5400,3.75,5400,0,337500
TATAGLOBAL30Jan20300PE.NFO,07/01/2020,12:10:53,3.9,3.6,5400,3.75,8100,0,337500
TATAGLOBAL30Jan20300PE.NFO,07/01/2020,12:11:00,3.9,3.6,2700,3.7,5400,0,337500
TATAGLOBAL30Jan20300PE.NFO,07/01/2020,12:11:05,3.9,3.6,5400,3.75,5400,0,337500
TATAGLOBAL30Jan20300PE.NFO,07/01/2020,12:11:08,3.9,3.6,5400,3.75,2700,0,337500
TATAGLOBAL30Jan20300PE.NFO,07/01/2020,12:11:12,3.9,3.55,5400,3.7,8100,0,337500
TATAGLOBAL30Jan20300PE.NFO,07/01/2020,12:11:17,3.9,3.6,2700,3.75,10800,0,337500
TATAGLOBAL30Jan20300PE.NFO,07/01/2020,12:11:21,3.9,3.6,8100,3.8,8100,0,337500
TATAGLOBAL30Jan20300PE.NFO,07/01/2020,12:11:25,3.9,3.7,2700,3.8,2700,0,337500
TATAGLOBAL30Jan20300PE.NFO,07/01/2020,12:11:29,3.9,3.7,2700,3.85,10800,0,337500
TATAGLOBAL30Jan20300PE.NFO,07/01/2020,12:11:32,3.9,3.65,5400,3.8,8100,0,337500
TATAGLOBAL30Jan20300PE.NFO,07/01/2020,12:11:39,3.9,3.65,5400,3.8,2700,0,337500
TATAGLOBAL30Jan20300PE.NFO,07/01/2020,12:11:43,3.9,3.7,5400,3.85,5400,0,337500
TATAGLOBAL30Jan20300PE.NFO,07/01/2020,12:11:46,3.9,3.7,5400,3.85,2700,0,337500
TATAGLOBAL30Jan20300PE.NFO,07/01/2020,12:11:53,3.9,3.7,5400,3.85,8100,0,337500
TATAGLOBAL30Jan20300PE.NFO,07/01/2020,12:11:55,3.9,3.75,2700,3.9,2700,0,337500
TATAGLOBAL30Jan20300PE.NFO,07/01/2020,12:11:57,3.9,3.8,2700,3.9,2700,0,337500
TATAGLOBAL30Jan20300PE.NFO,07/01/2020,12:12:00,3.9,3.75,5400,3.9,2700,0,337500
TATAGLOBAL30Jan20300PE.NFO,07/01/2020,12:12:03,3.9,3.75,2700,3.9,2700,0,337500
TATAGLOBAL30Jan20300PE.NFO,07/01/2020,12:12:06,3.9,3.75,5400,3.9,2700,0,337500
TATAGLOBAL30Jan20300PE.NFO,07/01/2020,12:12:14,3.9,3.75,8100,3.9,2700,0,337500
TATAGLOBAL30Jan20300PE.NFO,07/01/2020,12:12:16,3.9,3.8,2700,3.9,2700,0,337500
TATAGLOBAL30Jan20300PE.NFO,07/01/2020,12:12:26,3.9,3.8,2700,3.9,5400,0,337500
TATAGLOBAL30Jan20300PE.NFO,07/01/2020,12:12:43,3.9,3.8,5400,3.9,5400,0,337500
TATAGLOBAL30Jan20300PE.NFO,07/01/2020,12:12:48,3.9,3.8,5400,3.9,2700,0,337500
TATAGLOBAL30Jan20300PE.NFO,07/01/2020,12:12:59,3.9,3.8,8100,3.9,2700,0,337500
TATAGLOBAL30Jan20300PE.NFO,07/01/2020,12:13:24,3.9,3.75,8100,3.9,8100,0,337500
TATAGLOBAL30Jan20300PE.NFO,07/01/2020,12:13:29,3.9,3.75,8100,3.9,5400,0,337500
TATAGLOBAL30Jan20300PE.NFO,07/01/2020,12:13:35,3.9,3.8,2700,3.9,5400,0,337500
TATAGLOBAL30Jan20300PE.NFO,07/01/2020,12:13:51,3.9,3.8,2700,3.9,2700,0,337500
TATAGLOBAL30Jan20300PE.NFO,07/01/2020,12:14:05,3.9,3.8,8100,3.9,2700,0,337500
TATAGLOBAL30Jan20300PE.NFO,07/01/2020,12:14:34,3.9,3.8,8100,3.9,5400,0,337500
TATAGLOBAL30Jan20300PE.NFO,07/01/2020,12:14:37,3.9,3.85,2700,3.95,5400,0,337500
TATAGLOBAL30Jan20300PE.NFO,07/01/2020,12:14:49,3.9,3.85,8100,4,5400,0,337500
TATAGLOBAL30Jan20300PE.NFO,07/01/2020,12:14:53,3.9,3.85,2700,3.95,2700,0,337500
TATAGLOBAL30Jan20300PE.NFO,07/01/2020,12:14:59,3.9,3.85,2700,3.95,5400,0,337500
TATAGLOBAL30Jan20300PE.NFO,07/01/2020,12:15:05,3.9,3.85,2700,4,5400,0,337500
TATAGLOBAL30Jan20300PE.NFO,07/01/2020,12:15:32,3.9,3.9,8100,4.05,2700,0,337500
TATAGLOBAL30Jan20300PE.NFO,07/01/2020,12:15:46,3.9,3.9,2700,4,2700,0,337500
TATAGLOBAL30Jan20300PE.NFO,07/01/2020,12:16:11,3.9,3.9,2700,4,5400,0,337500
TATAGLOBAL30Jan20300PE.NFO,07/01/2020,12:16:35,3.9,3.9,2700,4,2700,0,337500
TATAGLOBAL30Jan20300PE.NFO,07/01/2020,12:16:37,3.9,3.9,2700,4,5400,0,337500
TATAGLOBAL30Jan20300PE.NFO,07/01/2020,12:16:42,3.9,3.9,2700,4,2700,0,337500
TATAGLOBAL30Jan20300PE.NFO,07/01/2020,12:17:08,3.9,3.9,2700,4.05,8100,0,337500
TATAGLOBAL30Jan20300PE.NFO,07/01/2020,12:17:33,3.9,3.9,2700,4,2700,0,337500
TATAGLOBAL30Jan20300PE.NFO,07/01/2020,12:17:38,3.9,3.9,2700,4.05,8100,0,337500
TATAGLOBAL30Jan20300PE.NFO,07/01/2020,12:17:43,3.9,3.9,2700,4.05,5400,0,337500
TATAGLOBAL30Jan20300PE.NFO,07/01/2020,12:17:46,3.9,3.9,2700,4.05,8100,0,337500
TATAGLOBAL30Jan20300PE.NFO,07/01/2020,12:17:49,3.9,3.9,2700,4,2700,0,337500
TATAGLOBAL30Jan20300PE.NFO,07/01/2020,12:17:52,3.9,3.9,2700,4.05,8100,0,337500
TATAGLOBAL30Jan20300PE.NFO,07/01/2020,12:18:01,3.9,3.9,8100,4.05,8100,0,337500
TATAGLOBAL30Jan20300PE.NFO,07/01/2020,12:18:03,3.9,3.9,8100,4.05,5400,0,337500
TATAGLOBAL30Jan20300PE.NFO,07/01/2020,12:18:12,3.9,3.95,2700,4.1,10800,0,337500
TATAGLOBAL30Jan20300PE.NFO,07/01/2020,12:18:18,3.9,3.95,2700,4.05,2700,0,337500
TATAGLOBAL30Jan20300PE.NFO,07/01/2020,12:18:20,3.9,3.9,2700,4,5400,0,337500
TATAGLOBAL30Jan20300PE.NFO,07/01/2020,12:18:24,3.9,3.9,2700,4,10800,0,337500
TATAGLOBAL30Jan20300PE.NFO,07/01/2020,12:18:28,3.9,3.85,2700,4,8100,0,337500
TATAGLOBAL30Jan20300PE.NFO,07/01/2020,12:18:31,3.9,3.85,2700,3.95,2700,0,337500
TATAGLOBAL30Jan20300PE.NFO,07/01/2020,12:18:34,3.9,3.85,2700,4,5400,0,337500
TATAGLOBAL30Jan20300PE.NFO,07/01/2020,12:18:40,3.9,3.85,2700,3.95,2700,0,337500
TATAGLOBAL30Jan20300PE.NFO,07/01/2020,12:19:06,3.9,3.85,2700,3.95,5400,0,337500
TATAGLOBAL30Jan20300PE.NFO,07/01/2020,12:19:11,3.9,3.85,2700,3.95,2700,0,337500
TATAGLOBAL30Jan20300PE.NFO,07/01/2020,12:19:42,3.9,3.85,2700,3.95,5400,0,337500
TATAGLOBAL30Jan20300PE.NFO,07/01/2020,12:19:47,3.9,3.85,2700,4,5400,0,337500
TATAGLOBAL30Jan20300PE.NFO,07/01/2020,12:20:18,3.9,3.85,8100,4,2700,0,337500
TATAGLOBAL30Jan20300PE.NFO,07/01/2020,12:20:30,3.9,3.85,5400,4,2700,0,337500
TATAGLOBAL30Jan20300PE.NFO,07/01/2020,12:20:33,3.9,3.85,5400,4,8100,0,337500
TATAGLOBAL30Jan20300PE.NFO,07/01/2020,12:20:36,3.9,3.85,5400,4,2700,0,337500
TATAGLOBAL30Jan20300PE.NFO,07/01/2020,12:20:41,3.9,3.85,5400,4,5400,0,337500
TATAGLOBAL30Jan20300PE.NFO,07/01/2020,12:20:46,3.9,3.85,5400,4,8100,0,337500
TATAGLOBAL30Jan20300PE.NFO,07/01/2020,12:20:51,3.9,3.85,5400,4,5400,0,337500
TATAGLOBAL30Jan20300PE.NFO,07/01/2020,12:20:55,3.9,3.85,8100,4,5400,0,337500
TATAGLOBAL30Jan20300PE.NFO,07/01/2020,12:21:03,3.9,3.85,8100,4,8100,0,337500
TATAGLOBAL30Jan20300PE.NFO,07/01/2020,12:21:07,3.9,3.85,8100,4,5400,0,337500
TATAGLOBAL30Jan20300PE.NFO,07/01/2020,12:21:13,3.9,3.95,2700,4,2700,0,337500
TATAGLOBAL30Jan20300PE.NFO,07/01/2020,12:21:19,3.9,3.95,2700,4.05,2700,0,337500
TATAGLOBAL30Jan20300PE.NFO,07/01/2020,12:21:22,3.9,3.95,2700,4.05,5400,0,337500
TATAGLOBAL30Jan20300PE.NFO,07/01/2020,12:21:25,3.9,3.95,2700,4.05,2700,0,337500
TATAGLOBAL30Jan20300PE.NFO,07/01/2020,12:21:36,3.9,3.95,5400,4.1,8100,0,337500
TATAGLOBAL30Jan20300PE.NFO,07/01/2020,12:21:43,3.9,3.95,5400,4.1,5400,0,337500
TATAGLOBAL30Jan20300PE.NFO,07/01/2020,12:21:50,3.9,3.95,8100,4.1,5400,0,337500
TATAGLOBAL30Jan20300PE.NFO,07/01/2020,12:22:19,3.9,3.95,2700,4.05,2700,0,337500
TATAGLOBAL30Jan20300PE.NFO,07/01/2020,12:22:32,3.9,3.95,5400,4.1,8100,0,337500
TATAGLOBAL30Jan20300PE.NFO,07/01/2020,12:22:34,3.9,3.95,2700,4.05,2700,0,337500
TATAGLOBAL30Jan20300PE.NFO,07/01/2020,12:22:43,3.9,3.95,2700,4.1,8100,0,337500
TATAGLOBAL30Jan20300PE.NFO,07/01/2020,12:22:45,3.9,3.95,2700,4.05,2700,0,337500
TATAGLOBAL30Jan20300PE.NFO,07/01/2020,12:22:57,3.9,3.95,2700,4.05,5400,0,337500
TATAGLOBAL30Jan20300PE.NFO,07/01/2020,12:23:33,3.9,3.95,2700,4.05,8100,0,337500
TATAGLOBAL30Jan20300PE.NFO,07/01/2020,12:23:41,3.9,3.95,2700,4.05,2700,0,337500
TATAGLOBAL30Jan20300PE.NFO,07/01/2020,12:24:25,3.9,3.95,2700,4.05,5400,0,337500
TATAGLOBAL30Jan20300PE.NFO,07/01/2020,12:24:29,3.9,3.95,2700,4.05,2700,0,337500
TATAGLOBAL30Jan20300PE.NFO,07/01/2020,12:24:37,3.9,3.95,2700,4.05,5400,0,337500
TATAGLOBAL30Jan20300PE.NFO,07/01/2020,12:24:51,3.9,3.95,2700,4.05,2700,0,337500
TATAGLOBAL30Jan20300PE.NFO,07/01/2020,12:24:56,3.9,3.95,2700,4.05,8100,0,337500
TATAGLOBAL30Jan20300PE.NFO,07/01/2020,12:25:00,3.9,3.95,2700,4.05,2700,0,337500
TATAGLOBAL30Jan20300PE.NFO,07/01/2020,12:25:07,3.9,3.95,5400,4.1,10800,0,337500
TATAGLOBAL30Jan20300PE.NFO,07/01/2020,12:25:08,3.9,3.95,5400,4.1,5400,0,337500
TATAGLOBAL30Jan20300PE.NFO,07/01/2020,12:25:36,3.9,3.95,2700,4.05,2700,0,337500
TATAGLOBAL30Jan20300PE.NFO,07/01/2020,12:25:37,3.9,3.95,2700,4.1,8100,0,337500
TATAGLOBAL30Jan20300PE.NFO,07/01/2020,12:25:40,3.9,3.95,2700,4.05,2700,0,337500
TATAGLOBAL30Jan20300PE.NFO,07/01/2020,12:26:11,3.9,3.95,2700,4.05,5400,0,337500
TATAGLOBAL30Jan20300PE.NFO,07/01/2020,12:26:14,3.9,3.95,2700,4.1,10800,0,337500
TATAGLOBAL30Jan20300PE.NFO,07/01/2020,12:26:23,3.9,3.95,5400,4.1,5400,0,337500
TATAGLOBAL30Jan20300PE.NFO,07/01/2020,12:26:36,3.9,3.95,5400,4.05,2700,0,337500
TATAGLOBAL30Jan20300PE.NFO,07/01/2020,12:26:39,3.9,3.95,5400,4.1,5400,0,337500
TATAGLOBAL30Jan20300PE.NFO,07/01/2020,12:26:42,3.9,4.05,2700,4.1,5400,0,337500
TATAGLOBAL30Jan20300PE.NFO,07/01/2020,12:27:01,3.9,4.05,2700,4.1,8100,0,337500
TATAGLOBAL30Jan20300PE.NFO,07/01/2020,12:27:22,3.9,4.05,2700,4.1,5400,0,337500
TATAGLOBAL30Jan20300PE.NFO,07/01/2020,12:27:25,3.9,4.05,2700,4.1,8100,0,337500
TATAGLOBAL30Jan20300PE.NFO,07/01/2020,12:27:33,3.9,4,2700,4.1,8100,0,337500
TATAGLOBAL30Jan20300PE.NFO,07/01/2020,12:27:38,3.9,4,2700,4.1,5400,0,337500
TATAGLOBAL30Jan20300PE.NFO,07/01/2020,12:28:18,3.9,4,2700,4.1,8100,0,337500
TATAGLOBAL30Jan20300PE.NFO,07/01/2020,12:28:32,3.9,4,2700,4.1,5400,0,337500
TATAGLOBAL30Jan20300PE.NFO,07/01/2020,12:28:53,3.9,4,2700,4.1,8100,0,337500
TATAGLOBAL30Jan20300PE.NFO,07/01/2020,12:29:11,3.9,4,2700,4.1,5400,0,337500
TATAGLOBAL30Jan20300PE.NFO,07/01/2020,12:29:20,3.9,4,2700,4.1,8100,0,337500
TATAGLOBAL30Jan20300PE.NFO,07/01/2020,12:29:30,3.9,4,2700,4.1,5400,0,337500
TATAGLOBAL30Jan20300PE.NFO,07/01/2020,12:29:53,3.9,4,2700,4.1,8100,0,337500
TATAGLOBAL30Jan20300PE.NFO,07/01/2020,12:30:02,3.9,4,2700,4.1,5400,0,337500
TATAGLOBAL30Jan20300PE.NFO,07/01/2020,12:30:28,3.9,4,2700,4.1,8100,0,337500
TATAGLOBAL30Jan20300PE.NFO,07/01/2020,12:30:47,3.9,4,2700,4.1,5400,0,337500
TATAGLOBAL30Jan20300PE.NFO,07/01/2020,12:30:52,3.9,4,2700,4.1,8100,0,337500
TATAGLOBAL30Jan20300PE.NFO,07/01/2020,12:31:03,3.9,4,2700,4.1,5400,0,337500
TATAGLOBAL30Jan20300PE.NFO,07/01/2020,12:31:16,3.9,4,2700,4.1,10800,0,337500
TATAGLOBAL30Jan20300PE.NFO,07/01/2020,12:31:19,3.9,4,2700,4.1,5400,0,337500
TATAGLOBAL30Jan20300PE.NFO,07/01/2020,12:31:33,3.9,4,2700,4.1,8100,0,337500
TATAGLOBAL30Jan20300PE.NFO,07/01/2020,12:31:40,3.9,4,2700,4.1,5400,0,337500
TATAGLOBAL30Jan20300PE.NFO,07/01/2020,12:31:48,3.9,4,2700,4.05,2700,0,337500
TATAGLOBAL30Jan20300PE.NFO,07/01/2020,12:32:15,3.9,4,2700,4.05,5400,0,337500
TATAGLOBAL30Jan20300PE.NFO,07/01/2020,12:32:31,3.9,4,2700,4.05,2700,0,337500
TATAGLOBAL30Jan20300PE.NFO,07/01/2020,12:32:42,3.9,4,2700,4.05,5400,0,337500
TATAGLOBAL30Jan20300PE.NFO,07/01/2020,12:32:47,3.9,4,2700,4.05,2700,0,337500
TATAGLOBAL30Jan20300PE.NFO,07/01/2020,12:33:06,3.9,4,2700,4.05,5400,0,337500
TATAGLOBAL30Jan20300PE.NFO,07/01/2020,12:33:21,3.9,4,5400,4.05,5400,0,337500
TATAGLOBAL30Jan20300PE.NFO,07/01/2020,12:33:25,3.9,4,5400,4.05,2700,0,337500
TATAGLOBAL30Jan20300PE.NFO,07/01/2020,12:33:28,3.9,4,5400,4.05,5400,0,337500
TATAGLOBAL30Jan20300PE.NFO,07/01/2020,12:33:33,3.9,4,5400,4.05,2700,0,337500
TATAGLOBAL30Jan20300PE.NFO,07/01/2020,12:33:45,3.9,4,5400,4.1,8100,0,337500
TATAGLOBAL30Jan20300PE.NFO,07/01/2020,12:33:53,3.9,4,8100,4.1,8100,0,337500
TATAGLOBAL30Jan20300PE.NFO,07/01/2020,12:33:55,3.9,4,5400,4.1,8100,0,337500
TATAGLOBAL30Jan20300PE.NFO,07/01/2020,12:34:06,3.9,4,2700,4.1,8100,0,337500
TATAGLOBAL30Jan20300PE.NFO,07/01/2020,12:34:28,3.9,4,2700,4.1,5400,0,337500
TATAGLOBAL30Jan20300PE.NFO,07/01/2020,12:34:33,3.9,4,2700,4.05,2700,0,337500
TATAGLOBAL30Jan20300PE.NFO,07/01/2020,12:34:53,4,3.9,5400,4.05,8100,5400,334800
TATAGLOBAL30Jan20300PE.NFO,07/01/2020,12:34:53,4,3.9,5400,4.05,8100,0,334800
TATAGLOBAL30Jan20300PE.NFO,07/01/2020,12:34:59,4,3.9,5400,4,2700,0,334800
TATAGLOBAL30Jan20300PE.NFO,07/01/2020,12:35:02,4,3.9,5400,4,5400,0,334800
TATAGLOBAL30Jan20300PE.NFO,07/01/2020,12:35:06,4,3.9,5400,4,2700,0,334800
TATAGLOBAL30Jan20300PE.NFO,07/01/2020,12:35:09,4,3.9,2700,4,2700,0,334800
TATAGLOBAL30Jan20300PE.NFO,07/01/2020,12:35:12,4,3.9,2700,4,5400,0,334800
TATAGLOBAL30Jan20300PE.NFO,07/01/2020,12:35:19,4,3.9,2700,4,8100,0,334800
TATAGLOBAL30Jan20300PE.NFO,07/01/2020,12:35:22,4,3.9,2700,4,5400,0,334800
TATAGLOBAL30Jan20300PE.NFO,07/01/2020,12:35:31,4,3.9,5400,4,5400,0,334800
TATAGLOBAL30Jan20300PE.NFO,07/01/2020,12:35:48,4,3.9,5400,4,2700,0,334800
TATAGLOBAL30Jan20300PE.NFO,07/01/2020,12:35:51,4,3.9,8100,4,2700,0,334800
TATAGLOBAL30Jan20300PE.NFO,07/01/2020,12:35:53,4,3.9,10800,4,2700,0,334800
TATAGLOBAL30Jan20300PE.NFO,07/01/2020,12:35:55,4,3.9,10800,4,5400,0,334800
TATAGLOBAL30Jan20300PE.NFO,07/01/2020,12:36:03,4,3.9,10800,4,8100,0,334800
TATAGLOBAL30Jan20300PE.NFO,07/01/2020,12:36:06,3.9,3.9,8100,4,8100,2700,340200
TATAGLOBAL30Jan20300PE.NFO,07/01/2020,12:36:14,3.9,3.9,8100,4,5400,0,340200
TATAGLOBAL30Jan20300PE.NFO,07/01/2020,12:36:32,3.9,3.9,5400,4,5400,0,340200
TATAGLOBAL30Jan20300PE.NFO,07/01/2020,12:36:51,3.9,3.9,2700,4,5400,2700,340200
TATAGLOBAL30Jan20300PE.NFO,07/01/2020,12:36:59,3.9,3.9,2700,4,5400,0,340200
TATAGLOBAL30Jan20300PE.NFO,07/01/2020,12:37:03,3.9,3.85,5400,4,5400,0,340200
TATAGLOBAL30Jan20300PE.NFO,07/01/2020,12:38:00,3.9,3.85,2700,3.95,5400,0,340200
TATAGLOBAL30Jan20300PE.NFO,07/01/2020,12:38:19,3.9,3.85,2700,3.95,2700,0,340200
TATAGLOBAL30Jan20300PE.NFO,07/01/2020,12:38:29,3.9,3.85,5400,3.95,2700,0,340200
TATAGLOBAL30Jan20300PE.NFO,07/01/2020,12:38:34,3.9,3.85,2700,3.95,2700,0,340200
TATAGLOBAL30Jan20300PE.NFO,07/01/2020,12:39:22,3.9,3.85,5400,3.95,2700,0,340200
TATAGLOBAL30Jan20300PE.NFO,07/01/2020,12:40:05,3.9,3.85,2700,3.95,2700,0,340200
TATAGLOBAL30Jan20300PE.NFO,07/01/2020,12:41:59,3.9,3.85,5400,3.95,2700,0,340200
TATAGLOBAL30Jan20300PE.NFO,07/01/2020,12:43:41,3.9,3.8,8100,3.95,2700,0,340200
TATAGLOBAL30Jan20300PE.NFO,07/01/2020,12:43:48,3.9,3.85,2700,3.95,2700,0,340200
TATAGLOBAL30Jan20300PE.NFO,07/01/2020,12:43:51,3.9,3.8,8100,3.95,2700,0,340200
TATAGLOBAL30Jan20300PE.NFO,07/01/2020,12:43:54,3.9,3.8,5400,3.95,2700,0,340200
TATAGLOBAL30Jan20300PE.NFO,07/01/2020,12:43:57,3.9,3.8,2700,3.95,2700,0,340200
TATAGLOBAL30Jan20300PE.NFO,07/01/2020,12:44:39,3.9,3.8,2700,3.9,2700,0,340200
TATAGLOBAL30Jan20300PE.NFO,07/01/2020,12:45:09,3.9,3.8,2700,3.9,5400,0,340200
TATAGLOBAL30Jan20300PE.NFO,07/01/2020,12:45:17,3.9,3.75,5400,3.9,5400,0,340200
TATAGLOBAL30Jan20300PE.NFO,07/01/2020,12:45:22,3.9,3.7,5400,3.85,8100,0,340200
TATAGLOBAL30Jan20300PE.NFO,07/01/2020,12:45:35,3.9,3.7,10800,3.85,5400,0,340200
TATAGLOBAL30Jan20300PE.NFO,07/01/2020,12:45:38,3.9,3.7,8100,3.85,5400,0,340200
TATAGLOBAL30Jan20300PE.NFO,07/01/2020,12:45:47,3.9,3.7,8100,3.85,8100,0,340200
TATAGLOBAL30Jan20300PE.NFO,07/01/2020,12:46:14,3.9,3.65,2700,3.8,8100,0,340200
TATAGLOBAL30Jan20300PE.NFO,07/01/2020,12:46:53,3.9,3.65,5400,3.8,2700,0,340200
TATAGLOBAL30Jan20300PE.NFO,07/01/2020,12:47:05,3.9,3.65,2700,3.8,8100,0,340200
TATAGLOBAL30Jan20300PE.NFO,07/01/2020,12:47:37,3.9,3.65,5400,3.8,8100,0,340200
TATAGLOBAL30Jan20300PE.NFO,07/01/2020,12:48:04,3.9,3.6,5400,3.7,2700,0,340200
TATAGLOBAL30Jan20300PE.NFO,07/01/2020,12:48:10,3.9,3.6,2700,3.7,2700,0,340200
TATAGLOBAL30Jan20300PE.NFO,07/01/2020,12:48:59,3.9,3.6,2700,3.7,5400,0,340200
TATAGLOBAL30Jan20300PE.NFO,07/01/2020,12:49:28,3.9,3.6,2700,3.7,8100,0,340200
TATAGLOBAL30Jan20300PE.NFO,07/01/2020,12:49:31,3.9,3.6,2700,3.7,5400,0,340200
TATAGLOBAL30Jan20300PE.NFO,07/01/2020,12:49:43,3.9,3.6,2700,3.7,2700,0,340200
TATAGLOBAL30Jan20300PE.NFO,07/01/2020,12:49:47,3.9,3.55,2700,3.65,8100,0,340200
TATAGLOBAL30Jan20300PE.NFO,07/01/2020,12:49:54,3.9,3.5,2700,3.65,8100,0,340200
TATAGLOBAL30Jan20300PE.NFO,07/01/2020,12:50:02,3.9,3.55,2700,3.65,5400,0,340200
TATAGLOBAL30Jan20300PE.NFO,07/01/2020,12:50:08,3.9,3.5,2700,3.65,8100,0,340200
TATAGLOBAL30Jan20300PE.NFO,07/01/2020,12:50:16,3.9,3.5,2700,3.65,10800,0,340200
TATAGLOBAL30Jan20300PE.NFO,07/01/2020,12:50:23,3.9,3.45,2700,3.6,8100,0,340200
TATAGLOBAL30Jan20300PE.NFO,07/01/2020,12:50:27,3.9,3.45,2700,3.6,2700,0,340200
TATAGLOBAL30Jan20300PE.NFO,07/01/2020,12:50:31,3.9,3.45,2700,3.6,5400,0,340200
TATAGLOBAL30Jan20300PE.NFO,07/01/2020,12:50:35,3.9,3.45,2700,3.6,8100,0,340200
TATAGLOBAL30Jan20300PE.NFO,07/01/2020,12:50:42,3.9,3.45,2700,3.6,5400,0,340200
TATAGLOBAL30Jan20300PE.NFO,07/01/2020,12:50:47,3.9,3.45,2700,3.6,8100,0,340200
TATAGLOBAL30Jan20300PE.NFO,07/01/2020,12:51:00,3.9,3.5,2700,3.6,5400,0,340200
TATAGLOBAL30Jan20300PE.NFO,07/01/2020,12:51:19,3.9,3.45,2700,3.6,8100,0,340200
TATAGLOBAL30Jan20300PE.NFO,07/01/2020,12:51:25,3.9,3.45,5400,3.6,8100,0,340200
TATAGLOBAL30Jan20300PE.NFO,07/01/2020,12:51:28,3.9,3.5,2700,3.6,5400,0,340200
TATAGLOBAL30Jan20300PE.NFO,07/01/2020,12:51:32,3.9,3.45,5400,3.6,8100,0,340200
TATAGLOBAL30Jan20300PE.NFO,07/01/2020,12:51:35,3.9,3.5,2700,3.6,8100,0,340200
TATAGLOBAL30Jan20300PE.NFO,07/01/2020,12:51:51,3.9,3.45,2700,3.6,8100,0,340200
TATAGLOBAL30Jan20300PE.NFO,07/01/2020,12:52:00,3.9,3.5,2700,3.6,8100,0,340200
TATAGLOBAL30Jan20300PE.NFO,07/01/2020,12:52:06,3.9,3.45,2700,3.6,10800,0,340200
TATAGLOBAL30Jan20300PE.NFO,07/01/2020,12:52:12,3.9,3.5,2700,3.6,8100,0,340200
TATAGLOBAL30Jan20300PE.NFO,07/01/2020,12:52:15,3.9,3.45,2700,3.6,10800,0,340200
TATAGLOBAL30Jan20300PE.NFO,07/01/2020,12:52:17,3.9,3.5,2700,3.6,2700,0,340200
TATAGLOBAL30Jan20300PE.NFO,07/01/2020,12:52:20,3.9,3.5,5400,3.6,2700,0,340200
TATAGLOBAL30Jan20300PE.NFO,07/01/2020,12:52:38,3.9,3.5,2700,3.6,8100,0,340200
TATAGLOBAL30Jan20300PE.NFO,07/01/2020,12:52:41,3.9,3.5,5400,3.6,2700,0,340200
TATAGLOBAL30Jan20300PE.NFO,07/01/2020,12:52:57,3.9,3.5,2700,3.6,8100,0,340200
TATAGLOBAL30Jan20300PE.NFO,07/01/2020,12:53:07,3.9,3.45,2700,3.6,8100,0,340200
TATAGLOBAL30Jan20300PE.NFO,07/01/2020,12:53:19,3.9,3.5,2700,3.6,2700,0,340200
TATAGLOBAL30Jan20300PE.NFO,07/01/2020,12:53:22,3.9,3.45,2700,3.6,8100,0,340200
TATAGLOBAL30Jan20300PE.NFO,07/01/2020,12:53:41,3.9,3.5,2700,3.6,8100,0,340200
TATAGLOBAL30Jan20300PE.NFO,07/01/2020,12:53:45,3.9,3.45,2700,3.6,8100,0,340200
TATAGLOBAL30Jan20300PE.NFO,07/01/2020,12:53:48,3.9,3.45,2700,3.6,10800,0,340200
TATAGLOBAL30Jan20300PE.NFO,07/01/2020,12:54:12,3.9,3.45,5400,3.6,10800,0,340200
TATAGLOBAL30Jan20300PE.NFO,07/01/2020,12:54:27,3.9,3.45,2700,3.6,8100,0,340200
TATAGLOBAL30Jan20300PE.NFO,07/01/2020,12:54:32,3.9,3.5,2700,3.6,10800,0,340200
TATAGLOBAL30Jan20300PE.NFO,07/01/2020,12:54:52,3.9,3.45,2700,3.6,10800,0,340200
TATAGLOBAL30Jan20300PE.NFO,07/01/2020,12:55:27,3.9,3.45,2700,3.6,8100,0,340200
TATAGLOBAL30Jan20300PE.NFO,07/01/2020,12:55:41,3.9,3.45,5400,3.6,10800,0,340200
TATAGLOBAL30Jan20300PE.NFO,07/01/2020,12:55:54,3.9,3.45,8100,3.6,10800,0,340200
TATAGLOBAL30Jan20300PE.NFO,07/01/2020,12:56:01,3.9,3.45,8100,3.6,8100,0,340200
TATAGLOBAL30Jan20300PE.NFO,07/01/2020,12:56:04,3.9,3.45,2700,3.6,10800,0,340200
TATAGLOBAL30Jan20300PE.NFO,07/01/2020,12:56:19,3.9,3.4,2700,3.5,2700,0,340200
TATAGLOBAL30Jan20300PE.NFO,07/01/2020,12:57:02,3.9,3.35,5400,3.5,5400,0,340200
TATAGLOBAL30Jan20300PE.NFO,07/01/2020,12:57:29,3.45,3.4,5400,3.55,10800,2700,337500
TATAGLOBAL30Jan20300PE.NFO,07/01/2020,12:57:32,3.45,3.4,5400,3.55,10800,0,337500
TATAGLOBAL30Jan20300PE.NFO,07/01/2020,12:57:40,3.45,3.4,5400,3.55,8100,0,337500
TATAGLOBAL30Jan20300PE.NFO,07/01/2020,12:57:56,3.45,3.4,5400,3.55,5400,0,337500
TATAGLOBAL30Jan20300PE.NFO,07/01/2020,12:58:00,3.45,3.4,5400,3.5,5400,0,337500
TATAGLOBAL30Jan20300PE.NFO,07/01/2020,12:58:33,3.45,3.35,2700,3.45,2700,0,337500
TATAGLOBAL30Jan20300PE.NFO,07/01/2020,12:59:02,3.45,3.35,2700,3.45,5400,0,337500
TATAGLOBAL30Jan20300PE.NFO,07/01/2020,12:59:06,3.45,3.35,2700,3.45,2700,0,337500
TATAGLOBAL30Jan20300PE.NFO,07/01/2020,12:59:10,3.45,3.35,2700,3.45,5400,0,337500
TATAGLOBAL30Jan20300PE.NFO,07/01/2020,12:59:49,3.45,3.35,5400,3.45,5400,0,337500
TATAGLOBAL30Jan20300PE.NFO,07/01/2020,12:59:56,3.45,3.35,5400,3.4,2700,0,337500
TATAGLOBAL30Jan20300PE.NFO,07/01/2020,12:59:58,3.45,3.35,2700,3.4,2700,0,337500
TATAGLOBAL30Jan20300PE.NFO,07/01/2020,13:00:04,3.4,3.35,2700,3.5,10800,2700,337500
TATAGLOBAL30Jan20300PE.NFO,07/01/2020,13:00:09,3.4,3.35,2700,3.45,2700,0,337500
TATAGLOBAL30Jan20300PE.NFO,07/01/2020,13:00:18,3.4,3.45,2700,3.5,2700,0,337500
TATAGLOBAL30Jan20300PE.NFO,07/01/2020,13:00:35,3.4,3.4,5400,3.5,2700,0,337500
TATAGLOBAL30Jan20300PE.NFO,07/01/2020,13:00:48,3.4,3.35,2700,3.45,2700,0,337500
TATAGLOBAL30Jan20300PE.NFO,07/01/2020,13:00:53,3.4,3.4,5400,3.5,2700,0,337500
TATAGLOBAL30Jan20300PE.NFO,07/01/2020,13:01:09,3.4,3.4,5400,3.55,2700,0,337500
TATAGLOBAL30Jan20300PE.NFO,07/01/2020,13:01:16,3.4,3.4,5400,3.55,5400,0,337500
TATAGLOBAL30Jan20300PE.NFO,07/01/2020,13:01:23,3.4,3.4,5400,3.5,2700,0,337500
TATAGLOBAL30Jan20300PE.NFO,07/01/2020,13:01:43,3.4,3.4,5400,3.55,5400,0,337500
TATAGLOBAL30Jan20300PE.NFO,07/01/2020,13:01:47,3.4,3.4,8100,3.55,5400,0,337500
TATAGLOBAL30Jan20300PE.NFO,07/01/2020,13:01:53,3.4,3.4,5400,3.5,2700,0,337500
TATAGLOBAL30Jan20300PE.NFO,07/01/2020,13:01:59,3.4,3.4,5400,3.55,8100,0,337500
TATAGLOBAL30Jan20300PE.NFO,07/01/2020,13:02:06,3.4,3.35,2700,3.5,5400,0,337500
TATAGLOBAL30Jan20300PE.NFO,07/01/2020,13:02:16,3.4,3.4,5400,3.5,2700,0,337500
TATAGLOBAL30Jan20300PE.NFO,07/01/2020,13:02:25,3.4,3.4,5400,3.55,8100,0,337500
TATAGLOBAL30Jan20300PE.NFO,07/01/2020,13:02:30,3.4,3.4,5400,3.5,2700,0,337500
TATAGLOBAL30Jan20300PE.NFO,07/01/2020,13:02:41,3.4,3.4,8100,3.55,5400,0,337500
TATAGLOBAL30Jan20300PE.NFO,07/01/2020,13:02:56,3.4,3.45,5400,3.55,2700,0,337500
TATAGLOBAL30Jan20300PE.NFO,07/01/2020,13:03:13,3.4,3.5,5400,3.55,2700,0,337500
TATAGLOBAL30Jan20300PE.NFO,07/01/2020,13:03:23,3.4,3.5,2700,3.55,2700,0,337500
TATAGLOBAL30Jan20300PE.NFO,07/01/2020,13:03:56,3.4,3.5,5400,3.55,2700,0,337500
TATAGLOBAL30Jan20300PE.NFO,07/01/2020,13:04:01,3.4,3.5,2700,3.55,2700,0,337500
TATAGLOBAL30Jan20300PE.NFO,07/01/2020,13:04:11,3.55,3.5,2700,3.6,2700,2700,337500
TATAGLOBAL30Jan20300PE.NFO,07/01/2020,13:04:23,3.55,3.5,2700,3.6,2700,0,337500
TATAGLOBAL30Jan20300PE.NFO,07/01/2020,13:04:27,3.55,3.5,5400,3.6,5400,0,337500
TATAGLOBAL30Jan20300PE.NFO,07/01/2020,13:04:30,3.55,3.5,5400,3.6,2700,0,337500
TATAGLOBAL30Jan20300PE.NFO,07/01/2020,13:04:44,3.55,3.55,5400,3.6,2700,0,337500
TATAGLOBAL30Jan20300PE.NFO,07/01/2020,13:04:52,3.6,3.55,5400,3.65,2700,2700,337500
TATAGLOBAL30Jan20300PE.NFO,07/01/2020,13:05:04,3.6,3.55,10800,3.7,2700,0,337500
TATAGLOBAL30Jan20300PE.NFO,07/01/2020,13:05:10,3.6,3.55,10800,3.65,2700,0,337500
TATAGLOBAL30Jan20300PE.NFO,07/01/2020,13:05:27,3.6,3.55,5400,3.65,2700,0,337500
TATAGLOBAL30Jan20300PE.NFO,07/01/2020,13:05:59,3.6,3.55,10800,3.65,2700,0,337500
TATAGLOBAL30Jan20300PE.NFO,07/01/2020,13:06:04,3.6,3.55,5400,3.65,2700,0,337500
TATAGLOBAL30Jan20300PE.NFO,07/01/2020,13:06:16,3.6,3.55,10800,3.65,2700,0,337500
TATAGLOBAL30Jan20300PE.NFO,07/01/2020,13:06:33,3.6,3.6,2700,3.7,2700,0,337500
TATAGLOBAL30Jan20300PE.NFO,07/01/2020,13:07:09,3.6,3.55,8100,3.7,2700,0,337500
TATAGLOBAL30Jan20300PE.NFO,07/01/2020,13:07:14,3.6,3.55,2700,3.65,5400,0,337500
TATAGLOBAL30Jan20300PE.NFO,07/01/2020,13:07:20,3.6,3.55,5400,3.65,5400,0,337500
TATAGLOBAL30Jan20300PE.NFO,07/01/2020,13:07:25,3.6,3.55,2700,3.65,5400,0,337500
TATAGLOBAL30Jan20300PE.NFO,07/01/2020,13:07:37,3.6,3.55,8100,3.65,2700,0,337500
TATAGLOBAL30Jan20300PE.NFO,07/01/2020,13:07:42,3.6,3.55,5400,3.65,2700,0,337500
TATAGLOBAL30Jan20300PE.NFO,07/01/2020,13:07:47,3.6,3.55,8100,3.65,2700,0,337500
TATAGLOBAL30Jan20300PE.NFO,07/01/2020,13:08:04,3.6,3.6,5400,3.7,2700,0,337500
TATAGLOBAL30Jan20300PE.NFO,07/01/2020,13:08:26,3.6,3.6,5400,3.75,5400,0,337500
TATAGLOBAL30Jan20300PE.NFO,07/01/2020,13:08:53,3.6,3.65,5400,3.75,5400,0,337500
TATAGLOBAL30Jan20300PE.NFO,07/01/2020,13:08:59,3.6,3.65,5400,3.75,2700,0,337500
TATAGLOBAL30Jan20300PE.NFO,07/01/2020,13:09:13,3.6,3.65,5400,3.8,2700,0,337500
TATAGLOBAL30Jan20300PE.NFO,07/01/2020,13:09:21,3.6,3.65,5400,3.75,5400,0,337500
TATAGLOBAL30Jan20300PE.NFO,07/01/2020,13:09:36,3.6,3.65,5400,3.75,2700,0,337500
TATAGLOBAL30Jan20300PE.NFO,07/01/2020,13:09:42,3.6,3.65,5400,3.8,2700,0,337500
TATAGLOBAL30Jan20300PE.NFO,07/01/2020,13:09:55,3.65,3.6,5400,3.7,2700,2700,342900
TATAGLOBAL30Jan20300PE.NFO,07/01/2020,13:10:02,3.65,3.6,5400,3.75,2700,0,342900
TATAGLOBAL30Jan20300PE.NFO,07/01/2020,13:10:08,3.65,3.65,5400,3.75,2700,0,342900
TATAGLOBAL30Jan20300PE.NFO,07/01/2020,13:10:21,3.65,3.65,5400,3.8,5400,0,342900
TATAGLOBAL30Jan20300PE.NFO,07/01/2020,13:10:38,3.65,3.6,5400,3.75,2700,0,342900
TATAGLOBAL30Jan20300PE.NFO,07/01/2020,13:10:52,3.65,3.65,5400,3.75,2700,0,342900
TATAGLOBAL30Jan20300PE.NFO,07/01/2020,13:10:57,3.65,3.6,5400,3.7,2700,0,342900
TATAGLOBAL30Jan20300PE.NFO,07/01/2020,13:11:02,3.65,3.65,5400,3.75,2700,0,342900
TATAGLOBAL30Jan20300PE.NFO,07/01/2020,13:11:13,3.65,3.6,10800,3.75,2700,0,342900
TATAGLOBAL30Jan20300PE.NFO,07/01/2020,13:11:18,3.65,3.65,5400,3.75,2700,0,342900
TATAGLOBAL30Jan20300PE.NFO,07/01/2020,13:11:23,3.65,3.65,2700,3.75,2700,0,342900
TATAGLOBAL30Jan20300PE.NFO,07/01/2020,13:11:26,3.65,3.6,10800,3.75,2700,0,342900
TATAGLOBAL30Jan20300PE.NFO,07/01/2020,13:11:31,3.65,3.6,8100,3.7,5400,0,342900
TATAGLOBAL30Jan20300PE.NFO,07/01/2020,13:11:45,3.65,3.6,8100,3.7,2700,0,342900
TATAGLOBAL30Jan20300PE.NFO,07/01/2020,13:12:03,3.65,3.6,2700,3.7,2700,0,342900
TATAGLOBAL30Jan20300PE.NFO,07/01/2020,13:13:24,3.65,3.6,8100,3.7,2700,0,342900
TATAGLOBAL30Jan20300PE.NFO,07/01/2020,13:14:26,3.65,3.6,10800,3.75,2700,0,342900
TATAGLOBAL30Jan20300PE.NFO,07/01/2020,13:14:39,3.65,3.6,8100,3.75,2700,0,342900
TATAGLOBAL30Jan20300PE.NFO,07/01/2020,13:14:44,3.65,3.6,8100,3.7,5400,0,342900
TATAGLOBAL30Jan20300PE.NFO,07/01/2020,13:14:52,3.65,3.6,10800,3.75,2700,0,342900
TATAGLOBAL30Jan20300PE.NFO,07/01/2020,13:15:18,3.65,3.6,10800,3.7,2700,0,342900
TATAGLOBAL30Jan20300PE.NFO,07/01/2020,13:15:26,3.65,3.65,2700,3.75,2700,0,342900
TATAGLOBAL30Jan20300PE.NFO,07/01/2020,13:15:33,3.65,3.65,5400,3.75,2700,0,342900
TATAGLOBAL30Jan20300PE.NFO,07/01/2020,13:15:39,3.65,3.65,5400,3.8,2700,0,342900
TATAGLOBAL30Jan20300PE.NFO,07/01/2020,13:16:14,3.65,3.6,8100,3.75,2700,0,342900
TATAGLOBAL30Jan20300PE.NFO,07/01/2020,13:16:21,3.65,3.6,10800,3.75,2700,0,342900
TATAGLOBAL30Jan20300PE.NFO,07/01/2020,13:16:32,3.65,3.6,8100,3.75,2700,0,342900
TATAGLOBAL30Jan20300PE.NFO,07/01/2020,13:16:37,3.65,3.65,5400,3.75,5400,0,342900
TATAGLOBAL30Jan20300PE.NFO,07/01/2020,13:17:10,3.65,3.65,5400,3.75,2700,0,342900
TATAGLOBAL30Jan20300PE.NFO,07/01/2020,13:17:14,3.65,3.65,5400,3.8,2700,0,342900
TATAGLOBAL30Jan20300PE.NFO,07/01/2020,13:17:17,3.65,3.7,5400,3.8,2700,0,342900
TATAGLOBAL30Jan20300PE.NFO,07/01/2020,13:18:07,3.65,3.7,5400,3.85,8100,0,342900
TATAGLOBAL30Jan20300PE.NFO,07/01/2020,13:18:40,3.65,3.75,5400,3.85,2700,0,342900
TATAGLOBAL30Jan20300PE.NFO,07/01/2020,13:18:51,3.65,3.7,8100,3.85,2700,0,342900
TATAGLOBAL30Jan20300PE.NFO,07/01/2020,13:19:40,3.65,3.7,8100,3.85,5400,0,342900
TATAGLOBAL30Jan20300PE.NFO,07/01/2020,13:19:52,3.65,3.8,5400,3.85,2700,0,342900
TATAGLOBAL30Jan20300PE.NFO,07/01/2020,13:19:57,3.85,3.75,2700,3.9,5400,5400,340200
TATAGLOBAL30Jan20300PE.NFO,07/01/2020,13:20:01,3.85,3.75,2700,3.9,8100,0,340200
TATAGLOBAL30Jan20300PE.NFO,07/01/2020,13:20:07,3.85,3.75,2700,3.9,5400,0,340200
TATAGLOBAL30Jan20300PE.NFO,07/01/2020,13:20:24,3.85,3.7,2700,3.9,8100,0,340200
TATAGLOBAL30Jan20300PE.NFO,07/01/2020,13:20:58,3.85,3.75,5400,3.9,5400,0,340200
TATAGLOBAL30Jan20300PE.NFO,07/01/2020,13:21:16,3.85,3.8,2700,3.9,2700,0,340200
TATAGLOBAL30Jan20300PE.NFO,07/01/2020,13:21:25,3.85,3.8,5400,3.9,2700,0,340200
TATAGLOBAL30Jan20300PE.NFO,07/01/2020,13:21:35,3.85,3.8,2700,3.9,2700,0,340200
TATAGLOBAL30Jan20300PE.NFO,07/01/2020,13:21:48,3.85,3.8,5400,3.9,2700,0,340200
TATAGLOBAL30Jan20300PE.NFO,07/01/2020,13:22:40,3.85,3.8,8100,3.9,2700,0,340200
TATAGLOBAL30Jan20300PE.NFO,07/01/2020,13:23:11,3.85,3.8,2700,3.95,2700,0,340200
TATAGLOBAL30Jan20300PE.NFO,07/01/2020,13:23:16,3.85,3.8,2700,3.9,2700,0,340200
TATAGLOBAL30Jan20300PE.NFO,07/01/2020,13:23:22,3.85,3.75,2700,3.9,5400,0,340200
TATAGLOBAL30Jan20300PE.NFO,07/01/2020,13:23:27,3.85,3.75,5400,3.9,5400,0,340200
TATAGLOBAL30Jan20300PE.NFO,07/01/2020,13:24:34,3.85,3.75,5400,3.9,2700,0,340200
TATAGLOBAL30Jan20300PE.NFO,07/01/2020,13:24:41,3.85,3.75,5400,3.9,5400,0,340200
TATAGLOBAL30Jan20300PE.NFO,07/01/2020,13:24:49,3.85,3.7,5400,3.9,8100,0,340200
TATAGLOBAL30Jan20300PE.NFO,07/01/2020,13:25:20,3.85,3.7,5400,3.85,2700,0,340200
TATAGLOBAL30Jan20300PE.NFO,07/01/2020,13:26:00,3.85,3.7,2700,3.85,2700,0,340200
TATAGLOBAL30Jan20300PE.NFO,07/01/2020,13:26:13,3.85,3.65,5400,3.8,5400,0,340200
TATAGLOBAL30Jan20300PE.NFO,07/01/2020,13:26:38,3.85,3.65,10800,3.8,5400,0,340200
TATAGLOBAL30Jan20300PE.NFO,07/01/2020,13:27:04,3.85,3.65,5400,3.8,5400,0,340200
TATAGLOBAL30Jan20300PE.NFO,07/01/2020,13:27:08,3.85,3.65,5400,3.8,8100,0,340200
TATAGLOBAL30Jan20300PE.NFO,07/01/2020,13:27:21,3.85,3.65,10800,3.8,5400,0,340200
TATAGLOBAL30Jan20300PE.NFO,07/01/2020,13:27:29,3.85,3.65,10800,3.8,2700,0,340200
TATAGLOBAL30Jan20300PE.NFO,07/01/2020,13:27:35,3.85,3.75,5400,3.9,5400,0,340200
TATAGLOBAL30Jan20300PE.NFO,07/01/2020,13:27:54,3.85,3.75,10800,3.9,5400,0,340200
TATAGLOBAL30Jan20300PE.NFO,07/01/2020,13:28:12,3.85,3.75,5400,3.9,5400,0,340200
TATAGLOBAL30Jan20300PE.NFO,07/01/2020,13:28:28,3.85,3.8,2700,3.9,2700,0,340200
TATAGLOBAL30Jan20300PE.NFO,07/01/2020,13:28:33,3.85,3.8,5400,3.9,2700,0,340200
TATAGLOBAL30Jan20300PE.NFO,07/01/2020,13:28:39,3.85,3.75,8100,3.9,2700,0,340200
TATAGLOBAL30Jan20300PE.NFO,07/01/2020,13:29:34,3.85,3.8,5400,3.9,2700,0,340200
TATAGLOBAL30Jan20300PE.NFO,07/01/2020,13:29:53,3.85,3.8,8100,3.9,2700,0,340200
TATAGLOBAL30Jan20300PE.NFO,07/01/2020,13:30:00,3.85,3.8,5400,3.9,2700,0,340200
TATAGLOBAL30Jan20300PE.NFO,07/01/2020,13:30:14,3.85,3.8,2700,3.9,2700,0,340200
TATAGLOBAL30Jan20300PE.NFO,07/01/2020,13:30:19,3.85,3.8,5400,3.9,2700,0,340200
TATAGLOBAL30Jan20300PE.NFO,07/01/2020,13:30:25,3.85,3.85,5400,3.95,2700,0,340200
TATAGLOBAL30Jan20300PE.NFO,07/01/2020,13:30:32,3.85,3.8,8100,3.95,2700,0,340200
TATAGLOBAL30Jan20300PE.NFO,07/01/2020,13:30:39,3.85,3.85,8100,4,2700,0,340200
TATAGLOBAL30Jan20300PE.NFO,07/01/2020,13:30:54,3.85,3.9,5400,4,2700,0,340200
TATAGLOBAL30Jan20300PE.NFO,07/01/2020,13:31:01,3.85,3.9,2700,4,2700,0,340200
TATAGLOBAL30Jan20300PE.NFO,07/01/2020,13:31:08,3.85,3.9,5400,4,2700,0,340200
TATAGLOBAL30Jan20300PE.NFO,07/01/2020,13:31:15,4,3.95,5400,4.05,2700,5400,345600
TATAGLOBAL30Jan20300PE.NFO,07/01/2020,13:31:22,4,3.95,2700,4.05,5400,0,345600
TATAGLOBAL30Jan20300PE.NFO,07/01/2020,13:31:36,4.05,3.9,5400,4,2700,5400,345600
TATAGLOBAL30Jan20300PE.NFO,07/01/2020,13:31:36,4.05,3.9,5400,4,2700,0,345600
TATAGLOBAL30Jan20300PE.NFO,07/01/2020,13:31:43,4.05,3.9,5400,4,2700,0,345600
TATAGLOBAL30Jan20300PE.NFO,07/01/2020,13:31:51,4,3.9,2700,4.05,2700,2700,345600
TATAGLOBAL30Jan20300PE.NFO,07/01/2020,13:31:59,4,3.85,5400,4.05,8100,0,345600
TATAGLOBAL30Jan20300PE.NFO,07/01/2020,13:32:40,4,3.85,2700,4.05,8100,0,345600
TATAGLOBAL30Jan20300PE.NFO,07/01/2020,13:32:46,4,3.85,2700,3.95,2700,0,345600
TATAGLOBAL30Jan20300PE.NFO,07/01/2020,13:32:53,4,3.85,5400,3.95,2700,0,345600
TATAGLOBAL30Jan20300PE.NFO,07/01/2020,13:33:16,4,3.85,8100,4,2700,0,345600
TATAGLOBAL30Jan20300PE.NFO,07/01/2020,13:33:55,4,3.85,13500,4,2700,0,345600
TATAGLOBAL30Jan20300PE.NFO,07/01/2020,13:34:01,4,3.85,5400,4,2700,0,345600
TATAGLOBAL30Jan20300PE.NFO,07/01/2020,13:34:05,4,3.85,8100,4,2700,0,345600
TATAGLOBAL30Jan20300PE.NFO,07/01/2020,13:34:15,4,3.85,5400,4,2700,0,345600
TATAGLOBAL30Jan20300PE.NFO,07/01/2020,13:34:34,4,3.85,8100,4,2700,0,345600
TATAGLOBAL30Jan20300PE.NFO,07/01/2020,13:34:39,4,3.9,2700,4,2700,0,345600
TATAGLOBAL30Jan20300PE.NFO,07/01/2020,13:34:45,4,3.9,5400,4,2700,0,345600
TATAGLOBAL30Jan20300PE.NFO,07/01/2020,13:34:51,4,3.9,2700,4,2700,0,345600
TATAGLOBAL30Jan20300PE.NFO,07/01/2020,13:34:56,4,3.9,5400,4,2700,0,345600
TATAGLOBAL30Jan20300PE.NFO,07/01/2020,13:35:04,4,3.9,8100,4.05,2700,0,345600
TATAGLOBAL30Jan20300PE.NFO,07/01/2020,13:35:11,4,3.95,2700,4.05,2700,0,345600
TATAGLOBAL30Jan20300PE.NFO,07/01/2020,13:35:34,4,3.95,5400,4.05,2700,0,345600
TATAGLOBAL30Jan20300PE.NFO,07/01/2020,13:35:41,4,3.95,8100,4.05,2700,0,345600
TATAGLOBAL30Jan20300PE.NFO,07/01/2020,13:35:47,4,3.95,8100,4.1,5400,0,345600
TATAGLOBAL30Jan20300PE.NFO,07/01/2020,13:35:55,4,4,8100,4.1,2700,0,345600
TATAGLOBAL30Jan20300PE.NFO,07/01/2020,13:35:59,4,4,2700,4.1,2700,0,345600
TATAGLOBAL30Jan20300PE.NFO,07/01/2020,13:36:04,4.1,4,2700,4.1,2700,2700,356400
TATAGLOBAL30Jan20300PE.NFO,07/01/2020,13:36:04,4.1,4,2700,4.1,2700,0,356400
TATAGLOBAL30Jan20300PE.NFO,07/01/2020,13:36:09,4.1,4.05,2700,4.15,8100,2700,359100
TATAGLOBAL30Jan20300PE.NFO,07/01/2020,13:36:14,4.1,4.05,2700,4.1,5400,0,359100
TATAGLOBAL30Jan20300PE.NFO,07/01/2020,13:36:18,4.05,3.95,2700,4.1,5400,2700,359100
TATAGLOBAL30Jan20300PE.NFO,07/01/2020,13:36:23,4.05,3.95,2700,4.05,2700,0,359100
TATAGLOBAL30Jan20300PE.NFO,07/01/2020,13:36:27,4.05,4,2700,4.1,8100,0,359100
TATAGLOBAL30Jan20300PE.NFO,07/01/2020,13:36:32,4.05,4,2700,4.1,5400,0,359100
TATAGLOBAL30Jan20300PE.NFO,07/01/2020,13:36:36,4.05,4,5400,4.1,5400,0,359100
TATAGLOBAL30Jan20300PE.NFO,07/01/2020,13:36:42,4.1,3.95,2700,4.1,5400,2700,359100
TATAGLOBAL30Jan20300PE.NFO,07/01/2020,13:36:48,4.1,3.95,2700,4.15,8100,0,359100
TATAGLOBAL30Jan20300PE.NFO,07/01/2020,13:36:53,4.1,3.95,2700,4.05,2700,0,359100
TATAGLOBAL30Jan20300PE.NFO,07/01/2020,13:36:59,4.1,3.85,2700,3.95,2700,0,359100
TATAGLOBAL30Jan20300PE.NFO,07/01/2020,13:37:05,4.1,3.7,5400,3.9,8100,0,359100
TATAGLOBAL30Jan20300PE.NFO,07/01/2020,13:37:09,4.1,3.7,5400,3.9,5400,0,359100
TATAGLOBAL30Jan20300PE.NFO,07/01/2020,13:37:19,4.1,3.8,2700,3.9,2700,0,359100
TATAGLOBAL30Jan20300PE.NFO,07/01/2020,13:37:23,4.1,3.75,2700,3.9,5400,0,359100
TATAGLOBAL30Jan20300PE.NFO,07/01/2020,13:37:32,4.1,3.75,2700,3.9,8100,0,359100
TATAGLOBAL30Jan20300PE.NFO,07/01/2020,13:37:37,4.1,3.75,2700,3.9,5400,0,359100
TATAGLOBAL30Jan20300PE.NFO,07/01/2020,13:37:47,4.1,3.75,5400,3.9,5400,0,359100
TATAGLOBAL30Jan20300PE.NFO,07/01/2020,13:37:51,4.1,3.75,2700,3.9,5400,0,359100
TATAGLOBAL30Jan20300PE.NFO,07/01/2020,13:37:59,4.1,3.75,5400,3.9,5400,0,359100
TATAGLOBAL30Jan20300PE.NFO,07/01/2020,13:38:22,4.1,3.7,5400,3.85,5400,0,359100
TATAGLOBAL30Jan20300PE.NFO,07/01/2020,13:38:28,4.1,3.7,5400,3.85,2700,0,359100
TATAGLOBAL30Jan20300PE.NFO,07/01/2020,13:38:33,4.1,3.7,5400,3.85,5400,0,359100
TATAGLOBAL30Jan20300PE.NFO,07/01/2020,13:38:44,4.1,3.65,2700,3.8,8100,0,359100
TATAGLOBAL30Jan20300PE.NFO,07/01/2020,13:38:52,4.1,3.65,2700,3.75,8100,0,359100
TATAGLOBAL30Jan20300PE.NFO,07/01/2020,13:38:58,4.1,3.6,5400,3.75,8100,0,359100
TATAGLOBAL30Jan20300PE.NFO,07/01/2020,13:39:04,4.1,3.6,2700,3.75,8100,0,359100
TATAGLOBAL30Jan20300PE.NFO,07/01/2020,13:39:08,4.1,3.6,2700,3.75,10800,0,359100
TATAGLOBAL30Jan20300PE.NFO,07/01/2020,13:39:12,4.1,3.65,2700,3.75,2700,0,359100
TATAGLOBAL30Jan20300PE.NFO,07/01/2020,13:39:17,4.1,3.65,5400,3.75,2700,0,359100
TATAGLOBAL30Jan20300PE.NFO,07/01/2020,13:39:44,4.1,3.65,2700,3.75,2700,0,359100
TATAGLOBAL30Jan20300PE.NFO,07/01/2020,13:39:51,4.1,3.65,5400,3.8,8100,0,359100
TATAGLOBAL30Jan20300PE.NFO,07/01/2020,13:40:01,4.1,3.65,5400,3.8,5400,0,359100
TATAGLOBAL30Jan20300PE.NFO,07/01/2020,13:40:06,4.1,3.65,5400,3.8,8100,0,359100
TATAGLOBAL30Jan20300PE.NFO,07/01/2020,13:40:10,4.1,3.65,5400,3.8,5400,0,359100
TATAGLOBAL30Jan20300PE.NFO,07/01/2020,13:40:28,4.1,3.65,5400,3.8,8100,0,359100
TATAGLOBAL30Jan20300PE.NFO,07/01/2020,13:40:47,4.1,3.6,5400,3.7,2700,0,359100
TATAGLOBAL30Jan20300PE.NFO,07/01/2020,13:40:52,4.1,3.55,5400,3.7,2700,0,359100
