Ticker,Date,Time,LTP,BuyPrice,BuyQty,SellPrice,SellQty,LTQ,OpenInterest
TATASTEEL30Jan20460CE.NFO,07/01/2020,09:15:30,31.05,30.2,7500,33,3000,3000,376500
TATASTEEL30Jan20460CE.NFO,07/01/2020,09:15:30,31.95,30.2,7500,33,3000,0,376500
TATASTEEL30Jan20460CE.NFO,07/01/2020,09:15:30,31.95,30.2,7500,33,3000,0,376500
TATASTEEL30Jan20460CE.NFO,07/01/2020,09:15:30,31.05,30.2,7500,33,3000,0,376500
TATASTEEL30Jan20460CE.NFO,07/01/2020,09:15:43,31.95,31.15,7500,32.8,7500,0,376500
TATASTEEL30Jan20460CE.NFO,07/01/2020,09:15:55,31.95,31,6000,32.35,7500,0,376500
TATASTEEL30Jan20460CE.NFO,07/01/2020,09:16:07,31.95,31.35,1500,32,1500,0,376500
TATASTEEL30Jan20460CE.NFO,07/01/2020,09:16:19,31.95,31.25,1500,32,1500,0,376500
TATASTEEL30Jan20460CE.NFO,07/01/2020,09:16:30,31.95,31.45,1500,32,1500,0,376500
TATASTEEL30Jan20460CE.NFO,07/01/2020,09:16:40,32,31.45,1500,32.8,10500,1500,376500
TATASTEEL30Jan20460CE.NFO,07/01/2020,09:16:40,32,31.45,1500,32.8,10500,0,376500
TATASTEEL30Jan20460CE.NFO,07/01/2020,09:16:50,32,31.65,3000,33,4500,0,376500
TATASTEEL30Jan20460CE.NFO,07/01/2020,09:16:59,32,31.85,7500,32.75,1500,0,376500
TATASTEEL30Jan20460CE.NFO,07/01/2020,09:17:08,32,31.6,3000,32.55,1500,0,376500
TATASTEEL30Jan20460CE.NFO,07/01/2020,09:17:18,32,31.55,1500,33.05,10500,0,376500
TATASTEEL30Jan20460CE.NFO,07/01/2020,09:17:27,32,31.15,7500,32.45,7500,0,376500
TATASTEEL30Jan20460CE.NFO,07/01/2020,09:17:49,32,30.75,1500,31.9,10500,0,376500
TATASTEEL30Jan20460CE.NFO,07/01/2020,09:17:59,32,31.25,6000,32.3,6000,0,376500
TATASTEEL30Jan20460CE.NFO,07/01/2020,09:18:09,32,31.5,1500,32.6,10500,0,376500
TATASTEEL30Jan20460CE.NFO,07/01/2020,09:18:17,32,31.5,1500,32.5,10500,0,376500
TATASTEEL30Jan20460CE.NFO,07/01/2020,09:18:26,32,31.65,1500,32.25,1500,0,376500
TATASTEEL30Jan20460CE.NFO,07/01/2020,09:18:35,32,31.05,1500,32,7500,0,376500
TATASTEEL30Jan20460CE.NFO,07/01/2020,09:18:44,32,30.85,1500,31.95,3000,0,376500
TATASTEEL30Jan20460CE.NFO,07/01/2020,09:18:53,32,31.05,1500,32.25,10500,0,376500
TATASTEEL30Jan20460CE.NFO,07/01/2020,09:19:02,32,30.7,7500,31.9,6000,0,376500
TATASTEEL30Jan20460CE.NFO,07/01/2020,09:19:11,32,30.9,3000,31.65,1500,0,376500
TATASTEEL30Jan20460CE.NFO,07/01/2020,09:19:19,32,31.25,7500,31.95,1500,0,376500
TATASTEEL30Jan20460CE.NFO,07/01/2020,09:19:28,32,31.6,1500,32.55,1500,1500,378000
TATASTEEL30Jan20460CE.NFO,07/01/2020,09:19:36,32,31.25,6000,32.8,12000,0,378000
TATASTEEL30Jan20460CE.NFO,07/01/2020,09:19:45,32,31.3,3000,32.5,4500,0,378000
TATASTEEL30Jan20460CE.NFO,07/01/2020,09:19:52,32,31.5,1500,32.3,4500,0,378000
TATASTEEL30Jan20460CE.NFO,07/01/2020,09:20:00,32,31.3,3000,32,1500,0,378000
TATASTEEL30Jan20460CE.NFO,07/01/2020,09:20:08,32,31.5,1500,32.2,6000,0,378000
TATASTEEL30Jan20460CE.NFO,07/01/2020,09:20:16,32,31.5,1500,32.2,1500,0,378000
TATASTEEL30Jan20460CE.NFO,07/01/2020,09:20:24,32,30.95,13500,32.15,6000,0,378000
TATASTEEL30Jan20460CE.NFO,07/01/2020,09:20:31,32,31.35,7500,32,1500,0,378000
TATASTEEL30Jan20460CE.NFO,07/01/2020,09:20:39,32,31.55,1500,32,1500,0,378000
TATASTEEL30Jan20460CE.NFO,07/01/2020,09:20:47,32,31.6,3000,32,1500,0,378000
TATASTEEL30Jan20460CE.NFO,07/01/2020,09:20:54,32,31.75,7500,32.5,1500,1500,379500
TATASTEEL30Jan20460CE.NFO,07/01/2020,09:21:02,32,31.45,1500,32.45,7500,0,379500
TATASTEEL30Jan20460CE.NFO,07/01/2020,09:21:11,32,31.55,4500,32.3,3000,0,379500
TATASTEEL30Jan20460CE.NFO,07/01/2020,09:21:19,32,32,3000,32.65,4500,0,379500
TATASTEEL30Jan20460CE.NFO,07/01/2020,09:21:26,32,32,1500,32.7,1500,0,379500
TATASTEEL30Jan20460CE.NFO,07/01/2020,09:21:33,32,31.65,7500,32.45,1500,0,379500
TATASTEEL30Jan20460CE.NFO,07/01/2020,09:21:41,32,31.7,9000,32.45,1500,0,379500
TATASTEEL30Jan20460CE.NFO,07/01/2020,09:21:49,32,31.8,1500,32.35,3000,0,379500
TATASTEEL30Jan20460CE.NFO,07/01/2020,09:21:57,32,31.75,1500,32.5,3000,0,379500
TATASTEEL30Jan20460CE.NFO,07/01/2020,09:22:05,32,31.75,4500,32.5,1500,0,379500
TATASTEEL30Jan20460CE.NFO,07/01/2020,09:22:14,32,31.6,3000,32.3,1500,0,379500
TATASTEEL30Jan20460CE.NFO,07/01/2020,09:22:22,32,31.65,1500,32.35,1500,0,379500
TATASTEEL30Jan20460CE.NFO,07/01/2020,09:22:29,32,31.7,7500,32.5,6000,0,379500
TATASTEEL30Jan20460CE.NFO,07/01/2020,09:22:36,32,31.75,1500,32.45,3000,0,379500
TATASTEEL30Jan20460CE.NFO,07/01/2020,09:22:43,32,31.75,1500,32.35,1500,0,379500
TATASTEEL30Jan20460CE.NFO,07/01/2020,09:22:58,32,32,1500,32.45,1500,0,379500
TATASTEEL30Jan20460CE.NFO,07/01/2020,09:23:05,32,32.05,1500,32.7,3000,0,379500
TATASTEEL30Jan20460CE.NFO,07/01/2020,09:23:13,32,32.05,6000,32.7,3000,0,379500
TATASTEEL30Jan20460CE.NFO,07/01/2020,09:23:20,32,32.15,1500,32.75,1500,0,379500
TATASTEEL30Jan20460CE.NFO,07/01/2020,09:23:26,32,32.25,1500,32.85,1500,0,379500
TATASTEEL30Jan20460CE.NFO,07/01/2020,09:23:32,32,32.35,1500,32.95,1500,0,379500
TATASTEEL30Jan20460CE.NFO,07/01/2020,09:23:39,32.35,31.3,19500,32.9,1500,1500,381000
TATASTEEL30Jan20460CE.NFO,07/01/2020,09:23:39,32.35,31.3,19500,32.9,1500,0,381000
TATASTEEL30Jan20460CE.NFO,07/01/2020,09:23:45,32.35,31.45,1500,32.35,6000,0,381000
TATASTEEL30Jan20460CE.NFO,07/01/2020,09:23:52,32.35,31.55,7500,32.2,1500,0,381000
TATASTEEL30Jan20460CE.NFO,07/01/2020,09:23:59,32.35,31.65,1500,32.35,1500,0,381000
TATASTEEL30Jan20460CE.NFO,07/01/2020,09:24:05,32.35,31.35,13500,32.25,1500,0,381000
TATASTEEL30Jan20460CE.NFO,07/01/2020,09:24:12,32.35,31.6,7500,32.35,1500,0,381000
TATASTEEL30Jan20460CE.NFO,07/01/2020,09:24:19,32.35,31.6,9000,32.4,10500,0,381000
TATASTEEL30Jan20460CE.NFO,07/01/2020,09:24:26,32.35,31.75,1500,32.35,1500,0,381000
TATASTEEL30Jan20460CE.NFO,07/01/2020,09:24:33,32.35,31.65,1500,32.35,1500,0,381000
TATASTEEL30Jan20460CE.NFO,07/01/2020,09:24:39,32.35,31.5,3000,32.25,1500,0,381000
TATASTEEL30Jan20460CE.NFO,07/01/2020,09:24:51,32.35,31.5,1500,32.1,3000,0,381000
TATASTEEL30Jan20460CE.NFO,07/01/2020,09:24:58,32.35,31.35,1500,31.95,1500,0,381000
TATASTEEL30Jan20460CE.NFO,07/01/2020,09:25:13,32.35,31.5,3000,32.1,1500,0,381000
TATASTEEL30Jan20460CE.NFO,07/01/2020,09:25:20,31.4,31.2,1500,32.1,1500,1500,381000
TATASTEEL30Jan20460CE.NFO,07/01/2020,09:25:27,31.4,31.3,1500,32,1500,0,381000
TATASTEEL30Jan20460CE.NFO,07/01/2020,09:25:33,31.4,31.25,1500,31.9,6000,0,381000
TATASTEEL30Jan20460CE.NFO,07/01/2020,09:25:41,31.4,31.15,6000,31.9,1500,0,381000
TATASTEEL30Jan20460CE.NFO,07/01/2020,09:25:50,31.4,31.3,1500,32.35,10500,0,381000
TATASTEEL30Jan20460CE.NFO,07/01/2020,09:26:04,31.1,30.75,1500,31.95,1500,1500,381000
TATASTEEL30Jan20460CE.NFO,07/01/2020,09:26:12,31.1,31,1500,31.7,1500,0,381000
TATASTEEL30Jan20460CE.NFO,07/01/2020,09:26:20,31.1,31,1500,31.65,3000,0,381000
TATASTEEL30Jan20460CE.NFO,07/01/2020,09:26:26,31.1,31.05,3000,31.65,3000,0,381000
TATASTEEL30Jan20460CE.NFO,07/01/2020,09:26:32,31.1,31.25,1500,31.95,1500,0,381000
TATASTEEL30Jan20460CE.NFO,07/01/2020,09:26:39,31.1,31.15,3000,31.85,6000,0,381000
TATASTEEL30Jan20460CE.NFO,07/01/2020,09:26:45,31.1,30.65,1500,31.65,4500,0,381000
TATASTEEL30Jan20460CE.NFO,07/01/2020,09:26:51,31.1,30.85,1500,31.5,3000,0,381000
TATASTEEL30Jan20460CE.NFO,07/01/2020,09:26:57,31.1,30.95,1500,31.6,3000,0,381000
TATASTEEL30Jan20460CE.NFO,07/01/2020,09:27:02,31.1,30.9,1500,31.6,3000,0,381000
TATASTEEL30Jan20460CE.NFO,07/01/2020,09:27:07,31.1,30.85,1500,31.45,3000,0,381000
TATASTEEL30Jan20460CE.NFO,07/01/2020,09:27:13,31.1,30.7,6000,31.55,1500,0,381000
TATASTEEL30Jan20460CE.NFO,07/01/2020,09:27:19,31.1,30.8,3000,31.4,3000,0,381000
TATASTEEL30Jan20460CE.NFO,07/01/2020,09:27:26,31.1,30.85,1500,31.5,3000,0,381000
TATASTEEL30Jan20460CE.NFO,07/01/2020,09:27:38,31.1,30.75,1500,31.4,3000,0,381000
TATASTEEL30Jan20460CE.NFO,07/01/2020,09:27:44,31.1,30.8,4500,31.4,3000,0,381000
TATASTEEL30Jan20460CE.NFO,07/01/2020,09:27:50,31.1,30.8,3000,31.4,3000,0,381000
TATASTEEL30Jan20460CE.NFO,07/01/2020,09:28:01,31.1,30.85,1500,31.95,4500,0,381000
TATASTEEL30Jan20460CE.NFO,07/01/2020,09:28:14,30.65,30.9,3000,31.6,3000,1500,379500
TATASTEEL30Jan20460CE.NFO,07/01/2020,09:28:14,30.65,30.9,3000,31.6,3000,0,379500
TATASTEEL30Jan20460CE.NFO,07/01/2020,09:28:20,30.65,31,1500,32.1,1500,0,379500
TATASTEEL30Jan20460CE.NFO,07/01/2020,09:28:26,30.65,31.15,3000,31.9,3000,0,379500
TATASTEEL30Jan20460CE.NFO,07/01/2020,09:28:33,30.65,31.2,1500,32.05,3000,0,379500
TATASTEEL30Jan20460CE.NFO,07/01/2020,09:28:39,30.65,31.25,1500,31.95,3000,0,379500
TATASTEEL30Jan20460CE.NFO,07/01/2020,09:28:44,30.65,31.5,1500,32.1,3000,0,379500
TATASTEEL30Jan20460CE.NFO,07/01/2020,09:28:50,30.65,31.55,1500,32,1500,0,379500
TATASTEEL30Jan20460CE.NFO,07/01/2020,09:28:56,30.65,31,4500,31.95,3000,0,379500
TATASTEEL30Jan20460CE.NFO,07/01/2020,09:29:01,30.65,31.1,4500,31.95,4500,0,379500
TATASTEEL30Jan20460CE.NFO,07/01/2020,09:29:08,30.65,31.5,1500,32,1500,0,379500
TATASTEEL30Jan20460CE.NFO,07/01/2020,09:29:14,30.65,31.7,3000,32,1500,0,379500
TATASTEEL30Jan20460CE.NFO,07/01/2020,09:29:20,30.65,31.7,1500,32,1500,0,379500
TATASTEEL30Jan20460CE.NFO,07/01/2020,09:29:26,30.65,31.5,1500,32,1500,0,379500
TATASTEEL30Jan20460CE.NFO,07/01/2020,09:29:33,30.65,31.45,1500,32,1500,0,379500
TATASTEEL30Jan20460CE.NFO,07/01/2020,09:29:39,30.65,31.55,1500,32,1500,0,379500
TATASTEEL30Jan20460CE.NFO,07/01/2020,09:29:45,30.65,31.7,1500,32,1500,0,379500
TATASTEEL30Jan20460CE.NFO,07/01/2020,09:29:51,30.65,31.75,3000,32,1500,0,379500
TATASTEEL30Jan20460CE.NFO,07/01/2020,09:29:56,30.65,31.7,3000,32,1500,0,379500
TATASTEEL30Jan20460CE.NFO,07/01/2020,09:30:01,30.65,31.7,1500,32,1500,0,379500
TATASTEEL30Jan20460CE.NFO,07/01/2020,09:30:07,32,32.05,7500,32.8,1500,1500,378000
TATASTEEL30Jan20460CE.NFO,07/01/2020,09:30:13,32,32,3000,32.7,1500,0,378000
TATASTEEL30Jan20460CE.NFO,07/01/2020,09:30:18,32,31.95,1500,32.6,1500,0,378000
TATASTEEL30Jan20460CE.NFO,07/01/2020,09:30:24,32,32.05,3000,32.7,1500,0,378000
TATASTEEL30Jan20460CE.NFO,07/01/2020,09:30:30,32.5,32.45,1500,33,1500,1500,378000
TATASTEEL30Jan20460CE.NFO,07/01/2020,09:30:30,32.5,32.45,1500,33,1500,0,378000
TATASTEEL30Jan20460CE.NFO,07/01/2020,09:30:35,32.5,32.5,3000,33,1500,0,378000
TATASTEEL30Jan20460CE.NFO,07/01/2020,09:30:40,32.5,32.05,3000,32.75,1500,0,378000
TATASTEEL30Jan20460CE.NFO,07/01/2020,09:30:46,32.5,32.15,1500,32.85,1500,0,378000
TATASTEEL30Jan20460CE.NFO,07/01/2020,09:30:51,32.5,32.15,3000,32.85,1500,0,378000
TATASTEEL30Jan20460CE.NFO,07/01/2020,09:30:56,32.5,32,3000,32.75,1500,0,378000
TATASTEEL30Jan20460CE.NFO,07/01/2020,09:31:01,32.5,32.3,3000,32.95,1500,0,378000
TATASTEEL30Jan20460CE.NFO,07/01/2020,09:31:06,32.5,32.6,1500,33,1500,0,378000
TATASTEEL30Jan20460CE.NFO,07/01/2020,09:31:12,32.5,32.55,1500,33,1500,0,378000
TATASTEEL30Jan20460CE.NFO,07/01/2020,09:31:19,32.5,32.4,3000,32.95,1500,0,378000
TATASTEEL30Jan20460CE.NFO,07/01/2020,09:31:24,32.5,32.2,1500,32.95,1500,0,378000
TATASTEEL30Jan20460CE.NFO,07/01/2020,09:31:30,32.5,32.25,3000,32.95,4500,0,378000
TATASTEEL30Jan20460CE.NFO,07/01/2020,09:31:41,32.5,32.35,3000,33,1500,0,378000
TATASTEEL30Jan20460CE.NFO,07/01/2020,09:31:47,32.5,32.55,1500,32.95,1500,0,378000
TATASTEEL30Jan20460CE.NFO,07/01/2020,09:31:58,33,32.65,4500,33.35,1500,3000,378000
TATASTEEL30Jan20460CE.NFO,07/01/2020,09:31:58,33,32.65,4500,33.35,1500,0,378000
TATASTEEL30Jan20460CE.NFO,07/01/2020,09:32:04,33,32.9,1500,33.4,1500,0,378000
TATASTEEL30Jan20460CE.NFO,07/01/2020,09:32:11,33,32.8,3000,33.4,1500,0,378000
TATASTEEL30Jan20460CE.NFO,07/01/2020,09:32:18,33,32.9,3000,33.45,1500,0,378000
TATASTEEL30Jan20460CE.NFO,07/01/2020,09:32:25,33,32.9,7500,33.5,1500,0,378000
TATASTEEL30Jan20460CE.NFO,07/01/2020,09:32:32,33,32.75,12000,33.45,1500,0,378000
TATASTEEL30Jan20460CE.NFO,07/01/2020,09:32:38,33,32.7,7500,33.45,4500,0,378000
TATASTEEL30Jan20460CE.NFO,07/01/2020,09:32:44,33,32.8,1500,33.45,4500,0,378000
TATASTEEL30Jan20460CE.NFO,07/01/2020,09:32:50,33,32.9,1500,33.45,4500,0,378000
TATASTEEL30Jan20460CE.NFO,07/01/2020,09:32:56,33,32.6,4500,33.3,3000,0,378000
TATASTEEL30Jan20460CE.NFO,07/01/2020,09:33:02,33,32.35,3000,33.05,1500,0,378000
TATASTEEL30Jan20460CE.NFO,07/01/2020,09:33:08,33,32.25,1500,32.85,1500,0,378000
TATASTEEL30Jan20460CE.NFO,07/01/2020,09:33:14,33,32.05,3000,32.75,1500,0,378000
TATASTEEL30Jan20460CE.NFO,07/01/2020,09:33:20,33,32.1,3000,32.65,1500,0,378000
TATASTEEL30Jan20460CE.NFO,07/01/2020,09:33:27,33,32.1,3000,32.85,1500,0,378000
TATASTEEL30Jan20460CE.NFO,07/01/2020,09:33:33,33,32.2,1500,32.75,1500,0,378000
TATASTEEL30Jan20460CE.NFO,07/01/2020,09:33:38,33,32.15,4500,32.8,3000,0,378000
TATASTEEL30Jan20460CE.NFO,07/01/2020,09:33:44,33,32.4,1500,32.85,1500,0,378000
TATASTEEL30Jan20460CE.NFO,07/01/2020,09:33:49,33,32.3,1500,32.85,1500,0,378000
TATASTEEL30Jan20460CE.NFO,07/01/2020,09:33:54,33,32.35,1500,32.95,4500,0,378000
TATASTEEL30Jan20460CE.NFO,07/01/2020,09:34:00,33,32.35,3000,32.8,3000,0,378000
TATASTEEL30Jan20460CE.NFO,07/01/2020,09:34:05,33,32.4,1500,32.9,3000,0,378000
TATASTEEL30Jan20460CE.NFO,07/01/2020,09:34:10,33,31.8,22500,32.75,1500,0,378000
TATASTEEL30Jan20460CE.NFO,07/01/2020,09:34:16,33,31.8,22500,32.7,3000,0,378000
TATASTEEL30Jan20460CE.NFO,07/01/2020,09:34:22,33,31.65,4500,32.35,1500,0,378000
TATASTEEL30Jan20460CE.NFO,07/01/2020,09:34:28,33,31.75,4500,32.4,1500,0,378000
TATASTEEL30Jan20460CE.NFO,07/01/2020,09:34:35,33,31.6,1500,32.15,3000,0,378000
TATASTEEL30Jan20460CE.NFO,07/01/2020,09:34:41,33,31.6,1500,32.05,3000,0,378000
TATASTEEL30Jan20460CE.NFO,07/01/2020,09:34:47,31.6,31.5,1500,32,4500,1500,382500
TATASTEEL30Jan20460CE.NFO,07/01/2020,09:34:53,31.6,31.55,3000,32.2,1500,0,382500
TATASTEEL30Jan20460CE.NFO,07/01/2020,09:34:58,31.6,31.6,7500,32.3,1500,0,382500
TATASTEEL30Jan20460CE.NFO,07/01/2020,09:35:03,31.6,31.5,1500,32.05,3000,0,382500
TATASTEEL30Jan20460CE.NFO,07/01/2020,09:35:09,31.6,31.5,1500,31.95,1500,0,382500
TATASTEEL30Jan20460CE.NFO,07/01/2020,09:35:14,31.5,31.1,1500,31.75,1500,1500,382500
TATASTEEL30Jan20460CE.NFO,07/01/2020,09:35:20,31.5,31.15,1500,31.75,4500,0,382500
TATASTEEL30Jan20460CE.NFO,07/01/2020,09:35:25,31.5,31.25,3000,31.85,3000,0,382500
TATASTEEL30Jan20460CE.NFO,07/01/2020,09:35:31,31.5,31.15,3000,31.8,1500,0,382500
TATASTEEL30Jan20460CE.NFO,07/01/2020,09:35:37,31.9,31.15,9000,32.3,1500,4500,381000
TATASTEEL30Jan20460CE.NFO,07/01/2020,09:35:45,31.9,31.1,1500,31.75,6000,0,381000
TATASTEEL30Jan20460CE.NFO,07/01/2020,09:35:53,31.9,31.1,1500,31.7,3000,0,381000
TATASTEEL30Jan20460CE.NFO,07/01/2020,09:36:00,31.9,31.1,1500,31.65,3000,0,381000
TATASTEEL30Jan20460CE.NFO,07/01/2020,09:36:07,31.9,31.1,1500,32.1,1500,0,381000
TATASTEEL30Jan20460CE.NFO,07/01/2020,09:36:13,31.9,31.1,1500,31.85,4500,0,381000
TATASTEEL30Jan20460CE.NFO,07/01/2020,09:36:19,31.9,31.1,1500,31.75,6000,0,381000
TATASTEEL30Jan20460CE.NFO,07/01/2020,09:36:25,31.9,31.15,1500,31.8,3000,0,381000
TATASTEEL30Jan20460CE.NFO,07/01/2020,09:36:31,31.9,31.1,1500,31.85,9000,0,381000
TATASTEEL30Jan20460CE.NFO,07/01/2020,09:36:36,31.9,31.25,1500,32,12000,0,381000
TATASTEEL30Jan20460CE.NFO,07/01/2020,09:36:41,31.9,31.35,1500,32,13500,0,381000
TATASTEEL30Jan20460CE.NFO,07/01/2020,09:36:47,31.9,31.25,1500,31.95,1500,0,381000
TATASTEEL30Jan20460CE.NFO,07/01/2020,09:36:52,31.9,31.35,1500,32,13500,0,381000
TATASTEEL30Jan20460CE.NFO,07/01/2020,09:36:58,31.9,31.3,1500,32,13500,0,381000
TATASTEEL30Jan20460CE.NFO,07/01/2020,09:37:03,31.9,31.25,1500,31.9,3000,0,381000
TATASTEEL30Jan20460CE.NFO,07/01/2020,09:37:09,31.9,31.25,1500,31.85,4500,0,381000
TATASTEEL30Jan20460CE.NFO,07/01/2020,09:37:14,31.9,31.2,1500,31.7,1500,0,381000
TATASTEEL30Jan20460CE.NFO,07/01/2020,09:37:19,31.9,31.2,1500,31.8,6000,0,381000
TATASTEEL30Jan20460CE.NFO,07/01/2020,09:37:24,31.9,31.25,1500,31.8,3000,0,381000
TATASTEEL30Jan20460CE.NFO,07/01/2020,09:37:29,31.9,31.2,1500,31.8,3000,0,381000
TATASTEEL30Jan20460CE.NFO,07/01/2020,09:37:45,31.9,31.2,1500,31.9,10500,0,381000
TATASTEEL30Jan20460CE.NFO,07/01/2020,09:37:50,31.9,31.2,1500,31.8,3000,0,381000
TATASTEEL30Jan20460CE.NFO,07/01/2020,09:37:54,31.9,31.2,1500,31.8,1500,0,381000
TATASTEEL30Jan20460CE.NFO,07/01/2020,09:38:04,31.9,31.35,1500,32,12000,0,381000
TATASTEEL30Jan20460CE.NFO,07/01/2020,09:38:09,31.9,31.35,1500,32,13500,0,381000
TATASTEEL30Jan20460CE.NFO,07/01/2020,09:38:15,31.9,31.4,1500,32,12000,0,381000
TATASTEEL30Jan20460CE.NFO,07/01/2020,09:38:38,31.9,31.45,3000,32,12000,0,381000
TATASTEEL30Jan20460CE.NFO,07/01/2020,09:38:48,31.9,31.55,3000,32,12000,0,381000
TATASTEEL30Jan20460CE.NFO,07/01/2020,09:38:53,31.9,31.4,1500,32,12000,0,381000
TATASTEEL30Jan20460CE.NFO,07/01/2020,09:38:58,31.9,31.6,3000,32,12000,0,381000
TATASTEEL30Jan20460CE.NFO,07/01/2020,09:39:03,31.9,31.5,4500,32,12000,0,381000
TATASTEEL30Jan20460CE.NFO,07/01/2020,09:39:09,31.9,31.65,1500,32,12000,0,381000
TATASTEEL30Jan20460CE.NFO,07/01/2020,09:39:14,31.9,31.45,3000,32,12000,0,381000
TATASTEEL30Jan20460CE.NFO,07/01/2020,09:39:19,31.9,31.6,1500,32,12000,0,381000
TATASTEEL30Jan20460CE.NFO,07/01/2020,09:39:24,32,31.75,3000,32,7500,4500,381000
TATASTEEL30Jan20460CE.NFO,07/01/2020,09:39:29,32,31.75,3000,32,4500,3000,381000
TATASTEEL30Jan20460CE.NFO,07/01/2020,09:39:34,32,31.6,7500,32,4500,0,381000
TATASTEEL30Jan20460CE.NFO,07/01/2020,09:39:45,32,31.55,3000,32,4500,0,381000
TATASTEEL30Jan20460CE.NFO,07/01/2020,09:39:51,32,31.65,1500,32,4500,0,381000
TATASTEEL30Jan20460CE.NFO,07/01/2020,09:40:01,32,31.7,1500,32,4500,0,381000
TATASTEEL30Jan20460CE.NFO,07/01/2020,09:40:07,32,31.75,3000,32,4500,0,381000
TATASTEEL30Jan20460CE.NFO,07/01/2020,09:40:13,32,31.8,1500,32,1500,3000,381000
TATASTEEL30Jan20460CE.NFO,07/01/2020,09:40:19,32,31.65,1500,32,1500,0,381000
TATASTEEL30Jan20460CE.NFO,07/01/2020,09:40:25,32,31.5,4500,32.15,1500,1500,381000
TATASTEEL30Jan20460CE.NFO,07/01/2020,09:40:30,32,31.45,1500,32.25,3000,0,381000
TATASTEEL30Jan20460CE.NFO,07/01/2020,09:40:36,32,31.6,1500,32.2,1500,0,381000
TATASTEEL30Jan20460CE.NFO,07/01/2020,09:40:42,32,31.55,1500,32.2,1500,0,381000
TATASTEEL30Jan20460CE.NFO,07/01/2020,09:40:47,32,31.45,3000,32.1,1500,0,381000
TATASTEEL30Jan20460CE.NFO,07/01/2020,09:40:53,32,31.45,3000,32.05,3000,0,381000
TATASTEEL30Jan20460CE.NFO,07/01/2020,09:40:58,32,31.4,1500,32.05,1500,0,381000
TATASTEEL30Jan20460CE.NFO,07/01/2020,09:41:04,32,31.45,1500,32.05,1500,0,381000
TATASTEEL30Jan20460CE.NFO,07/01/2020,09:41:10,32,31.55,3000,32.15,3000,0,381000
TATASTEEL30Jan20460CE.NFO,07/01/2020,09:41:14,32,31.5,1500,32.15,1500,0,381000
TATASTEEL30Jan20460CE.NFO,07/01/2020,09:41:19,32,31.4,1500,32.05,1500,0,381000
TATASTEEL30Jan20460CE.NFO,07/01/2020,09:41:25,32,31.4,1500,32.05,3000,0,381000
TATASTEEL30Jan20460CE.NFO,07/01/2020,09:41:30,32,31.4,1500,31.95,4500,0,381000
TATASTEEL30Jan20460CE.NFO,07/01/2020,09:41:35,32,31.45,1500,31.95,1500,0,381000
TATASTEEL30Jan20460CE.NFO,07/01/2020,09:41:40,32,31.4,1500,31.95,4500,0,381000
TATASTEEL30Jan20460CE.NFO,07/01/2020,09:41:45,32,31.4,1500,31.8,1500,0,381000
TATASTEEL30Jan20460CE.NFO,07/01/2020,09:41:50,32,31.4,1500,31.85,4500,0,381000
TATASTEEL30Jan20460CE.NFO,07/01/2020,09:41:57,31.4,31.05,1500,31.6,1500,1500,381000
TATASTEEL30Jan20460CE.NFO,07/01/2020,09:42:05,31.4,31,1500,31.55,3000,0,381000
TATASTEEL30Jan20460CE.NFO,07/01/2020,09:42:12,31.4,30.9,4500,31.55,1500,0,381000
TATASTEEL30Jan20460CE.NFO,07/01/2020,09:42:25,31.4,30.9,4500,31.6,1500,0,381000
TATASTEEL30Jan20460CE.NFO,07/01/2020,09:42:32,31.4,30.75,3000,31.45,1500,0,381000
TATASTEEL30Jan20460CE.NFO,07/01/2020,09:42:39,31.5,31.6,1500,32.4,1500,4500,381000
TATASTEEL30Jan20460CE.NFO,07/01/2020,09:42:46,31.5,31.35,1500,32.3,1500,0,381000
TATASTEEL30Jan20460CE.NFO,07/01/2020,09:42:53,31.5,31.55,1500,32.2,4500,0,381000
TATASTEEL30Jan20460CE.NFO,07/01/2020,09:42:59,31.5,31.5,1500,32.3,3000,0,381000
TATASTEEL30Jan20460CE.NFO,07/01/2020,09:43:05,31.5,31.5,1500,32.15,1500,0,381000
TATASTEEL30Jan20460CE.NFO,07/01/2020,09:43:15,31.5,31.35,1500,32.1,1500,0,381000
TATASTEEL30Jan20460CE.NFO,07/01/2020,09:43:20,31.5,31.4,1500,32,1500,0,381000
TATASTEEL30Jan20460CE.NFO,07/01/2020,09:43:25,31.5,31.5,3000,32.15,1500,0,381000
TATASTEEL30Jan20460CE.NFO,07/01/2020,09:43:31,31.5,31.4,6000,32.15,1500,0,381000
TATASTEEL30Jan20460CE.NFO,07/01/2020,09:43:35,31.5,31.4,1500,32.8,31500,0,381000
TATASTEEL30Jan20460CE.NFO,07/01/2020,09:43:41,31.5,31.45,1500,32.8,19500,0,381000
TATASTEEL30Jan20460CE.NFO,07/01/2020,09:43:46,31.5,31.35,1500,32.6,1500,0,381000
TATASTEEL30Jan20460CE.NFO,07/01/2020,09:43:51,31.5,31.35,1500,32.15,6000,0,381000
TATASTEEL30Jan20460CE.NFO,07/01/2020,09:43:57,31.5,31.35,1500,32.3,1500,0,381000
TATASTEEL30Jan20460CE.NFO,07/01/2020,09:44:02,31.5,31.4,1500,32.15,4500,0,381000
TATASTEEL30Jan20460CE.NFO,07/01/2020,09:44:08,31.5,31.55,1500,32.2,4500,0,381000
TATASTEEL30Jan20460CE.NFO,07/01/2020,09:44:14,31.5,31.6,1500,32.9,15000,0,381000
TATASTEEL30Jan20460CE.NFO,07/01/2020,09:44:20,31.5,31.45,6000,32.9,15000,0,381000
TATASTEEL30Jan20460CE.NFO,07/01/2020,09:44:25,31.5,31.55,1500,32.9,15000,0,381000
TATASTEEL30Jan20460CE.NFO,07/01/2020,09:44:30,31.5,31.6,4500,32.9,15000,0,381000
TATASTEEL30Jan20460CE.NFO,07/01/2020,09:44:35,31.5,31.6,3000,32.9,15000,0,381000
TATASTEEL30Jan20460CE.NFO,07/01/2020,09:44:40,31.5,31.6,1500,32.9,15000,0,381000
TATASTEEL30Jan20460CE.NFO,07/01/2020,09:44:45,31.5,31.45,1500,32.6,1500,0,381000
TATASTEEL30Jan20460CE.NFO,07/01/2020,09:44:50,31.5,31.45,1500,32.35,9000,0,381000
TATASTEEL30Jan20460CE.NFO,07/01/2020,09:44:55,31.5,31.45,1500,32.25,4500,0,381000
TATASTEEL30Jan20460CE.NFO,07/01/2020,09:45:00,31.5,31.45,1500,32.15,4500,0,381000
TATASTEEL30Jan20460CE.NFO,07/01/2020,09:45:06,31.5,31.45,1500,32.05,1500,0,381000
TATASTEEL30Jan20460CE.NFO,07/01/2020,09:45:13,31.5,31.5,1500,32.8,15000,0,381000
TATASTEEL30Jan20460CE.NFO,07/01/2020,09:45:33,31.5,31.6,1500,32.8,15000,0,381000
TATASTEEL30Jan20460CE.NFO,07/01/2020,09:45:37,31.5,31.65,1500,32.8,15000,0,381000
TATASTEEL30Jan20460CE.NFO,07/01/2020,09:45:43,31.5,31.5,1500,32.5,1500,0,381000
TATASTEEL30Jan20460CE.NFO,07/01/2020,09:45:49,31.5,31.5,1500,32.4,4500,0,381000
TATASTEEL30Jan20460CE.NFO,07/01/2020,09:45:54,31.5,31.65,3000,32.3,1500,0,381000
TATASTEEL30Jan20460CE.NFO,07/01/2020,09:46:00,31.5,31.55,1500,32.9,15000,0,381000
TATASTEEL30Jan20460CE.NFO,07/01/2020,09:46:05,31.5,31.7,1500,32.65,9000,0,381000
TATASTEEL30Jan20460CE.NFO,07/01/2020,09:46:11,31.5,31.6,1500,32.5,6000,0,381000
TATASTEEL30Jan20460CE.NFO,07/01/2020,09:46:16,31.5,31.6,1500,32.4,4500,0,381000
TATASTEEL30Jan20460CE.NFO,07/01/2020,09:46:21,31.5,31.65,1500,32.3,1500,0,381000
TATASTEEL30Jan20460CE.NFO,07/01/2020,09:46:26,31.5,31.45,13500,32.25,1500,0,381000
TATASTEEL30Jan20460CE.NFO,07/01/2020,09:46:32,31.5,31.45,13500,32.3,1500,0,381000
TATASTEEL30Jan20460CE.NFO,07/01/2020,09:46:39,31.5,31.65,1500,32.85,15000,0,381000
TATASTEEL30Jan20460CE.NFO,07/01/2020,09:46:44,31.5,31.75,1500,32.85,15000,0,381000
TATASTEEL30Jan20460CE.NFO,07/01/2020,09:46:50,31.5,31.55,4500,32.85,15000,0,381000
TATASTEEL30Jan20460CE.NFO,07/01/2020,09:47:05,31.5,31.65,1500,32.85,13500,0,381000
TATASTEEL30Jan20460CE.NFO,07/01/2020,09:47:10,31.5,31.8,1500,32.85,13500,0,381000
TATASTEEL30Jan20460CE.NFO,07/01/2020,09:47:15,31.5,31.85,1500,32.85,13500,0,381000
TATASTEEL30Jan20460CE.NFO,07/01/2020,09:47:19,31.5,31.9,1500,32.85,13500,0,381000
TATASTEEL30Jan20460CE.NFO,07/01/2020,09:47:34,31.5,31.7,3000,32.85,13500,0,381000
TATASTEEL30Jan20460CE.NFO,07/01/2020,09:47:37,31.5,31.85,1500,32.85,13500,0,381000
TATASTEEL30Jan20460CE.NFO,07/01/2020,09:47:42,31.5,31.75,1500,32.85,13500,0,381000
TATASTEEL30Jan20460CE.NFO,07/01/2020,09:47:56,31.5,31.5,1500,32.85,13500,0,381000
TATASTEEL30Jan20460CE.NFO,07/01/2020,09:48:01,31.5,31.6,1500,32.85,13500,0,381000
TATASTEEL30Jan20460CE.NFO,07/01/2020,09:48:10,31.5,31.7,1500,32.85,13500,0,381000
TATASTEEL30Jan20460CE.NFO,07/01/2020,09:48:20,31.5,31.8,1500,32.85,13500,0,381000
TATASTEEL30Jan20460CE.NFO,07/01/2020,09:48:31,31.5,31.65,1500,32.85,13500,0,381000
TATASTEEL30Jan20460CE.NFO,07/01/2020,09:48:36,31.5,31.75,1500,32.7,7500,0,381000
TATASTEEL30Jan20460CE.NFO,07/01/2020,09:48:42,31.5,31.75,1500,32.6,7500,0,381000
TATASTEEL30Jan20460CE.NFO,07/01/2020,09:48:49,31.5,31.75,1500,32.5,7500,0,381000
TATASTEEL30Jan20460CE.NFO,07/01/2020,09:48:55,31.5,31.6,1500,32.4,4500,0,381000
TATASTEEL30Jan20460CE.NFO,07/01/2020,09:49:01,31.5,31.6,1500,32.3,3000,0,381000
TATASTEEL30Jan20460CE.NFO,07/01/2020,09:49:07,31.5,31.6,1500,32.2,3000,0,381000
TATASTEEL30Jan20460CE.NFO,07/01/2020,09:49:13,31.5,31.75,1500,32.45,9000,0,381000
TATASTEEL30Jan20460CE.NFO,07/01/2020,09:49:18,31.5,31.5,1500,32.45,9000,0,381000
TATASTEEL30Jan20460CE.NFO,07/01/2020,09:49:24,31.5,31.5,1500,32.35,4500,0,381000
TATASTEEL30Jan20460CE.NFO,07/01/2020,09:49:30,31.5,31.35,1500,32.15,3000,0,381000
TATASTEEL30Jan20460CE.NFO,07/01/2020,09:49:36,31.5,31.35,1500,32.05,3000,0,381000
TATASTEEL30Jan20460CE.NFO,07/01/2020,09:49:46,31.5,31.35,1500,32.1,3000,0,381000
TATASTEEL30Jan20460CE.NFO,07/01/2020,09:49:51,31.5,31.45,1500,32.05,3000,0,381000
TATASTEEL30Jan20460CE.NFO,07/01/2020,09:50:01,31.5,31.45,1500,32.7,13500,0,381000
TATASTEEL30Jan20460CE.NFO,07/01/2020,09:50:06,31.5,31.45,1500,32.3,4500,0,381000
TATASTEEL30Jan20460CE.NFO,07/01/2020,09:50:11,31.5,31.45,1500,32.25,3000,0,381000
TATASTEEL30Jan20460CE.NFO,07/01/2020,09:50:16,31.5,31.45,1500,32.1,1500,0,381000
TATASTEEL30Jan20460CE.NFO,07/01/2020,09:50:39,31.5,31.45,1500,32.65,15000,0,381000
TATASTEEL30Jan20460CE.NFO,07/01/2020,09:50:44,31.5,31.3,1500,32.65,15000,0,381000
TATASTEEL30Jan20460CE.NFO,07/01/2020,09:50:49,31.5,31.4,1500,32.65,13500,0,381000
TATASTEEL30Jan20460CE.NFO,07/01/2020,09:50:54,31.5,31.45,1500,32.65,13500,0,381000
TATASTEEL30Jan20460CE.NFO,07/01/2020,09:50:58,31.5,31.35,1500,32.65,13500,0,381000
TATASTEEL30Jan20460CE.NFO,07/01/2020,09:51:03,31.5,31.35,1500,32.45,1500,0,381000
TATASTEEL30Jan20460CE.NFO,07/01/2020,09:51:09,31.5,31.35,1500,32.2,4500,0,381000
TATASTEEL30Jan20460CE.NFO,07/01/2020,09:51:14,31.5,31.35,1500,32.1,3000,0,381000
TATASTEEL30Jan20460CE.NFO,07/01/2020,09:51:22,31.5,31.35,1500,31.95,3000,0,381000
TATASTEEL30Jan20460CE.NFO,07/01/2020,09:51:27,31.5,31.35,1500,31.9,1500,0,381000
TATASTEEL30Jan20460CE.NFO,07/01/2020,09:51:31,31.5,31.35,1500,32.1,1500,0,381000
TATASTEEL30Jan20460CE.NFO,07/01/2020,09:51:35,31.5,31.35,1500,31.9,1500,0,381000
TATASTEEL30Jan20460CE.NFO,07/01/2020,09:51:39,31.5,31.35,1500,32,4500,0,381000
TATASTEEL30Jan20460CE.NFO,07/01/2020,09:51:44,31.5,31.45,1500,32,1500,0,381000
TATASTEEL30Jan20460CE.NFO,07/01/2020,09:51:54,31.5,31.45,1500,32.25,10500,0,381000
TATASTEEL30Jan20460CE.NFO,07/01/2020,09:52:09,31.5,31.45,1500,32.1,4500,0,381000
TATASTEEL30Jan20460CE.NFO,07/01/2020,09:52:14,31.5,31.45,1500,31.95,4500,0,381000
TATASTEEL30Jan20460CE.NFO,07/01/2020,09:52:19,31.5,31.3,1500,31.85,1500,0,381000
TATASTEEL30Jan20460CE.NFO,07/01/2020,09:52:30,31.5,31.3,1500,31.75,4500,0,381000
TATASTEEL30Jan20460CE.NFO,07/01/2020,09:52:35,31.5,31.3,1500,31.7,3000,0,381000
TATASTEEL30Jan20460CE.NFO,07/01/2020,09:52:53,31.5,31.3,1500,32.05,1500,0,381000
TATASTEEL30Jan20460CE.NFO,07/01/2020,09:52:57,31.5,31.3,1500,31.9,6000,0,381000
TATASTEEL30Jan20460CE.NFO,07/01/2020,09:53:02,31.3,30.85,1500,31.8,4500,1500,379500
TATASTEEL30Jan20460CE.NFO,07/01/2020,09:53:09,31.3,30.95,1500,31.6,4500,0,379500
TATASTEEL30Jan20460CE.NFO,07/01/2020,09:53:15,31.3,30.95,1500,31.6,3000,0,379500
TATASTEEL30Jan20460CE.NFO,07/01/2020,09:53:26,31.3,30.95,1500,31.5,1500,0,379500
TATASTEEL30Jan20460CE.NFO,07/01/2020,09:53:30,31.3,30.95,1500,31.55,4500,0,379500
TATASTEEL30Jan20460CE.NFO,07/01/2020,09:53:35,31.3,30.95,1500,31.5,1500,0,379500
TATASTEEL30Jan20460CE.NFO,07/01/2020,09:53:40,31.3,30.95,1500,31.6,1500,0,379500
TATASTEEL30Jan20460CE.NFO,07/01/2020,09:53:45,31.3,30.95,1500,31.75,4500,0,379500
TATASTEEL30Jan20460CE.NFO,07/01/2020,09:53:50,31.3,30.95,1500,31.6,4500,0,379500
TATASTEEL30Jan20460CE.NFO,07/01/2020,09:53:55,31.3,30.95,3000,31.55,1500,0,379500
TATASTEEL30Jan20460CE.NFO,07/01/2020,09:54:00,31.3,30.9,3000,32.25,16500,0,379500
TATASTEEL30Jan20460CE.NFO,07/01/2020,09:54:06,31.3,30.9,3000,31.75,1500,0,379500
TATASTEEL30Jan20460CE.NFO,07/01/2020,09:54:11,31.3,30.75,1500,31.45,4500,0,379500
TATASTEEL30Jan20460CE.NFO,07/01/2020,09:54:16,31.3,30.75,1500,31.95,15000,0,379500
TATASTEEL30Jan20460CE.NFO,07/01/2020,09:54:21,31.3,30.65,1500,31.5,9000,0,379500
TATASTEEL30Jan20460CE.NFO,07/01/2020,09:54:27,31.3,30.75,1500,31.4,3000,0,379500
TATASTEEL30Jan20460CE.NFO,07/01/2020,09:54:32,31.3,30.75,1500,32,15000,0,379500
TATASTEEL30Jan20460CE.NFO,07/01/2020,09:54:37,31.3,30.75,1500,31.55,4500,0,379500
TATASTEEL30Jan20460CE.NFO,07/01/2020,09:54:41,31.3,30.75,1500,31.45,4500,0,379500
TATASTEEL30Jan20460CE.NFO,07/01/2020,09:54:46,31.3,30.75,1500,31.4,4500,0,379500
TATASTEEL30Jan20460CE.NFO,07/01/2020,09:54:51,31.3,30.85,1500,31.6,7500,0,379500
TATASTEEL30Jan20460CE.NFO,07/01/2020,09:54:56,31.3,30.65,12000,31.85,4500,0,379500
TATASTEEL30Jan20460CE.NFO,07/01/2020,09:55:02,31.3,30.95,1500,31.7,3000,0,379500
TATASTEEL30Jan20460CE.NFO,07/01/2020,09:55:08,31.3,30.95,1500,31.55,1500,0,379500
TATASTEEL30Jan20460CE.NFO,07/01/2020,09:55:14,31.3,30.7,1500,31.45,4500,0,379500
TATASTEEL30Jan20460CE.NFO,07/01/2020,09:55:19,31.3,30.7,1500,31.3,1500,0,379500
TATASTEEL30Jan20460CE.NFO,07/01/2020,09:55:25,31.3,30.65,1500,31.5,1500,0,379500
TATASTEEL30Jan20460CE.NFO,07/01/2020,09:55:30,31.3,30.65,3000,31.3,3000,0,379500
TATASTEEL30Jan20460CE.NFO,07/01/2020,09:55:36,31.3,30.7,3000,31.35,1500,0,379500
TATASTEEL30Jan20460CE.NFO,07/01/2020,09:55:41,31.3,30.75,1500,32,15000,0,379500
TATASTEEL30Jan20460CE.NFO,07/01/2020,09:55:45,31.3,30.8,3000,32,15000,0,379500
TATASTEEL30Jan20460CE.NFO,07/01/2020,09:55:53,31.3,30.8,1500,31.7,1500,0,379500
TATASTEEL30Jan20460CE.NFO,07/01/2020,09:55:58,31.3,30.8,3000,31.4,3000,0,379500
TATASTEEL30Jan20460CE.NFO,07/01/2020,09:56:03,31.3,30.8,1500,31.35,4500,0,379500
TATASTEEL30Jan20460CE.NFO,07/01/2020,09:56:08,31.3,30.8,1500,31.3,6000,0,379500
TATASTEEL30Jan20460CE.NFO,07/01/2020,09:56:15,31.3,30.8,1500,31.6,1500,0,379500
TATASTEEL30Jan20460CE.NFO,07/01/2020,09:56:22,31.3,30.8,1500,31.35,4500,0,379500
TATASTEEL30Jan20460CE.NFO,07/01/2020,09:56:28,31.3,30.8,1500,31.55,1500,0,379500
TATASTEEL30Jan20460CE.NFO,07/01/2020,09:56:34,31.3,30.85,1500,31.4,4500,0,379500
TATASTEEL30Jan20460CE.NFO,07/01/2020,09:56:39,31.3,30.9,1500,31.3,1500,0,379500
TATASTEEL30Jan20460CE.NFO,07/01/2020,09:56:57,31.3,30.9,1500,31.35,3000,0,379500
TATASTEEL30Jan20460CE.NFO,07/01/2020,09:57:01,31.3,30.9,1500,31.35,4500,0,379500
TATASTEEL30Jan20460CE.NFO,07/01/2020,09:57:06,31.3,30.9,1500,31.3,1500,0,379500
TATASTEEL30Jan20460CE.NFO,07/01/2020,09:57:10,31.3,30.9,1500,31.35,3000,0,379500
TATASTEEL30Jan20460CE.NFO,07/01/2020,09:57:16,31.3,30.9,1500,31.6,9000,0,379500
TATASTEEL30Jan20460CE.NFO,07/01/2020,09:57:22,31.3,30.9,1500,31.45,3000,0,379500
TATASTEEL30Jan20460CE.NFO,07/01/2020,09:57:28,31.3,30.9,3000,31.45,3000,0,379500
TATASTEEL30Jan20460CE.NFO,07/01/2020,09:57:33,31.3,30.9,3000,31.5,1500,0,379500
TATASTEEL30Jan20460CE.NFO,07/01/2020,09:57:38,31.3,30.95,1500,31.65,1500,0,379500
TATASTEEL30Jan20460CE.NFO,07/01/2020,09:57:42,31.3,30.9,3000,31.5,4500,0,379500
TATASTEEL30Jan20460CE.NFO,07/01/2020,09:57:46,31.3,30.9,3000,31.4,1500,0,379500
TATASTEEL30Jan20460CE.NFO,07/01/2020,09:57:51,31.3,30.9,3000,31.5,6000,0,379500
TATASTEEL30Jan20460CE.NFO,07/01/2020,09:57:55,31.3,30.9,3000,31.45,4500,0,379500
TATASTEEL30Jan20460CE.NFO,07/01/2020,09:57:59,31.3,30.9,3000,31.35,3000,0,379500
TATASTEEL30Jan20460CE.NFO,07/01/2020,09:58:04,31.3,30.9,4500,31.55,4500,0,379500
TATASTEEL30Jan20460CE.NFO,07/01/2020,09:58:10,31.3,30.9,3000,31.45,4500,0,379500
TATASTEEL30Jan20460CE.NFO,07/01/2020,09:58:15,31.3,30.9,4500,31.55,9000,0,379500
TATASTEEL30Jan20460CE.NFO,07/01/2020,09:58:20,31.3,30.9,3000,31.5,1500,0,379500
TATASTEEL30Jan20460CE.NFO,07/01/2020,09:58:25,31.3,30.9,3000,31.4,1500,0,379500
TATASTEEL30Jan20460CE.NFO,07/01/2020,09:58:30,31.3,30.95,1500,31.65,10500,0,379500
TATASTEEL30Jan20460CE.NFO,07/01/2020,09:58:34,31.3,30.95,3000,31.55,4500,0,379500
TATASTEEL30Jan20460CE.NFO,07/01/2020,09:58:39,31.3,30.95,3000,31.5,1500,0,379500
TATASTEEL30Jan20460CE.NFO,07/01/2020,09:58:44,31.3,30.95,3000,31.5,3000,0,379500
TATASTEEL30Jan20460CE.NFO,07/01/2020,09:58:49,31.3,30.9,4500,31.45,4500,0,379500
TATASTEEL30Jan20460CE.NFO,07/01/2020,09:58:55,31.3,30.9,4500,31.55,6000,0,379500
TATASTEEL30Jan20460CE.NFO,07/01/2020,09:59:00,31.3,31,3000,31.6,4500,0,379500
TATASTEEL30Jan20460CE.NFO,07/01/2020,09:59:13,31.3,30.9,3000,31.45,1500,0,379500
TATASTEEL30Jan20460CE.NFO,07/01/2020,09:59:24,31.3,30.95,1500,31.85,15000,0,379500
TATASTEEL30Jan20460CE.NFO,07/01/2020,10:00:01,31.3,30.95,1500,31.5,1500,0,379500
TATASTEEL30Jan20460CE.NFO,07/01/2020,10:00:06,31.3,30.95,1500,31.4,1500,0,379500
TATASTEEL30Jan20460CE.NFO,07/01/2020,10:00:17,31.3,31,1500,31.4,1500,0,379500
TATASTEEL30Jan20460CE.NFO,07/01/2020,10:00:22,31.3,31,1500,31.45,1500,0,379500
TATASTEEL30Jan20460CE.NFO,07/01/2020,10:00:27,31.3,31,1500,31.35,1500,0,379500
TATASTEEL30Jan20460CE.NFO,07/01/2020,10:00:32,31.3,31,1500,31.25,1500,0,379500
TATASTEEL30Jan20460CE.NFO,07/01/2020,10:00:48,31,30.9,3000,31.4,4500,1500,378000
TATASTEEL30Jan20460CE.NFO,07/01/2020,10:00:55,31,30.9,3000,31.3,4500,0,378000
TATASTEEL30Jan20460CE.NFO,07/01/2020,10:01:01,30.9,30.9,1500,31.45,9000,1500,378000
TATASTEEL30Jan20460CE.NFO,07/01/2020,10:01:07,30.9,30.8,3000,31.35,4500,1500,378000
TATASTEEL30Jan20460CE.NFO,07/01/2020,10:01:13,30.15,30.05,7500,30.9,1500,3000,378000
TATASTEEL30Jan20460CE.NFO,07/01/2020,10:01:13,30.15,30.05,7500,30.9,1500,0,378000
TATASTEEL30Jan20460CE.NFO,07/01/2020,10:01:20,30.15,30.1,7500,30.8,1500,0,378000
TATASTEEL30Jan20460CE.NFO,07/01/2020,10:01:27,30.8,30.35,1500,30.95,1500,1500,378000
TATASTEEL30Jan20460CE.NFO,07/01/2020,10:01:32,30.8,30.25,1500,30.9,3000,0,378000
TATASTEEL30Jan20460CE.NFO,07/01/2020,10:01:37,30.8,30.25,1500,30.9,4500,0,378000
TATASTEEL30Jan20460CE.NFO,07/01/2020,10:01:43,30.8,30.1,4500,31,7500,0,378000
TATASTEEL30Jan20460CE.NFO,07/01/2020,10:01:49,30.8,30.15,3000,30.85,1500,0,378000
TATASTEEL30Jan20460CE.NFO,07/01/2020,10:02:01,30.8,30.2,1500,30.8,1500,0,378000
TATASTEEL30Jan20460CE.NFO,07/01/2020,10:02:07,30.8,30.2,1500,30.8,3000,0,378000
TATASTEEL30Jan20460CE.NFO,07/01/2020,10:02:12,30.8,30.15,1500,30.7,3000,0,378000
TATASTEEL30Jan20460CE.NFO,07/01/2020,10:02:17,30.8,30.15,1500,30.75,3000,0,378000
TATASTEEL30Jan20460CE.NFO,07/01/2020,10:02:22,30.8,30.15,1500,31.1,1500,0,378000
TATASTEEL30Jan20460CE.NFO,07/01/2020,10:02:27,30.8,30.15,1500,30.8,3000,0,378000
TATASTEEL30Jan20460CE.NFO,07/01/2020,10:02:32,30.8,30.25,1500,30.75,1500,0,378000
TATASTEEL30Jan20460CE.NFO,07/01/2020,10:02:37,30.8,30.25,1500,30.8,3000,0,378000
TATASTEEL30Jan20460CE.NFO,07/01/2020,10:02:42,30.8,30.2,4500,30.75,4500,0,378000
TATASTEEL30Jan20460CE.NFO,07/01/2020,10:02:52,30.8,30.25,1500,30.9,10500,0,378000
TATASTEEL30Jan20460CE.NFO,07/01/2020,10:02:58,30.8,30.3,1500,31.55,18000,0,378000
TATASTEEL30Jan20460CE.NFO,07/01/2020,10:03:03,30.8,30.3,1500,31.05,1500,0,378000
TATASTEEL30Jan20460CE.NFO,07/01/2020,10:03:09,30.8,30.25,1500,30.9,1500,0,378000
TATASTEEL30Jan20460CE.NFO,07/01/2020,10:03:15,30.8,30.15,9000,30.9,1500,0,378000
TATASTEEL30Jan20460CE.NFO,07/01/2020,10:03:20,30.8,30.25,1500,30.95,4500,0,378000
TATASTEEL30Jan20460CE.NFO,07/01/2020,10:03:26,30.8,30.15,1500,30.85,4500,0,378000
TATASTEEL30Jan20460CE.NFO,07/01/2020,10:03:32,30.8,30.15,1500,31.45,15000,0,378000
TATASTEEL30Jan20460CE.NFO,07/01/2020,10:03:37,30.8,30.25,1500,31.45,15000,0,378000
TATASTEEL30Jan20460CE.NFO,07/01/2020,10:03:41,30.8,30.15,1500,31.45,15000,0,378000
TATASTEEL30Jan20460CE.NFO,07/01/2020,10:03:47,30.8,30.1,4500,30.9,4500,0,378000
TATASTEEL30Jan20460CE.NFO,07/01/2020,10:03:53,30.8,30.25,1500,30.85,3000,0,378000
TATASTEEL30Jan20460CE.NFO,07/01/2020,10:04:04,30.8,30.2,3000,31.4,13500,0,378000
TATASTEEL30Jan20460CE.NFO,07/01/2020,10:04:10,30.8,30.2,1500,30.95,6000,0,378000
TATASTEEL30Jan20460CE.NFO,07/01/2020,10:04:15,30.8,30.15,1500,30.85,4500,0,378000
TATASTEEL30Jan20460CE.NFO,07/01/2020,10:04:20,30.8,30.1,3000,30.7,3000,0,378000
TATASTEEL30Jan20460CE.NFO,07/01/2020,10:04:30,30.8,30.05,1500,31,12000,0,378000
TATASTEEL30Jan20460CE.NFO,07/01/2020,10:04:35,30.8,30.15,1500,30.85,4500,0,378000
TATASTEEL30Jan20460CE.NFO,07/01/2020,10:04:40,30.8,30.05,1500,30.65,3000,0,378000
TATASTEEL30Jan20460CE.NFO,07/01/2020,10:04:46,30.8,30.05,1500,30.8,1500,0,378000
TATASTEEL30Jan20460CE.NFO,07/01/2020,10:04:51,30.8,30.05,1500,30.8,6000,0,378000
TATASTEEL30Jan20460CE.NFO,07/01/2020,10:04:56,30.8,30.05,1500,30.75,3000,0,378000
TATASTEEL30Jan20460CE.NFO,07/01/2020,10:05:01,30.8,30,3000,30.7,6000,0,378000
TATASTEEL30Jan20460CE.NFO,07/01/2020,10:05:07,30.8,30,1500,30.5,4500,0,378000
TATASTEEL30Jan20460CE.NFO,07/01/2020,10:05:12,30.8,30,1500,30.5,1500,0,378000
TATASTEEL30Jan20460CE.NFO,07/01/2020,10:05:17,30.8,30.05,1500,30.9,1500,0,378000
TATASTEEL30Jan20460CE.NFO,07/01/2020,10:05:21,30.8,30,3000,30.6,1500,0,378000
TATASTEEL30Jan20460CE.NFO,07/01/2020,10:05:26,30.8,30.05,1500,31.05,15000,0,378000
TATASTEEL30Jan20460CE.NFO,07/01/2020,10:05:45,30.8,30,3000,30.65,1500,0,378000
TATASTEEL30Jan20460CE.NFO,07/01/2020,10:05:51,30.8,30,1500,30.55,4500,0,378000
TATASTEEL30Jan20460CE.NFO,07/01/2020,10:05:56,30.8,30,1500,30.45,4500,0,378000
TATASTEEL30Jan20460CE.NFO,07/01/2020,10:06:02,30.8,30,3000,30.65,6000,0,378000
TATASTEEL30Jan20460CE.NFO,07/01/2020,10:06:08,30.8,30,1500,30.5,3000,0,378000
TATASTEEL30Jan20460CE.NFO,07/01/2020,10:06:14,30.8,30,3000,30.65,1500,0,378000
TATASTEEL30Jan20460CE.NFO,07/01/2020,10:06:20,30.8,30,3000,30.6,4500,0,378000
TATASTEEL30Jan20460CE.NFO,07/01/2020,10:06:26,30.8,30,1500,30.4,1500,0,378000
TATASTEEL30Jan20460CE.NFO,07/01/2020,10:06:37,30.8,30,1500,30.5,4500,0,378000
TATASTEEL30Jan20460CE.NFO,07/01/2020,10:06:42,30.8,30,1500,30.45,1500,0,378000
TATASTEEL30Jan20460CE.NFO,07/01/2020,10:06:52,30.8,30,1500,30.5,3000,0,378000
TATASTEEL30Jan20460CE.NFO,07/01/2020,10:06:57,30.8,30,1500,30.4,1500,0,378000
TATASTEEL30Jan20460CE.NFO,07/01/2020,10:07:02,30.8,30,3000,30.85,1500,0,378000
TATASTEEL30Jan20460CE.NFO,07/01/2020,10:07:07,30.8,30,3000,30.6,4500,0,378000
TATASTEEL30Jan20460CE.NFO,07/01/2020,10:07:12,30.8,30,3000,30.5,1500,0,378000
TATASTEEL30Jan20460CE.NFO,07/01/2020,10:07:18,30.8,30,1500,30.4,1500,0,378000
TATASTEEL30Jan20460CE.NFO,07/01/2020,10:07:24,30.8,30,3000,30.55,3000,0,378000
TATASTEEL30Jan20460CE.NFO,07/01/2020,10:07:30,30.8,30,1500,30.55,3000,0,378000
TATASTEEL30Jan20460CE.NFO,07/01/2020,10:07:36,30.8,30,1500,30.5,4500,0,378000
TATASTEEL30Jan20460CE.NFO,07/01/2020,10:07:42,30.8,30,1500,30.45,3000,0,378000
TATASTEEL30Jan20460CE.NFO,07/01/2020,10:07:48,30.8,30.05,1500,30.7,10500,0,378000
TATASTEEL30Jan20460CE.NFO,07/01/2020,10:07:54,30.8,30.05,1500,30.8,4500,0,378000
TATASTEEL30Jan20460CE.NFO,07/01/2020,10:08:00,30.8,30.15,1500,30.95,1500,0,378000
TATASTEEL30Jan20460CE.NFO,07/01/2020,10:08:05,30.8,30.4,4500,30.95,1500,0,378000
TATASTEEL30Jan20460CE.NFO,07/01/2020,10:08:09,30.8,30.4,4500,31,1500,0,378000
TATASTEEL30Jan20460CE.NFO,07/01/2020,10:08:14,30.8,30.35,1500,31,1500,0,378000
TATASTEEL30Jan20460CE.NFO,07/01/2020,10:08:20,30.8,30.4,1500,31.15,7500,0,378000
TATASTEEL30Jan20460CE.NFO,07/01/2020,10:08:26,30.8,30.5,1500,31.65,15000,0,378000
TATASTEEL30Jan20460CE.NFO,07/01/2020,10:08:32,30.8,30.65,1500,31.65,15000,0,378000
TATASTEEL30Jan20460CE.NFO,07/01/2020,10:08:45,30.8,30.6,1500,31.65,15000,0,378000
TATASTEEL30Jan20460CE.NFO,07/01/2020,10:08:51,30.8,30.8,1500,31.65,15000,0,378000
TATASTEEL30Jan20460CE.NFO,07/01/2020,10:09:07,30.8,30.55,7500,31.65,15000,0,378000
TATASTEEL30Jan20460CE.NFO,07/01/2020,10:09:12,30.8,30.8,1500,31.65,15000,0,378000
TATASTEEL30Jan20460CE.NFO,07/01/2020,10:09:23,30.8,30.75,1500,31.65,15000,0,378000
TATASTEEL30Jan20460CE.NFO,07/01/2020,10:09:29,30.8,30.55,3000,31.65,15000,0,378000
TATASTEEL30Jan20460CE.NFO,07/01/2020,10:09:34,30.8,30.7,1500,31.65,15000,0,378000
TATASTEEL30Jan20460CE.NFO,07/01/2020,10:09:44,30.8,30.6,1500,31.65,15000,0,378000
TATASTEEL30Jan20460CE.NFO,07/01/2020,10:09:49,30.8,30.65,1500,31.65,15000,0,378000
TATASTEEL30Jan20460CE.NFO,07/01/2020,10:09:54,30.8,30.75,1500,31.65,12000,0,378000
TATASTEEL30Jan20460CE.NFO,07/01/2020,10:10:00,30.8,30.8,7500,32,15000,0,378000
TATASTEEL30Jan20460CE.NFO,07/01/2020,10:10:07,30.8,30.9,1500,32,15000,0,378000
TATASTEEL30Jan20460CE.NFO,07/01/2020,10:10:14,30.8,31,1500,32,15000,0,378000
TATASTEEL30Jan20460CE.NFO,07/01/2020,10:10:19,30.8,30.75,9000,32,15000,0,378000
TATASTEEL30Jan20460CE.NFO,07/01/2020,10:10:25,30.8,30.85,7500,31.85,9000,0,378000
TATASTEEL30Jan20460CE.NFO,07/01/2020,10:10:29,30.8,30.95,4500,31.65,6000,0,378000
TATASTEEL30Jan20460CE.NFO,07/01/2020,10:10:34,30.8,30.95,1500,31.65,4500,0,378000
TATASTEEL30Jan20460CE.NFO,07/01/2020,10:10:39,30.8,31,1500,31.55,1500,0,378000
TATASTEEL30Jan20460CE.NFO,07/01/2020,10:10:44,30.8,31,1500,31.65,1500,0,378000
TATASTEEL30Jan20460CE.NFO,07/01/2020,10:10:49,30.8,30.75,1500,31.7,1500,0,378000
TATASTEEL30Jan20460CE.NFO,07/01/2020,10:10:54,30.8,30.85,9000,31.6,3000,0,378000
TATASTEEL30Jan20460CE.NFO,07/01/2020,10:10:58,30.8,30.95,3000,31.75,4500,0,378000
TATASTEEL30Jan20460CE.NFO,07/01/2020,10:11:03,30.8,31,3000,31.65,3000,0,378000
TATASTEEL30Jan20460CE.NFO,07/01/2020,10:11:07,30.8,30.85,7500,31.65,4500,0,378000
TATASTEEL30Jan20460CE.NFO,07/01/2020,10:11:13,30.8,30.95,3000,31.65,3000,0,378000
TATASTEEL30Jan20460CE.NFO,07/01/2020,10:11:29,30.8,30.9,3000,31.6,7500,0,378000
TATASTEEL30Jan20460CE.NFO,07/01/2020,10:11:34,30.8,31,3000,31.65,1500,0,378000
TATASTEEL30Jan20460CE.NFO,07/01/2020,10:11:40,30.8,30.95,4500,31.7,1500,0,378000
TATASTEEL30Jan20460CE.NFO,07/01/2020,10:11:52,30.8,30.9,4500,31.7,1500,0,378000
TATASTEEL30Jan20460CE.NFO,07/01/2020,10:11:58,30.8,31,4500,31.65,1500,0,378000
TATASTEEL30Jan20460CE.NFO,07/01/2020,10:12:04,30.8,31,7500,31.7,3000,0,378000
TATASTEEL30Jan20460CE.NFO,07/01/2020,10:12:10,30.8,31.1,3000,31.7,1500,0,378000
TATASTEEL30Jan20460CE.NFO,07/01/2020,10:12:26,30.8,31.05,3000,31.65,4500,0,378000
TATASTEEL30Jan20460CE.NFO,07/01/2020,10:12:31,30.8,31.05,1500,31.6,1500,0,378000
TATASTEEL30Jan20460CE.NFO,07/01/2020,10:12:37,30.8,30.95,3000,31.6,3000,0,378000
TATASTEEL30Jan20460CE.NFO,07/01/2020,10:12:42,30.8,30.9,1500,31.6,3000,0,378000
TATASTEEL30Jan20460CE.NFO,07/01/2020,10:12:47,30.8,30.9,1500,31.6,1500,0,378000
TATASTEEL30Jan20460CE.NFO,07/01/2020,10:12:58,30.8,30.9,1500,31.5,1500,0,378000
TATASTEEL30Jan20460CE.NFO,07/01/2020,10:13:04,30.8,30.35,10500,31.65,1500,0,378000
TATASTEEL30Jan20460CE.NFO,07/01/2020,10:13:10,30.8,30.7,1500,31.4,1500,0,378000
TATASTEEL30Jan20460CE.NFO,07/01/2020,10:13:16,30.8,30.7,1500,31.55,6000,0,378000
TATASTEEL30Jan20460CE.NFO,07/01/2020,10:13:22,30.8,30.7,4500,31.4,6000,0,378000
TATASTEEL30Jan20460CE.NFO,07/01/2020,10:13:29,30.8,30.7,4500,31.35,3000,0,378000
TATASTEEL30Jan20460CE.NFO,07/01/2020,10:13:35,30.8,30.7,4500,31.3,1500,0,378000
TATASTEEL30Jan20460CE.NFO,07/01/2020,10:13:40,30.8,30.8,1500,31.3,1500,0,378000
TATASTEEL30Jan20460CE.NFO,07/01/2020,10:13:45,30.8,30.75,1500,31.4,1500,0,378000
TATASTEEL30Jan20460CE.NFO,07/01/2020,10:13:51,30.8,31,1500,31.75,9000,0,378000
TATASTEEL30Jan20460CE.NFO,07/01/2020,10:13:57,30.8,30.95,3000,31.6,3000,0,378000
TATASTEEL30Jan20460CE.NFO,07/01/2020,10:14:08,30.8,30.95,3000,31.55,1500,0,378000
TATASTEEL30Jan20460CE.NFO,07/01/2020,10:14:13,30.8,30.95,3000,31.6,6000,0,378000
TATASTEEL30Jan20460CE.NFO,07/01/2020,10:14:19,30.8,30.95,1500,31.5,1500,0,378000
TATASTEEL30Jan20460CE.NFO,07/01/2020,10:14:25,30.8,30.95,3000,31.55,1500,0,378000
TATASTEEL30Jan20460CE.NFO,07/01/2020,10:14:31,30.8,31,1500,31.6,1500,0,378000
TATASTEEL30Jan20460CE.NFO,07/01/2020,10:14:42,30.8,30.95,3000,31.6,3000,0,378000
TATASTEEL30Jan20460CE.NFO,07/01/2020,10:14:48,30.8,30.85,3000,31.5,3000,0,378000
TATASTEEL30Jan20460CE.NFO,07/01/2020,10:14:53,30.8,30.9,1500,31.55,1500,0,378000
TATASTEEL30Jan20460CE.NFO,07/01/2020,10:14:59,30.8,30.9,1500,31.6,3000,0,378000
TATASTEEL30Jan20460CE.NFO,07/01/2020,10:15:05,30.8,30.9,1500,31.55,1500,0,378000
TATASTEEL30Jan20460CE.NFO,07/01/2020,10:15:15,30.8,30.95,3000,31.6,3000,0,378000
TATASTEEL30Jan20460CE.NFO,07/01/2020,10:15:26,30.8,31,1500,31.75,9000,0,378000
TATASTEEL30Jan20460CE.NFO,07/01/2020,10:15:30,30.8,30.9,1500,31.55,1500,0,378000
TATASTEEL30Jan20460CE.NFO,07/01/2020,10:15:37,30.8,30.95,3000,31.6,10500,0,378000
TATASTEEL30Jan20460CE.NFO,07/01/2020,10:15:47,30.8,30.8,1500,31.5,1500,0,378000
TATASTEEL30Jan20460CE.NFO,07/01/2020,10:15:53,30.8,30.5,7500,31.4,3000,0,378000
TATASTEEL30Jan20460CE.NFO,07/01/2020,10:15:59,30.8,30.7,1500,31.45,1500,0,378000
TATASTEEL30Jan20460CE.NFO,07/01/2020,10:16:04,30.8,30.8,1500,31.45,3000,0,378000
TATASTEEL30Jan20460CE.NFO,07/01/2020,10:16:08,30.8,30.8,1500,31.45,1500,0,378000
TATASTEEL30Jan20460CE.NFO,07/01/2020,10:16:17,30.8,30.85,4500,31.5,3000,0,378000
TATASTEEL30Jan20460CE.NFO,07/01/2020,10:16:21,30.8,30.8,1500,31.55,1500,0,378000
TATASTEEL30Jan20460CE.NFO,07/01/2020,10:16:25,30.8,30.6,6000,31.35,1500,0,378000
TATASTEEL30Jan20460CE.NFO,07/01/2020,10:16:31,30.8,30.75,1500,31.45,1500,0,378000
TATASTEEL30Jan20460CE.NFO,07/01/2020,10:16:41,30.8,30.7,6000,31.45,1500,0,378000
TATASTEEL30Jan20460CE.NFO,07/01/2020,10:16:46,30.8,30.75,1500,31.45,3000,0,378000
TATASTEEL30Jan20460CE.NFO,07/01/2020,10:16:51,30.8,30.75,1500,31.45,1500,0,378000
TATASTEEL30Jan20460CE.NFO,07/01/2020,10:16:56,30.8,30.8,3000,31.5,7500,0,378000
TATASTEEL30Jan20460CE.NFO,07/01/2020,10:17:01,30.8,30.8,3000,31.45,1500,0,378000
TATASTEEL30Jan20460CE.NFO,07/01/2020,10:17:07,30.8,30.9,1500,31.55,1500,0,378000
TATASTEEL30Jan20460CE.NFO,07/01/2020,10:17:13,30.8,30.9,1500,31.5,1500,0,378000
TATASTEEL30Jan20460CE.NFO,07/01/2020,10:17:18,30.8,30.9,1500,31.55,1500,0,378000
TATASTEEL30Jan20460CE.NFO,07/01/2020,10:17:23,30.8,30.9,3000,31.55,3000,0,378000
TATASTEEL30Jan20460CE.NFO,07/01/2020,10:17:28,30.8,30.85,3000,31.55,9000,0,378000
TATASTEEL30Jan20460CE.NFO,07/01/2020,10:17:33,30.8,30.75,7500,31.5,3000,0,378000
TATASTEEL30Jan20460CE.NFO,07/01/2020,10:17:38,30.8,30.75,7500,31.45,1500,0,378000
TATASTEEL30Jan20460CE.NFO,07/01/2020,10:17:43,30.8,30.9,1500,31.65,9000,0,378000
TATASTEEL30Jan20460CE.NFO,07/01/2020,10:17:51,30.8,30.95,3000,31.65,9000,0,378000
TATASTEEL30Jan20460CE.NFO,07/01/2020,10:17:55,30.8,30.9,1500,31.65,9000,0,378000
TATASTEEL30Jan20460CE.NFO,07/01/2020,10:18:19,30.8,30.8,1500,31.5,6000,0,378000
TATASTEEL30Jan20460CE.NFO,07/01/2020,10:18:22,30.8,30.75,4500,31.5,3000,0,378000
TATASTEEL30Jan20460CE.NFO,07/01/2020,10:18:39,30.8,30.75,4500,31.45,3000,0,378000
TATASTEEL30Jan20460CE.NFO,07/01/2020,10:18:45,30.8,30.75,3000,31.45,3000,0,378000
TATASTEEL30Jan20460CE.NFO,07/01/2020,10:18:50,30.8,30.9,1500,31.5,1500,0,378000
TATASTEEL30Jan20460CE.NFO,07/01/2020,10:18:55,30.8,30.55,12000,31.4,1500,0,378000
TATASTEEL30Jan20460CE.NFO,07/01/2020,10:18:59,30.8,30.75,4500,31.45,1500,0,378000
TATASTEEL30Jan20460CE.NFO,07/01/2020,10:19:03,30.8,30.8,1500,31.45,1500,0,378000
TATASTEEL30Jan20460CE.NFO,07/01/2020,10:19:11,30.8,30.7,1500,31.4,1500,0,378000
TATASTEEL30Jan20460CE.NFO,07/01/2020,10:19:16,30.8,30.7,1500,31.75,13500,0,378000
TATASTEEL30Jan20460CE.NFO,07/01/2020,10:19:21,30.8,30.8,1500,31.65,6000,0,378000
TATASTEEL30Jan20460CE.NFO,07/01/2020,10:19:26,30.8,30.8,1500,31.5,4500,0,378000
TATASTEEL30Jan20460CE.NFO,07/01/2020,10:19:34,30.8,30.8,1500,31.5,1500,0,378000
TATASTEEL30Jan20460CE.NFO,07/01/2020,10:19:38,30.8,30.9,1500,31.55,3000,0,378000
TATASTEEL30Jan20460CE.NFO,07/01/2020,10:19:43,30.8,30.85,1500,31.45,1500,0,378000
TATASTEEL30Jan20460CE.NFO,07/01/2020,10:19:48,30.8,30.9,4500,31.55,3000,0,378000
TATASTEEL30Jan20460CE.NFO,07/01/2020,10:19:53,30.8,30.95,1500,31.95,15000,0,378000
TATASTEEL30Jan20460CE.NFO,07/01/2020,10:19:59,30.8,31.1,1500,31.95,15000,0,378000
TATASTEEL30Jan20460CE.NFO,07/01/2020,10:20:04,30.8,31.1,1500,31.95,12000,0,378000
TATASTEEL30Jan20460CE.NFO,07/01/2020,10:20:09,30.8,31.35,3000,31.95,1500,0,378000
TATASTEEL30Jan20460CE.NFO,07/01/2020,10:20:14,30.8,31.55,4500,32,6000,0,378000
TATASTEEL30Jan20460CE.NFO,07/01/2020,10:20:19,30.8,31.5,3000,32,6000,0,378000
TATASTEEL30Jan20460CE.NFO,07/01/2020,10:20:28,30.8,31.4,1500,32,6000,0,378000
TATASTEEL30Jan20460CE.NFO,07/01/2020,10:20:32,30.8,31.6,3000,32,6000,0,378000
TATASTEEL30Jan20460CE.NFO,07/01/2020,10:20:40,30.8,31.6,1500,32,6000,0,378000
TATASTEEL30Jan20460CE.NFO,07/01/2020,10:20:45,30.8,31.3,1500,32,6000,0,378000
TATASTEEL30Jan20460CE.NFO,07/01/2020,10:20:49,30.8,31.45,1500,32,6000,0,378000
TATASTEEL30Jan20460CE.NFO,07/01/2020,10:20:53,30.8,31.45,3000,32,6000,0,378000
TATASTEEL30Jan20460CE.NFO,07/01/2020,10:20:57,30.8,31.55,3000,32,6000,0,378000
TATASTEEL30Jan20460CE.NFO,07/01/2020,10:21:02,30.8,31.65,1500,32,6000,0,378000
TATASTEEL30Jan20460CE.NFO,07/01/2020,10:21:07,30.8,31.7,1500,32,6000,0,378000
TATASTEEL30Jan20460CE.NFO,07/01/2020,10:21:12,30.8,31.6,6000,32,6000,0,378000
TATASTEEL30Jan20460CE.NFO,07/01/2020,10:21:21,30.8,31.6,1500,32,6000,0,378000
TATASTEEL30Jan20460CE.NFO,07/01/2020,10:21:31,30.8,31.6,4500,32,6000,0,378000
TATASTEEL30Jan20460CE.NFO,07/01/2020,10:21:41,30.8,31.65,3000,32,6000,0,378000
TATASTEEL30Jan20460CE.NFO,07/01/2020,10:22:07,30.8,31.5,3000,32,6000,0,378000
TATASTEEL30Jan20460CE.NFO,07/01/2020,10:22:13,30.8,31.45,3000,32,6000,0,378000
TATASTEEL30Jan20460CE.NFO,07/01/2020,10:22:17,30.8,31.45,4500,32,6000,0,378000
TATASTEEL30Jan20460CE.NFO,07/01/2020,10:22:22,30.8,31.55,3000,32,6000,0,378000
TATASTEEL30Jan20460CE.NFO,07/01/2020,10:22:26,30.8,31.4,3000,32,6000,0,378000
TATASTEEL30Jan20460CE.NFO,07/01/2020,10:22:30,30.8,31.45,3000,32,7500,0,378000
TATASTEEL30Jan20460CE.NFO,07/01/2020,10:22:35,30.8,31.35,3000,31.95,1500,0,378000
TATASTEEL30Jan20460CE.NFO,07/01/2020,10:22:39,30.8,31.1,4500,31.85,1500,0,378000
TATASTEEL30Jan20460CE.NFO,07/01/2020,10:22:45,30.8,30.85,7500,31.8,1500,0,378000
TATASTEEL30Jan20460CE.NFO,07/01/2020,10:22:52,30.8,31.05,4500,31.8,7500,0,378000
TATASTEEL30Jan20460CE.NFO,07/01/2020,10:22:57,30.8,31.05,4500,31.7,1500,0,378000
TATASTEEL30Jan20460CE.NFO,07/01/2020,10:23:02,30.8,31.15,4500,31.9,1500,0,378000
TATASTEEL30Jan20460CE.NFO,07/01/2020,10:23:08,30.8,31.2,1500,31.8,3000,0,378000
TATASTEEL30Jan20460CE.NFO,07/01/2020,10:23:13,30.8,31.25,1500,31.8,1500,0,378000
TATASTEEL30Jan20460CE.NFO,07/01/2020,10:23:18,30.8,31.05,10500,31.85,1500,0,378000
TATASTEEL30Jan20460CE.NFO,07/01/2020,10:23:22,30.8,31.05,10500,31.95,1500,0,378000
TATASTEEL30Jan20460CE.NFO,07/01/2020,10:23:27,30.8,31.25,3000,31.9,3000,0,378000
TATASTEEL30Jan20460CE.NFO,07/01/2020,10:23:37,30.8,31.25,1500,31.9,3000,0,378000
TATASTEEL30Jan20460CE.NFO,07/01/2020,10:23:42,30.8,31.1,4500,31.75,1500,0,378000
TATASTEEL30Jan20460CE.NFO,07/01/2020,10:23:47,30.8,31.15,9000,31.9,1500,0,378000
TATASTEEL30Jan20460CE.NFO,07/01/2020,10:23:52,30.8,31.3,1500,31.9,3000,0,378000
TATASTEEL30Jan20460CE.NFO,07/01/2020,10:24:02,30.8,31.35,3000,31.9,1500,0,378000
TATASTEEL30Jan20460CE.NFO,07/01/2020,10:24:07,30.8,31.4,3000,31.9,1500,0,378000
TATASTEEL30Jan20460CE.NFO,07/01/2020,10:24:12,30.8,31.05,3000,31.6,1500,0,378000
TATASTEEL30Jan20460CE.NFO,07/01/2020,10:24:21,30.8,31,3000,31.6,3000,0,378000
TATASTEEL30Jan20460CE.NFO,07/01/2020,10:24:25,30.8,31.05,4500,31.6,1500,0,378000
TATASTEEL30Jan20460CE.NFO,07/01/2020,10:24:29,30.8,31,3000,31.6,1500,0,378000
TATASTEEL30Jan20460CE.NFO,07/01/2020,10:24:52,30.8,31.05,3000,31.6,1500,0,378000
TATASTEEL30Jan20460CE.NFO,07/01/2020,10:24:56,30.8,31.05,1500,31.95,9000,0,378000
TATASTEEL30Jan20460CE.NFO,07/01/2020,10:25:01,30.8,31.05,1500,31.85,1500,0,378000
TATASTEEL30Jan20460CE.NFO,07/01/2020,10:25:05,30.8,31.1,1500,31.65,1500,0,378000
TATASTEEL30Jan20460CE.NFO,07/01/2020,10:25:16,30.8,31.15,1500,31.65,1500,0,378000
TATASTEEL30Jan20460CE.NFO,07/01/2020,10:25:21,30.8,31.05,3000,31.65,1500,0,378000
TATASTEEL30Jan20460CE.NFO,07/01/2020,10:25:33,30.8,31.05,3000,31.75,6000,0,378000
TATASTEEL30Jan20460CE.NFO,07/01/2020,10:25:37,30.8,31.05,3000,31.65,1500,0,378000
TATASTEEL30Jan20460CE.NFO,07/01/2020,10:25:52,30.8,31.05,3000,31.6,1500,0,378000
TATASTEEL30Jan20460CE.NFO,07/01/2020,10:25:57,30.8,31.05,3000,31.6,7500,0,378000
TATASTEEL30Jan20460CE.NFO,07/01/2020,10:26:02,30.8,31.05,3000,31.65,1500,0,378000
TATASTEEL30Jan20460CE.NFO,07/01/2020,10:26:06,30.8,31.05,3000,31.6,1500,0,378000
TATASTEEL30Jan20460CE.NFO,07/01/2020,10:26:11,30.8,31.05,3000,31.55,1500,0,378000
TATASTEEL30Jan20460CE.NFO,07/01/2020,10:26:16,30.8,31.05,3000,31.6,3000,0,378000
TATASTEEL30Jan20460CE.NFO,07/01/2020,10:26:24,30.8,31,1500,31.6,3000,0,378000
TATASTEEL30Jan20460CE.NFO,07/01/2020,10:26:28,30.8,31.05,3000,31.6,3000,0,378000
TATASTEEL30Jan20460CE.NFO,07/01/2020,10:26:34,30.8,31.05,3000,31.6,1500,0,378000
TATASTEEL30Jan20460CE.NFO,07/01/2020,10:26:38,30.8,31.05,3000,31.65,1500,0,378000
TATASTEEL30Jan20460CE.NFO,07/01/2020,10:26:47,30.8,31,1500,31.65,1500,0,378000
TATASTEEL30Jan20460CE.NFO,07/01/2020,10:26:51,30.8,31.05,3000,31.65,1500,0,378000
TATASTEEL30Jan20460CE.NFO,07/01/2020,10:27:00,30.8,31.05,3000,31.65,3000,0,378000
TATASTEEL30Jan20460CE.NFO,07/01/2020,10:27:04,30.8,31.05,1500,31.65,1500,0,378000
TATASTEEL30Jan20460CE.NFO,07/01/2020,10:27:09,30.8,31.1,1500,31.65,1500,0,378000
TATASTEEL30Jan20460CE.NFO,07/01/2020,10:27:13,30.8,31.05,1500,31.65,1500,0,378000
TATASTEEL30Jan20460CE.NFO,07/01/2020,10:27:21,30.8,31.05,1500,31.6,1500,0,378000
TATASTEEL30Jan20460CE.NFO,07/01/2020,10:27:25,30.8,31.05,6000,31.65,1500,0,378000
TATASTEEL30Jan20460CE.NFO,07/01/2020,10:27:29,30.8,31.15,1500,31.65,1500,0,378000
TATASTEEL30Jan20460CE.NFO,07/01/2020,10:27:33,30.8,31.1,1500,31.65,1500,0,378000
TATASTEEL30Jan20460CE.NFO,07/01/2020,10:27:36,30.8,31.15,3000,31.65,1500,0,378000
TATASTEEL30Jan20460CE.NFO,07/01/2020,10:27:41,30.8,31.1,4500,31.7,1500,0,378000
TATASTEEL30Jan20460CE.NFO,07/01/2020,10:27:46,30.8,31.25,3000,31.7,1500,0,378000
TATASTEEL30Jan20460CE.NFO,07/01/2020,10:27:50,30.8,31.1,6000,31.7,1500,0,378000
TATASTEEL30Jan20460CE.NFO,07/01/2020,10:27:59,30.8,31.1,3000,31.7,1500,0,378000
TATASTEEL30Jan20460CE.NFO,07/01/2020,10:28:07,30.8,31.2,3000,31.7,1500,0,378000
TATASTEEL30Jan20460CE.NFO,07/01/2020,10:28:11,30.8,31.1,4500,31.7,1500,0,378000
TATASTEEL30Jan20460CE.NFO,07/01/2020,10:28:21,30.8,31.2,3000,31.7,1500,0,378000
TATASTEEL30Jan20460CE.NFO,07/01/2020,10:28:25,30.8,31.1,7500,31.7,1500,0,378000
TATASTEEL30Jan20460CE.NFO,07/01/2020,10:28:30,30.8,31.2,4500,31.7,1500,0,378000
TATASTEEL30Jan20460CE.NFO,07/01/2020,10:28:38,30.8,31.2,6000,31.7,1500,0,378000
TATASTEEL30Jan20460CE.NFO,07/01/2020,10:28:42,30.8,31.3,4500,31.7,1500,0,378000
TATASTEEL30Jan20460CE.NFO,07/01/2020,10:28:48,30.8,31.3,3000,31.7,1500,0,378000
TATASTEEL30Jan20460CE.NFO,07/01/2020,10:28:51,30.8,31.3,1500,31.7,1500,0,378000
TATASTEEL30Jan20460CE.NFO,07/01/2020,10:28:55,31.7,31.35,1500,31.95,1500,1500,376500
TATASTEEL30Jan20460CE.NFO,07/01/2020,10:28:58,31.7,31.35,1500,31.95,1500,0,376500
TATASTEEL30Jan20460CE.NFO,07/01/2020,10:29:02,31.7,31.4,4500,31.95,1500,0,376500
TATASTEEL30Jan20460CE.NFO,07/01/2020,10:29:06,31.7,31.4,3000,31.95,1500,0,376500
TATASTEEL30Jan20460CE.NFO,07/01/2020,10:29:09,31.7,31.35,1500,31.95,1500,0,376500
TATASTEEL30Jan20460CE.NFO,07/01/2020,10:29:12,31.7,31.4,4500,31.95,1500,0,376500
TATASTEEL30Jan20460CE.NFO,07/01/2020,10:29:16,31.7,31.3,3000,31.95,1500,0,376500
TATASTEEL30Jan20460CE.NFO,07/01/2020,10:29:23,31.7,31.35,1500,31.95,3000,0,376500
TATASTEEL30Jan20460CE.NFO,07/01/2020,10:29:28,31.7,31.25,1500,31.95,4500,0,376500
TATASTEEL30Jan20460CE.NFO,07/01/2020,10:29:38,31.7,31.25,1500,31.85,1500,0,376500
TATASTEEL30Jan20460CE.NFO,07/01/2020,10:30:11,31.7,31.25,1500,31.95,4500,0,376500
TATASTEEL30Jan20460CE.NFO,07/01/2020,10:30:14,31.7,31.25,1500,31.85,1500,0,376500
TATASTEEL30Jan20460CE.NFO,07/01/2020,10:30:18,31.7,31.15,1500,31.75,1500,0,376500
TATASTEEL30Jan20460CE.NFO,07/01/2020,10:30:21,31.7,31.15,1500,31.8,1500,0,376500
TATASTEEL30Jan20460CE.NFO,07/01/2020,10:30:28,31.7,31.2,3000,31.75,1500,0,376500
TATASTEEL30Jan20460CE.NFO,07/01/2020,10:30:40,31.7,31.1,1500,31.7,1500,0,376500
TATASTEEL30Jan20460CE.NFO,07/01/2020,10:30:43,31.7,31.05,1500,31.6,1500,0,376500
TATASTEEL30Jan20460CE.NFO,07/01/2020,10:30:50,31.7,31,3000,31.6,1500,0,376500
TATASTEEL30Jan20460CE.NFO,07/01/2020,10:31:01,31.7,31.05,1500,31.65,1500,0,376500
TATASTEEL30Jan20460CE.NFO,07/01/2020,10:31:06,31.7,31.1,4500,31.65,1500,0,376500
TATASTEEL30Jan20460CE.NFO,07/01/2020,10:31:12,31.7,31.05,1500,31.7,1500,0,376500
TATASTEEL30Jan20460CE.NFO,07/01/2020,10:31:15,31.7,31.05,1500,31.65,4500,0,376500
TATASTEEL30Jan20460CE.NFO,07/01/2020,10:31:31,31.7,31,3000,31.55,1500,0,376500
TATASTEEL30Jan20460CE.NFO,07/01/2020,10:31:38,31.7,31,1500,31.55,1500,0,376500
TATASTEEL30Jan20460CE.NFO,07/01/2020,10:31:42,31.7,31,3000,31.55,4500,0,376500
TATASTEEL30Jan20460CE.NFO,07/01/2020,10:31:47,31.7,30.55,9000,31.6,4500,0,376500
TATASTEEL30Jan20460CE.NFO,07/01/2020,10:31:51,31.7,30.9,1500,31.5,4500,0,376500
TATASTEEL30Jan20460CE.NFO,07/01/2020,10:31:54,31.7,30.9,1500,31.8,10500,0,376500
TATASTEEL30Jan20460CE.NFO,07/01/2020,10:31:59,31.7,30.9,1500,31.45,1500,0,376500
TATASTEEL30Jan20460CE.NFO,07/01/2020,10:32:04,31.7,30.85,3000,31.7,10500,0,376500
TATASTEEL30Jan20460CE.NFO,07/01/2020,10:32:09,31.7,30.9,1500,31.45,3000,0,376500
TATASTEEL30Jan20460CE.NFO,07/01/2020,10:32:13,31.7,30.65,3000,31.4,1500,0,376500
TATASTEEL30Jan20460CE.NFO,07/01/2020,10:32:18,31.7,30.7,1500,31.45,7500,0,376500
TATASTEEL30Jan20460CE.NFO,07/01/2020,10:32:23,31.7,30.75,1500,31.35,1500,0,376500
TATASTEEL30Jan20460CE.NFO,07/01/2020,10:32:31,31.7,30.75,1500,31.4,6000,0,376500
TATASTEEL30Jan20460CE.NFO,07/01/2020,10:32:36,31.7,30.75,1500,31.35,1500,0,376500
TATASTEEL30Jan20460CE.NFO,07/01/2020,10:32:40,31.7,30.6,10500,31.3,1500,0,376500
TATASTEEL30Jan20460CE.NFO,07/01/2020,10:32:45,31.7,30.4,7500,31.45,4500,0,376500
TATASTEEL30Jan20460CE.NFO,07/01/2020,10:32:50,31.7,30.6,7500,31.4,3000,0,376500
TATASTEEL30Jan20460CE.NFO,07/01/2020,10:32:55,31.7,30.7,3000,31.35,4500,0,376500
TATASTEEL30Jan20460CE.NFO,07/01/2020,10:32:59,31.7,30.75,3000,31.35,1500,0,376500
TATASTEEL30Jan20460CE.NFO,07/01/2020,10:33:14,31.7,30.5,12000,31.35,1500,0,376500
TATASTEEL30Jan20460CE.NFO,07/01/2020,10:33:21,31.7,30.7,1500,31.35,1500,0,376500
TATASTEEL30Jan20460CE.NFO,07/01/2020,10:33:24,31.7,30.75,3000,31.6,10500,0,376500
TATASTEEL30Jan20460CE.NFO,07/01/2020,10:33:28,31.7,30.75,3000,31.45,3000,0,376500
TATASTEEL30Jan20460CE.NFO,07/01/2020,10:33:35,31.7,30.75,3000,31.35,1500,0,376500
TATASTEEL30Jan20460CE.NFO,07/01/2020,10:33:39,31.7,30.75,3000,31.4,3000,0,376500
TATASTEEL30Jan20460CE.NFO,07/01/2020,10:33:43,31.7,30.75,3000,31.45,1500,0,376500
TATASTEEL30Jan20460CE.NFO,07/01/2020,10:33:48,31.7,30.85,3000,31.45,1500,0,376500
TATASTEEL30Jan20460CE.NFO,07/01/2020,10:33:51,31.7,30.9,1500,31.55,3000,0,376500
TATASTEEL30Jan20460CE.NFO,07/01/2020,10:33:54,31.7,30.95,3000,31.55,3000,0,376500
TATASTEEL30Jan20460CE.NFO,07/01/2020,10:34:02,31.7,30.75,10500,31.5,6000,0,376500
TATASTEEL30Jan20460CE.NFO,07/01/2020,10:34:05,31.7,30.75,7500,31.5,4500,0,376500
TATASTEEL30Jan20460CE.NFO,07/01/2020,10:34:19,31.7,30.75,7500,31.45,3000,0,376500
TATASTEEL30Jan20460CE.NFO,07/01/2020,10:34:24,31.7,30.75,7500,31.5,4500,0,376500
TATASTEEL30Jan20460CE.NFO,07/01/2020,10:34:32,31.7,30.85,4500,31.45,1500,0,376500
TATASTEEL30Jan20460CE.NFO,07/01/2020,10:34:44,31.7,30.95,3000,31.95,15000,0,376500
TATASTEEL30Jan20460CE.NFO,07/01/2020,10:34:54,31.7,30.95,1500,31.95,15000,0,376500
TATASTEEL30Jan20460CE.NFO,07/01/2020,10:34:59,31.7,30.8,4500,31.95,15000,0,376500
TATASTEEL30Jan20460CE.NFO,07/01/2020,10:35:02,31.7,30.9,3000,31.95,15000,0,376500
TATASTEEL30Jan20460CE.NFO,07/01/2020,10:35:06,31.7,30.95,1500,31.95,15000,0,376500
TATASTEEL30Jan20460CE.NFO,07/01/2020,10:35:09,31.7,30.9,1500,31.95,15000,0,376500
TATASTEEL30Jan20460CE.NFO,07/01/2020,10:35:16,31.7,30.75,12000,31.95,15000,0,376500
TATASTEEL30Jan20460CE.NFO,07/01/2020,10:35:36,31.7,30.75,4500,31.95,15000,0,376500
TATASTEEL30Jan20460CE.NFO,07/01/2020,10:35:40,31.7,30.85,4500,31.95,15000,0,376500
TATASTEEL30Jan20460CE.NFO,07/01/2020,10:35:47,31.7,30.95,4500,31.95,15000,0,376500
TATASTEEL30Jan20460CE.NFO,07/01/2020,10:35:53,31.7,30.95,1500,31.95,15000,0,376500
TATASTEEL30Jan20460CE.NFO,07/01/2020,10:35:57,31.7,30.85,7500,31.95,15000,0,376500
TATASTEEL30Jan20460CE.NFO,07/01/2020,10:36:00,31.7,30.95,4500,31.95,15000,0,376500
TATASTEEL30Jan20460CE.NFO,07/01/2020,10:36:07,31.7,31.05,1500,31.95,15000,0,376500
TATASTEEL30Jan20460CE.NFO,07/01/2020,10:36:27,31.7,31,1500,31.95,15000,0,376500
TATASTEEL30Jan20460CE.NFO,07/01/2020,10:36:34,31.7,30.75,12000,31.95,15000,0,376500
TATASTEEL30Jan20460CE.NFO,07/01/2020,10:36:45,31.7,30.95,7500,31.95,7500,0,376500
TATASTEEL30Jan20460CE.NFO,07/01/2020,10:36:49,31.7,31.05,7500,31.95,7500,0,376500
TATASTEEL30Jan20460CE.NFO,07/01/2020,10:36:52,31.7,31.15,4500,31.95,7500,0,376500
TATASTEEL30Jan20460CE.NFO,07/01/2020,10:37:03,31.7,30.95,7500,31.85,3000,0,376500
TATASTEEL30Jan20460CE.NFO,07/01/2020,10:37:08,31.7,30.95,4500,31.8,4500,0,376500
TATASTEEL30Jan20460CE.NFO,07/01/2020,10:37:14,31.7,30.95,4500,31.8,1500,0,376500
TATASTEEL30Jan20460CE.NFO,07/01/2020,10:37:24,31.7,30.95,4500,31.7,1500,0,376500
TATASTEEL30Jan20460CE.NFO,07/01/2020,10:37:29,31.7,31.15,4500,31.95,12000,0,376500
TATASTEEL30Jan20460CE.NFO,07/01/2020,10:37:35,31.7,31.05,3000,31.8,4500,0,376500
TATASTEEL30Jan20460CE.NFO,07/01/2020,10:37:39,31.7,31.05,3000,31.85,10500,0,376500
TATASTEEL30Jan20460CE.NFO,07/01/2020,10:37:44,31.7,30.85,9000,31.7,4500,0,376500
TATASTEEL30Jan20460CE.NFO,07/01/2020,10:37:48,31.7,30.85,9000,31.6,4500,0,376500
TATASTEEL30Jan20460CE.NFO,07/01/2020,10:37:51,31.7,30.85,3000,31.55,3000,0,376500
TATASTEEL30Jan20460CE.NFO,07/01/2020,10:37:54,31.7,30.9,3000,31.95,15000,0,376500
TATASTEEL30Jan20460CE.NFO,07/01/2020,10:37:58,31.7,31,3000,31.95,15000,0,376500
TATASTEEL30Jan20460CE.NFO,07/01/2020,10:38:05,31.7,30.75,10500,31.95,15000,0,376500
TATASTEEL30Jan20460CE.NFO,07/01/2020,10:38:24,31.7,30.85,4500,31.95,15000,0,376500
TATASTEEL30Jan20460CE.NFO,07/01/2020,10:38:27,31.7,30.85,1500,31.95,15000,0,376500
TATASTEEL30Jan20460CE.NFO,07/01/2020,10:38:39,31.7,30.9,3000,31.95,15000,0,376500
TATASTEEL30Jan20460CE.NFO,07/01/2020,10:38:41,31.7,30.95,1500,31.95,15000,0,376500
TATASTEEL30Jan20460CE.NFO,07/01/2020,10:38:51,31.7,30.9,4500,31.95,15000,0,376500
TATASTEEL30Jan20460CE.NFO,07/01/2020,10:38:54,31.7,30.9,3000,31.95,15000,0,376500
TATASTEEL30Jan20460CE.NFO,07/01/2020,10:38:58,31.7,30.95,1500,31.95,15000,0,376500
TATASTEEL30Jan20460CE.NFO,07/01/2020,10:39:10,31.7,30.85,1500,31.95,15000,0,376500
TATASTEEL30Jan20460CE.NFO,07/01/2020,10:39:27,31.7,30.95,1500,31.95,15000,0,376500
TATASTEEL30Jan20460CE.NFO,07/01/2020,10:39:37,31.7,30.8,4500,31.95,15000,0,376500
TATASTEEL30Jan20460CE.NFO,07/01/2020,10:39:40,31.7,30.8,1500,31.95,15000,0,376500
TATASTEEL30Jan20460CE.NFO,07/01/2020,10:39:44,31.7,30.85,1500,31.95,15000,0,376500
TATASTEEL30Jan20460CE.NFO,07/01/2020,10:39:51,31.7,30.8,4500,31.95,15000,0,376500
TATASTEEL30Jan20460CE.NFO,07/01/2020,10:39:53,31.7,30.95,1500,31.95,15000,0,376500
TATASTEEL30Jan20460CE.NFO,07/01/2020,10:39:56,31.7,30.75,1500,31.95,15000,0,376500
TATASTEEL30Jan20460CE.NFO,07/01/2020,10:40:00,31.7,30.75,1500,31.75,1500,0,376500
TATASTEEL30Jan20460CE.NFO,07/01/2020,10:40:05,31.7,30.75,1500,31.55,6000,0,376500
TATASTEEL30Jan20460CE.NFO,07/01/2020,10:40:11,31.7,30.75,1500,31.45,3000,0,376500
TATASTEEL30Jan20460CE.NFO,07/01/2020,10:40:16,31.7,30.75,1500,31.4,3000,0,376500
TATASTEEL30Jan20460CE.NFO,07/01/2020,10:40:28,31.7,30.8,3000,31.95,15000,0,376500
TATASTEEL30Jan20460CE.NFO,07/01/2020,10:40:32,31.7,30.9,1500,31.95,15000,0,376500
TATASTEEL30Jan20460CE.NFO,07/01/2020,10:40:39,31.7,30.85,1500,31.95,15000,0,376500
TATASTEEL30Jan20460CE.NFO,07/01/2020,10:40:43,31.7,30.9,1500,31.95,15000,0,376500
TATASTEEL30Jan20460CE.NFO,07/01/2020,10:40:47,31.7,31,1500,31.95,15000,0,376500
TATASTEEL30Jan20460CE.NFO,07/01/2020,10:40:52,31.7,30.95,1500,31.95,15000,0,376500
TATASTEEL30Jan20460CE.NFO,07/01/2020,10:40:56,31.7,30.95,7500,31.95,15000,0,376500
TATASTEEL30Jan20460CE.NFO,07/01/2020,10:40:59,31.7,31.05,3000,31.95,15000,0,376500
TATASTEEL30Jan20460CE.NFO,07/01/2020,10:41:02,31.7,31.1,1500,31.95,12000,0,376500
TATASTEEL30Jan20460CE.NFO,07/01/2020,10:41:09,31.7,31,1500,31.95,12000,0,376500
TATASTEEL30Jan20460CE.NFO,07/01/2020,10:41:27,31.7,31.15,1500,31.95,7500,0,376500
TATASTEEL30Jan20460CE.NFO,07/01/2020,10:41:33,31.7,31.05,1500,31.85,4500,0,376500
TATASTEEL30Jan20460CE.NFO,07/01/2020,10:41:38,31.7,31.05,1500,31.75,1500,0,376500
TATASTEEL30Jan20460CE.NFO,07/01/2020,10:41:41,31.7,31.15,1500,31.8,1500,0,376500
TATASTEEL30Jan20460CE.NFO,07/01/2020,10:41:49,31.7,31.05,3000,31.8,1500,0,376500
TATASTEEL30Jan20460CE.NFO,07/01/2020,10:41:56,31.7,31.1,1500,31.8,1500,0,376500
TATASTEEL30Jan20460CE.NFO,07/01/2020,10:42:00,31.7,31.05,1500,31.8,1500,0,376500
TATASTEEL30Jan20460CE.NFO,07/01/2020,10:42:05,31.7,31.2,1500,31.8,1500,0,376500
TATASTEEL30Jan20460CE.NFO,07/01/2020,10:42:09,31.7,31.2,3000,31.95,7500,0,376500
TATASTEEL30Jan20460CE.NFO,07/01/2020,10:42:32,31.7,31.2,1500,31.95,7500,0,376500
TATASTEEL30Jan20460CE.NFO,07/01/2020,10:42:35,31.7,31.2,3000,31.95,7500,0,376500
TATASTEEL30Jan20460CE.NFO,07/01/2020,10:42:38,31.7,31.2,1500,31.85,1500,0,376500
TATASTEEL30Jan20460CE.NFO,07/01/2020,10:42:55,31.7,31.1,1500,31.85,1500,0,376500
TATASTEEL30Jan20460CE.NFO,07/01/2020,10:42:57,31.7,31.15,4500,31.85,1500,0,376500
TATASTEEL30Jan20460CE.NFO,07/01/2020,10:43:05,31.7,31.1,1500,31.8,1500,0,376500
TATASTEEL30Jan20460CE.NFO,07/01/2020,10:43:08,31.7,31.15,4500,31.8,1500,0,376500
TATASTEEL30Jan20460CE.NFO,07/01/2020,10:43:14,31.7,31.05,3000,31.8,1500,0,376500
TATASTEEL30Jan20460CE.NFO,07/01/2020,10:43:18,31.7,31.1,1500,31.8,1500,0,376500
TATASTEEL30Jan20460CE.NFO,07/01/2020,10:43:24,31.7,31.1,1500,31.95,12000,0,376500
TATASTEEL30Jan20460CE.NFO,07/01/2020,10:43:51,31.7,31.05,1500,31.7,4500,0,376500
TATASTEEL30Jan20460CE.NFO,07/01/2020,10:43:54,31.7,31.05,1500,31.6,1500,0,376500
TATASTEEL30Jan20460CE.NFO,07/01/2020,10:43:57,31.7,31,3000,31.65,1500,0,376500
TATASTEEL30Jan20460CE.NFO,07/01/2020,10:44:00,31.7,31,4500,31.65,1500,0,376500
TATASTEEL30Jan20460CE.NFO,07/01/2020,10:44:05,31.7,31,3000,31.6,3000,0,376500
TATASTEEL30Jan20460CE.NFO,07/01/2020,10:44:08,31.7,30.9,4500,31.6,3000,0,376500
TATASTEEL30Jan20460CE.NFO,07/01/2020,10:44:12,31.7,30.9,4500,31.55,1500,0,376500
TATASTEEL30Jan20460CE.NFO,07/01/2020,10:44:21,31.7,31.05,4500,31.65,4500,0,376500
TATASTEEL30Jan20460CE.NFO,07/01/2020,10:44:27,31.7,31.05,4500,31.65,1500,0,376500
TATASTEEL30Jan20460CE.NFO,07/01/2020,10:44:29,31.7,30.9,4500,31.65,1500,0,376500
TATASTEEL30Jan20460CE.NFO,07/01/2020,10:44:35,31.7,31,1500,31.65,1500,0,376500
TATASTEEL30Jan20460CE.NFO,07/01/2020,10:44:38,31.7,31,4500,31.65,1500,0,376500
TATASTEEL30Jan20460CE.NFO,07/01/2020,10:45:01,31.7,30.8,3000,31.4,1500,0,376500
TATASTEEL30Jan20460CE.NFO,07/01/2020,10:45:17,31.7,30.8,4500,31.55,3000,0,376500
TATASTEEL30Jan20460CE.NFO,07/01/2020,10:45:21,31.7,30.8,3000,31.55,3000,0,376500
TATASTEEL30Jan20460CE.NFO,07/01/2020,10:45:25,31.7,30.75,1500,31.45,4500,0,376500
TATASTEEL30Jan20460CE.NFO,07/01/2020,10:45:29,31.7,30.8,1500,31.45,4500,0,376500
TATASTEEL30Jan20460CE.NFO,07/01/2020,10:45:50,31.7,30.9,1500,31.55,3000,0,376500
TATASTEEL30Jan20460CE.NFO,07/01/2020,10:45:54,31.7,30.9,1500,31.6,1500,0,376500
TATASTEEL30Jan20460CE.NFO,07/01/2020,10:45:58,31.7,31,1500,31.75,9000,0,376500
TATASTEEL30Jan20460CE.NFO,07/01/2020,10:46:02,31.7,30.8,10500,31.65,4500,0,376500
TATASTEEL30Jan20460CE.NFO,07/01/2020,10:46:09,31.7,30.8,10500,31.55,1500,0,376500
TATASTEEL30Jan20460CE.NFO,07/01/2020,10:46:12,31.7,30.8,4500,31.55,1500,0,376500
TATASTEEL30Jan20460CE.NFO,07/01/2020,10:46:19,31.7,30.8,4500,31.6,1500,0,376500
TATASTEEL30Jan20460CE.NFO,07/01/2020,10:46:22,31.7,30.9,4500,31.65,3000,0,376500
TATASTEEL30Jan20460CE.NFO,07/01/2020,10:46:26,31.7,31,4500,31.65,3000,0,376500
TATASTEEL30Jan20460CE.NFO,07/01/2020,10:46:29,31.7,31,1500,31.65,3000,0,376500
TATASTEEL30Jan20460CE.NFO,07/01/2020,10:46:40,31.7,30.8,12000,31.6,1500,0,376500
TATASTEEL30Jan20460CE.NFO,07/01/2020,10:46:43,31.7,30.8,12000,31.65,3000,0,376500
TATASTEEL30Jan20460CE.NFO,07/01/2020,10:46:48,31.7,30.8,12000,31.6,3000,0,376500
TATASTEEL30Jan20460CE.NFO,07/01/2020,10:46:54,31.7,30.8,10500,31.55,1500,0,376500
TATASTEEL30Jan20460CE.NFO,07/01/2020,10:47:12,31.7,30.9,4500,31.55,1500,0,376500
TATASTEEL30Jan20460CE.NFO,07/01/2020,10:47:16,31.7,31.1,1500,31.8,9000,0,376500
TATASTEEL30Jan20460CE.NFO,07/01/2020,10:47:26,31.7,31.15,1500,31.8,1500,0,376500
TATASTEEL30Jan20460CE.NFO,07/01/2020,10:47:30,31.7,31.25,1500,31.8,1500,0,376500
TATASTEEL30Jan20460CE.NFO,07/01/2020,10:47:34,31.7,31.05,7500,31.8,1500,0,376500
TATASTEEL30Jan20460CE.NFO,07/01/2020,10:47:38,31.7,31.15,7500,31.95,9000,0,376500
TATASTEEL30Jan20460CE.NFO,07/01/2020,10:47:41,31.7,31.2,1500,31.95,1500,0,376500
TATASTEEL30Jan20460CE.NFO,07/01/2020,10:47:45,31.7,31.25,7500,31.95,1500,0,376500
TATASTEEL30Jan20460CE.NFO,07/01/2020,10:47:52,31.7,31.25,7500,32,6000,0,376500
TATASTEEL30Jan20460CE.NFO,07/01/2020,10:47:56,31.7,31.45,3000,32,6000,0,376500
TATASTEEL30Jan20460CE.NFO,07/01/2020,10:48:00,31.7,31.55,3000,32,6000,0,376500
TATASTEEL30Jan20460CE.NFO,07/01/2020,10:48:04,31.7,31.7,3000,32,6000,0,376500
TATASTEEL30Jan20460CE.NFO,07/01/2020,10:48:08,32,31.65,4500,32,3000,3000,376500
TATASTEEL30Jan20460CE.NFO,07/01/2020,10:48:13,32,31.6,4500,32,3000,0,376500
TATASTEEL30Jan20460CE.NFO,07/01/2020,10:48:33,32,31.4,3000,32,3000,0,376500
TATASTEEL30Jan20460CE.NFO,07/01/2020,10:48:39,32,31.15,12000,31.95,1500,0,376500
TATASTEEL30Jan20460CE.NFO,07/01/2020,10:48:44,32,31.15,12000,32,3000,0,376500
TATASTEEL30Jan20460CE.NFO,07/01/2020,10:48:51,32,31.3,4500,32,3000,0,376500
TATASTEEL30Jan20460CE.NFO,07/01/2020,10:48:55,32,31.45,3000,32,3000,0,376500
TATASTEEL30Jan20460CE.NFO,07/01/2020,10:48:59,32,31.45,1500,31.95,1500,0,376500
TATASTEEL30Jan20460CE.NFO,07/01/2020,10:49:03,32,31.4,3000,31.95,1500,0,376500
TATASTEEL30Jan20460CE.NFO,07/01/2020,10:49:09,32,31.5,3000,31.95,1500,0,376500
TATASTEEL30Jan20460CE.NFO,07/01/2020,10:49:13,32,31.2,4500,31.95,1500,0,376500
TATASTEEL30Jan20460CE.NFO,07/01/2020,10:49:17,32,31.4,3000,31.95,1500,0,376500
TATASTEEL30Jan20460CE.NFO,07/01/2020,10:49:19,32,31.45,3000,31.95,1500,0,376500
TATASTEEL30Jan20460CE.NFO,07/01/2020,10:49:22,32,31.4,3000,31.95,1500,0,376500
TATASTEEL30Jan20460CE.NFO,07/01/2020,10:49:26,32,31.35,7500,31.95,1500,0,376500
TATASTEEL30Jan20460CE.NFO,07/01/2020,10:49:29,32,31.35,1500,31.95,1500,0,376500
TATASTEEL30Jan20460CE.NFO,07/01/2020,10:49:38,32,31.4,1500,31.95,1500,0,376500
TATASTEEL30Jan20460CE.NFO,07/01/2020,10:49:41,32,31.45,1500,31.95,1500,0,376500
TATASTEEL30Jan20460CE.NFO,07/01/2020,10:49:51,32,31.3,3000,31.95,1500,0,376500
TATASTEEL30Jan20460CE.NFO,07/01/2020,10:50:01,32,31.1,4500,31.95,3000,0,376500
TATASTEEL30Jan20460CE.NFO,07/01/2020,10:50:07,32,30.95,3000,31.75,1500,0,376500
TATASTEEL30Jan20460CE.NFO,07/01/2020,10:50:12,32,31,3000,31.8,1500,0,376500
TATASTEEL30Jan20460CE.NFO,07/01/2020,10:50:17,32,31,3000,31.9,1500,0,376500
TATASTEEL30Jan20460CE.NFO,07/01/2020,10:50:23,32,30.85,12000,31.7,1500,0,376500
TATASTEEL30Jan20460CE.NFO,07/01/2020,10:50:28,32,30.85,12000,31.7,3000,0,376500
TATASTEEL30Jan20460CE.NFO,07/01/2020,10:50:33,32,30.85,12000,31.65,1500,0,376500
TATASTEEL30Jan20460CE.NFO,07/01/2020,10:50:44,32,30.85,12000,31.75,4500,0,376500
TATASTEEL30Jan20460CE.NFO,07/01/2020,10:50:53,32,30.85,12000,31.65,3000,0,376500
TATASTEEL30Jan20460CE.NFO,07/01/2020,10:51:05,32,30.85,12000,31.65,1500,0,376500
TATASTEEL30Jan20460CE.NFO,07/01/2020,10:51:08,32,30.85,12000,31.6,1500,0,376500
TATASTEEL30Jan20460CE.NFO,07/01/2020,10:51:13,32,30.85,10500,31.7,1500,0,376500
TATASTEEL30Jan20460CE.NFO,07/01/2020,10:51:17,32,30.85,10500,31.55,1500,0,376500
TATASTEEL30Jan20460CE.NFO,07/01/2020,10:51:21,32,30.85,10500,31.65,1500,0,376500
TATASTEEL30Jan20460CE.NFO,07/01/2020,10:51:25,32,30.85,10500,31.6,1500,0,376500
TATASTEEL30Jan20460CE.NFO,07/01/2020,10:51:45,32,30.85,10500,31.6,6000,0,376500
TATASTEEL30Jan20460CE.NFO,07/01/2020,10:51:49,32,30.85,10500,31.75,3000,0,376500
TATASTEEL30Jan20460CE.NFO,07/01/2020,10:51:53,32,30.95,4500,31.6,1500,0,376500
TATASTEEL30Jan20460CE.NFO,07/01/2020,10:51:58,32,31.05,3000,31.65,6000,0,376500
TATASTEEL30Jan20460CE.NFO,07/01/2020,10:52:02,32,31,4500,31.65,6000,0,376500
TATASTEEL30Jan20460CE.NFO,07/01/2020,10:52:10,32,31,4500,31.6,1500,0,376500
TATASTEEL30Jan20460CE.NFO,07/01/2020,10:52:15,32,30.9,1500,31.5,1500,0,376500
TATASTEEL30Jan20460CE.NFO,07/01/2020,10:52:36,32,31,1500,31.5,1500,0,376500
TATASTEEL30Jan20460CE.NFO,07/01/2020,10:52:41,32,31,3000,31.65,1500,0,376500
TATASTEEL30Jan20460CE.NFO,07/01/2020,10:52:45,32,30.95,1500,31.55,1500,0,376500
TATASTEEL30Jan20460CE.NFO,07/01/2020,10:52:49,32,30.9,3000,31.5,1500,0,376500
TATASTEEL30Jan20460CE.NFO,07/01/2020,10:52:53,32,30.8,4500,31.65,1500,0,376500
TATASTEEL30Jan20460CE.NFO,07/01/2020,10:52:58,32,30.7,3000,31.35,1500,0,376500
TATASTEEL30Jan20460CE.NFO,07/01/2020,10:53:05,32,30.7,1500,31.25,1500,0,376500
TATASTEEL30Jan20460CE.NFO,07/01/2020,10:53:11,32,30.75,1500,31.7,13500,0,376500
TATASTEEL30Jan20460CE.NFO,07/01/2020,10:53:18,32,30.75,1500,31.5,7500,0,376500
TATASTEEL30Jan20460CE.NFO,07/01/2020,10:53:24,32,30.7,1500,31.25,1500,0,376500
TATASTEEL30Jan20460CE.NFO,07/01/2020,10:53:30,32,30.7,1500,31.2,1500,0,376500
TATASTEEL30Jan20460CE.NFO,07/01/2020,10:53:35,32,30.7,1500,31.15,1500,0,376500
TATASTEEL30Jan20460CE.NFO,07/01/2020,10:53:41,32,30.7,1500,31.2,4500,0,376500
TATASTEEL30Jan20460CE.NFO,07/01/2020,10:53:46,32,30.7,1500,31.15,6000,0,376500
TATASTEEL30Jan20460CE.NFO,07/01/2020,10:53:53,30.7,30.25,1500,31.05,6000,1500,376500
TATASTEEL30Jan20460CE.NFO,07/01/2020,10:54:00,30.7,30.25,1500,31.1,1500,0,376500
TATASTEEL30Jan20460CE.NFO,07/01/2020,10:54:06,30.7,30.3,1500,31.05,4500,0,376500
TATASTEEL30Jan20460CE.NFO,07/01/2020,10:54:11,30.7,30.35,1500,31.45,1500,0,376500
TATASTEEL30Jan20460CE.NFO,07/01/2020,10:54:17,30.7,30.45,1500,31.1,4500,0,376500
TATASTEEL30Jan20460CE.NFO,07/01/2020,10:54:23,30.7,30.55,1500,31.2,3000,0,376500
TATASTEEL30Jan20460CE.NFO,07/01/2020,10:54:32,30.7,30.55,1500,31.2,1500,0,376500
TATASTEEL30Jan20460CE.NFO,07/01/2020,10:54:42,30.7,30.35,1500,31.1,1500,0,376500
TATASTEEL30Jan20460CE.NFO,07/01/2020,10:54:47,30.7,30.35,1500,31.1,4500,0,376500
TATASTEEL30Jan20460CE.NFO,07/01/2020,10:54:51,30.7,30.4,3000,31.3,7500,0,376500
TATASTEEL30Jan20460CE.NFO,07/01/2020,10:54:56,30.7,30.4,1500,31.1,3000,0,376500
TATASTEEL30Jan20460CE.NFO,07/01/2020,10:55:00,30.7,30.3,3000,31.1,1500,0,376500
TATASTEEL30Jan20460CE.NFO,07/01/2020,10:55:05,30.7,30.4,3000,31.1,1500,0,376500
TATASTEEL30Jan20460CE.NFO,07/01/2020,10:55:09,30.7,30.4,3000,31.3,10500,0,376500
TATASTEEL30Jan20460CE.NFO,07/01/2020,10:55:14,30.7,30.35,3000,31,1500,0,376500
TATASTEEL30Jan20460CE.NFO,07/01/2020,10:55:18,30.7,30.45,3000,31.05,1500,0,376500
TATASTEEL30Jan20460CE.NFO,07/01/2020,10:55:23,30.7,30.3,10500,31.45,1500,0,376500
TATASTEEL30Jan20460CE.NFO,07/01/2020,10:55:27,30.7,30.4,4500,31.15,1500,0,376500
TATASTEEL30Jan20460CE.NFO,07/01/2020,10:55:32,30.7,30.4,3000,31.05,4500,0,376500
TATASTEEL30Jan20460CE.NFO,07/01/2020,10:55:38,30.7,30.4,3000,30.95,1500,0,376500
TATASTEEL30Jan20460CE.NFO,07/01/2020,10:55:43,30.7,30.3,7500,30.95,1500,0,376500
TATASTEEL30Jan20460CE.NFO,07/01/2020,10:55:57,30.7,30.4,4500,30.95,1500,0,376500
TATASTEEL30Jan20460CE.NFO,07/01/2020,10:56:01,30.7,30.4,3000,30.95,1500,0,376500
TATASTEEL30Jan20460CE.NFO,07/01/2020,10:56:06,30.7,30.35,7500,31.7,15000,0,376500
TATASTEEL30Jan20460CE.NFO,07/01/2020,10:56:12,30.7,30.45,4500,31.7,15000,0,376500
TATASTEEL30Jan20460CE.NFO,07/01/2020,10:56:18,30.7,30.5,4500,31.7,15000,0,376500
TATASTEEL30Jan20460CE.NFO,07/01/2020,10:56:22,30.7,30.65,1500,31.7,15000,0,376500
TATASTEEL30Jan20460CE.NFO,07/01/2020,10:56:26,30.7,30.7,1500,31.7,15000,0,376500
TATASTEEL30Jan20460CE.NFO,07/01/2020,10:56:31,30.7,30.65,1500,31.7,15000,0,376500
TATASTEEL30Jan20460CE.NFO,07/01/2020,10:56:36,30.7,30.55,1500,31.15,3000,0,376500
TATASTEEL30Jan20460CE.NFO,07/01/2020,10:56:41,30.7,30.55,1500,31.5,1500,0,376500
TATASTEEL30Jan20460CE.NFO,07/01/2020,10:56:46,30.7,30.5,1500,31.05,1500,0,376500
TATASTEEL30Jan20460CE.NFO,07/01/2020,10:56:55,30.7,30.35,1500,30.95,1500,0,376500
TATASTEEL30Jan20460CE.NFO,07/01/2020,10:56:59,30.7,30.35,1500,31,1500,0,376500
TATASTEEL30Jan20460CE.NFO,07/01/2020,10:57:03,30.7,30.4,3000,31.1,4500,0,376500
TATASTEEL30Jan20460CE.NFO,07/01/2020,10:57:07,30.7,30.4,3000,31,1500,0,376500
TATASTEEL30Jan20460CE.NFO,07/01/2020,10:57:14,30.7,30.25,1500,30.9,1500,0,376500
TATASTEEL30Jan20460CE.NFO,07/01/2020,10:57:34,30.7,30.25,1500,31,4500,0,376500
TATASTEEL30Jan20460CE.NFO,07/01/2020,10:57:40,30.7,30.3,1500,30.9,4500,0,376500
TATASTEEL30Jan20460CE.NFO,07/01/2020,10:57:45,30.7,30.25,1500,30.85,3000,0,376500
TATASTEEL30Jan20460CE.NFO,07/01/2020,10:57:51,30.7,30.25,1500,31,9000,0,376500
TATASTEEL30Jan20460CE.NFO,07/01/2020,10:57:56,30.7,30.25,1500,31,10500,0,376500
TATASTEEL30Jan20460CE.NFO,07/01/2020,10:58:00,30.7,30.25,1500,31.6,15000,0,376500
TATASTEEL30Jan20460CE.NFO,07/01/2020,10:58:05,30.7,30.35,1500,31.2,1500,0,376500
TATASTEEL30Jan20460CE.NFO,07/01/2020,10:58:10,30.7,30.25,1500,31.05,7500,0,376500
TATASTEEL30Jan20460CE.NFO,07/01/2020,10:58:15,30.7,30.35,1500,30.95,3000,0,376500
TATASTEEL30Jan20460CE.NFO,07/01/2020,10:58:21,30.7,30.25,1500,30.9,3000,0,376500
TATASTEEL30Jan20460CE.NFO,07/01/2020,10:58:26,30.7,30.25,1500,30.85,1500,0,376500
TATASTEEL30Jan20460CE.NFO,07/01/2020,10:58:31,30.7,30.25,1500,30.95,3000,0,376500
TATASTEEL30Jan20460CE.NFO,07/01/2020,10:58:37,30.7,30.2,3000,30.8,4500,0,376500
TATASTEEL30Jan20460CE.NFO,07/01/2020,10:58:42,30.7,30.2,3000,30.8,3000,0,376500
TATASTEEL30Jan20460CE.NFO,07/01/2020,10:58:48,30.7,30.15,1500,30.9,10500,0,376500
TATASTEEL30Jan20460CE.NFO,07/01/2020,10:58:59,30.7,30.1,3000,30.85,1500,0,376500
TATASTEEL30Jan20460CE.NFO,07/01/2020,10:59:05,30.7,30.25,1500,31.1,1500,0,376500
TATASTEEL30Jan20460CE.NFO,07/01/2020,10:59:11,30.7,30.15,1500,30.85,1500,0,376500
TATASTEEL30Jan20460CE.NFO,07/01/2020,10:59:16,30.7,30.15,1500,30.85,3000,0,376500
TATASTEEL30Jan20460CE.NFO,07/01/2020,10:59:20,30.7,30.15,1500,30.8,6000,0,376500
TATASTEEL30Jan20460CE.NFO,07/01/2020,10:59:26,30.7,30.15,1500,30.8,4500,0,376500
TATASTEEL30Jan20460CE.NFO,07/01/2020,10:59:31,30.7,30.1,3000,30.8,1500,0,376500
TATASTEEL30Jan20460CE.NFO,07/01/2020,10:59:37,30.7,30.2,3000,30.9,1500,0,376500
TATASTEEL30Jan20460CE.NFO,07/01/2020,10:59:42,30.7,30.2,4500,30.9,3000,0,376500
TATASTEEL30Jan20460CE.NFO,07/01/2020,10:59:48,30.7,30.1,3000,30.85,6000,0,376500
TATASTEEL30Jan20460CE.NFO,07/01/2020,10:59:53,30.7,30.15,1500,30.85,3000,0,376500
TATASTEEL30Jan20460CE.NFO,07/01/2020,10:59:58,30.7,30.3,3000,30.9,1500,0,376500
TATASTEEL30Jan20460CE.NFO,07/01/2020,11:00:04,30.7,30.1,3000,30.85,6000,0,376500
TATASTEEL30Jan20460CE.NFO,07/01/2020,11:00:10,30.7,30.15,1500,30.75,3000,0,376500
TATASTEEL30Jan20460CE.NFO,07/01/2020,11:00:17,30.7,30.05,1500,30.65,1500,0,376500
TATASTEEL30Jan20460CE.NFO,07/01/2020,11:00:23,30.7,30,4500,30.65,3000,0,376500
TATASTEEL30Jan20460CE.NFO,07/01/2020,11:00:30,30.7,30,3000,30.45,1500,0,376500
TATASTEEL30Jan20460CE.NFO,07/01/2020,11:00:38,30.7,30,3000,30.35,1500,0,376500
TATASTEEL30Jan20460CE.NFO,07/01/2020,11:00:45,30.7,30,3000,30.45,1500,0,376500
TATASTEEL30Jan20460CE.NFO,07/01/2020,11:00:51,30.7,30,3000,30.45,3000,0,376500
TATASTEEL30Jan20460CE.NFO,07/01/2020,11:00:58,30,29.65,4500,30.5,1500,3000,376500
TATASTEEL30Jan20460CE.NFO,07/01/2020,11:00:58,30,29.65,4500,30.5,1500,0,376500
TATASTEEL30Jan20460CE.NFO,07/01/2020,11:01:06,30,29.5,1500,30.25,1500,0,376500
TATASTEEL30Jan20460CE.NFO,07/01/2020,11:01:14,30,29.6,1500,30.2,1500,0,376500
TATASTEEL30Jan20460CE.NFO,07/01/2020,11:01:21,30,29.35,4500,30.35,1500,0,376500
TATASTEEL30Jan20460CE.NFO,07/01/2020,11:01:28,30,29.3,1500,30.1,7500,0,376500
TATASTEEL30Jan20460CE.NFO,07/01/2020,11:01:35,30,29.3,3000,30.3,1500,0,376500
TATASTEEL30Jan20460CE.NFO,07/01/2020,11:01:43,30,29.5,4500,30.2,1500,0,376500
TATASTEEL30Jan20460CE.NFO,07/01/2020,11:01:51,30,29.85,1500,30.85,1500,0,376500
TATASTEEL30Jan20460CE.NFO,07/01/2020,11:01:59,30,29.8,4500,30.5,1500,0,376500
TATASTEEL30Jan20460CE.NFO,07/01/2020,11:02:06,30,29.75,7500,30.65,1500,0,376500
TATASTEEL30Jan20460CE.NFO,07/01/2020,11:02:13,30,29.9,1500,30.75,7500,0,376500
TATASTEEL30Jan20460CE.NFO,07/01/2020,11:02:20,30,29.8,3000,30.5,4500,0,376500
TATASTEEL30Jan20460CE.NFO,07/01/2020,11:02:26,30,29.7,1500,30.4,1500,0,376500
TATASTEEL30Jan20460CE.NFO,07/01/2020,11:02:33,30,29.65,1500,30.25,1500,0,376500
TATASTEEL30Jan20460CE.NFO,07/01/2020,11:02:40,30,29.5,3000,30.55,1500,0,376500
TATASTEEL30Jan20460CE.NFO,07/01/2020,11:02:46,30,29.6,1500,30.35,3000,0,376500
TATASTEEL30Jan20460CE.NFO,07/01/2020,11:02:52,30,29.3,6000,30.25,3000,0,376500
TATASTEEL30Jan20460CE.NFO,07/01/2020,11:02:59,30,29.6,1500,30.85,15000,0,376500
TATASTEEL30Jan20460CE.NFO,07/01/2020,11:03:06,30,29.55,3000,30.2,4500,0,376500
TATASTEEL30Jan20460CE.NFO,07/01/2020,11:03:13,30,29.5,3000,30.1,1500,0,376500
TATASTEEL30Jan20460CE.NFO,07/01/2020,11:03:19,30,29.4,1500,30.1,4500,0,376500
TATASTEEL30Jan20460CE.NFO,07/01/2020,11:03:25,30,29.5,1500,30.25,10500,0,376500
TATASTEEL30Jan20460CE.NFO,07/01/2020,11:03:31,30,29.45,1500,30.05,3000,0,376500
TATASTEEL30Jan20460CE.NFO,07/01/2020,11:03:37,30,29.35,1500,30.15,1500,0,376500
TATASTEEL30Jan20460CE.NFO,07/01/2020,11:03:44,30,29.25,3000,30.05,1500,0,376500
TATASTEEL30Jan20460CE.NFO,07/01/2020,11:03:51,30,29.35,4500,30.15,1500,0,376500
TATASTEEL30Jan20460CE.NFO,07/01/2020,11:03:57,30,29.4,1500,30.85,15000,0,376500
TATASTEEL30Jan20460CE.NFO,07/01/2020,11:04:05,30,29.35,1500,30.2,4500,0,376500
TATASTEEL30Jan20460CE.NFO,07/01/2020,11:04:12,30,29.35,1500,30.05,1500,0,376500
TATASTEEL30Jan20460CE.NFO,07/01/2020,11:04:18,30,29.45,1500,30.1,3000,0,376500
TATASTEEL30Jan20460CE.NFO,07/01/2020,11:04:24,30,29.45,1500,30.15,1500,0,376500
TATASTEEL30Jan20460CE.NFO,07/01/2020,11:04:30,30,29.35,3000,30.15,1500,0,376500
TATASTEEL30Jan20460CE.NFO,07/01/2020,11:04:37,30,29.25,4500,30.1,4500,0,376500
TATASTEEL30Jan20460CE.NFO,07/01/2020,11:04:44,30,29.2,4500,29.95,3000,0,376500
TATASTEEL30Jan20460CE.NFO,07/01/2020,11:04:51,30,29.25,1500,30.1,3000,0,376500
TATASTEEL30Jan20460CE.NFO,07/01/2020,11:04:58,30,29.35,1500,30.15,1500,0,376500
TATASTEEL30Jan20460CE.NFO,07/01/2020,11:05:05,30,29.05,3000,29.8,1500,0,376500
TATASTEEL30Jan20460CE.NFO,07/01/2020,11:05:12,30,29,1500,29.6,3000,0,376500
TATASTEEL30Jan20460CE.NFO,07/01/2020,11:05:19,30,29.05,1500,30,9000,0,376500
TATASTEEL30Jan20460CE.NFO,07/01/2020,11:05:25,30,29.05,1500,29.75,1500,0,376500
TATASTEEL30Jan20460CE.NFO,07/01/2020,11:05:31,30,29.15,1500,30.55,15000,0,376500
TATASTEEL30Jan20460CE.NFO,07/01/2020,11:05:38,30,29.3,1500,30.55,15000,0,376500
TATASTEEL30Jan20460CE.NFO,07/01/2020,11:05:44,30,29.3,4500,30.55,15000,0,376500
TATASTEEL30Jan20460CE.NFO,07/01/2020,11:05:51,30,29.35,4500,30.55,15000,0,376500
TATASTEEL30Jan20460CE.NFO,07/01/2020,11:05:58,30,29.4,1500,30.55,15000,0,376500
TATASTEEL30Jan20460CE.NFO,07/01/2020,11:06:05,30,29.65,1500,30.55,15000,0,376500
TATASTEEL30Jan20460CE.NFO,07/01/2020,11:06:12,30,29.5,3000,30.5,3000,0,376500
TATASTEEL30Jan20460CE.NFO,07/01/2020,11:06:18,30,29.55,1500,30.4,1500,0,376500
TATASTEEL30Jan20460CE.NFO,07/01/2020,11:06:25,30,29.65,1500,30.35,3000,0,376500
TATASTEEL30Jan20460CE.NFO,07/01/2020,11:06:31,30,29.65,1500,30.25,1500,0,376500
TATASTEEL30Jan20460CE.NFO,07/01/2020,11:06:37,30,29.75,1500,30.35,1500,0,376500
TATASTEEL30Jan20460CE.NFO,07/01/2020,11:06:41,30,29.75,1500,30.85,1500,0,376500
TATASTEEL30Jan20460CE.NFO,07/01/2020,11:06:47,30,29.95,1500,30.9,1500,0,376500
TATASTEEL30Jan20460CE.NFO,07/01/2020,11:06:52,30,29.85,1500,30.65,1500,0,376500
TATASTEEL30Jan20460CE.NFO,07/01/2020,11:06:57,30,29.95,1500,30.8,1500,0,376500
TATASTEEL30Jan20460CE.NFO,07/01/2020,11:07:03,30,29.85,6000,30.7,4500,0,376500
TATASTEEL30Jan20460CE.NFO,07/01/2020,11:07:09,30,29.85,3000,30.55,4500,0,376500
TATASTEEL30Jan20460CE.NFO,07/01/2020,11:07:14,30,29.9,3000,30.55,4500,0,376500
TATASTEEL30Jan20460CE.NFO,07/01/2020,11:07:19,30,29.85,4500,30.5,3000,0,376500
TATASTEEL30Jan20460CE.NFO,07/01/2020,11:07:24,30,29.9,7500,30.65,6000,0,376500
TATASTEEL30Jan20460CE.NFO,07/01/2020,11:07:30,30,29.95,4500,30.65,6000,0,376500
TATASTEEL30Jan20460CE.NFO,07/01/2020,11:07:35,30,29.8,1500,30.6,1500,0,376500
TATASTEEL30Jan20460CE.NFO,07/01/2020,11:07:40,30,29.85,3000,30.55,1500,0,376500
TATASTEEL30Jan20460CE.NFO,07/01/2020,11:07:45,30,29.6,1500,30.55,1500,0,376500
TATASTEEL30Jan20460CE.NFO,07/01/2020,11:07:50,30,29.6,1500,30.35,6000,0,376500
TATASTEEL30Jan20460CE.NFO,07/01/2020,11:07:55,30,29.5,3000,30.35,3000,0,376500
TATASTEEL30Jan20460CE.NFO,07/01/2020,11:07:59,30,29.5,7500,30.35,4500,0,376500
TATASTEEL30Jan20460CE.NFO,07/01/2020,11:08:04,30,29.5,4500,30.25,1500,0,376500
TATASTEEL30Jan20460CE.NFO,07/01/2020,11:08:14,30,29.6,4500,30.4,1500,0,376500
TATASTEEL30Jan20460CE.NFO,07/01/2020,11:08:19,30,29.6,3000,30.35,1500,0,376500
TATASTEEL30Jan20460CE.NFO,07/01/2020,11:08:24,30,29.75,1500,30.5,9000,0,376500
TATASTEEL30Jan20460CE.NFO,07/01/2020,11:08:29,30,29.8,1500,30.95,1500,0,376500
TATASTEEL30Jan20460CE.NFO,07/01/2020,11:08:35,30,29.55,1500,30.5,4500,0,376500
TATASTEEL30Jan20460CE.NFO,07/01/2020,11:08:40,30,29.7,1500,30.45,4500,0,376500
TATASTEEL30Jan20460CE.NFO,07/01/2020,11:08:45,30,29.45,7500,30.4,1500,0,376500
TATASTEEL30Jan20460CE.NFO,07/01/2020,11:08:49,30,29.55,4500,30.25,1500,0,376500
TATASTEEL30Jan20460CE.NFO,07/01/2020,11:08:53,30,29.65,3000,30.35,3000,0,376500
TATASTEEL30Jan20460CE.NFO,07/01/2020,11:08:57,30,29.7,1500,30.4,1500,0,376500
TATASTEEL30Jan20460CE.NFO,07/01/2020,11:09:02,30,29.55,1500,30.35,3000,0,376500
TATASTEEL30Jan20460CE.NFO,07/01/2020,11:09:07,30,29.55,3000,30.2,1500,0,376500
TATASTEEL30Jan20460CE.NFO,07/01/2020,11:09:11,30,29.3,7500,30.3,1500,0,376500
TATASTEEL30Jan20460CE.NFO,07/01/2020,11:09:17,30,29.55,6000,30.25,1500,0,376500
TATASTEEL30Jan20460CE.NFO,07/01/2020,11:09:22,30,29.5,3000,30.15,4500,0,376500
TATASTEEL30Jan20460CE.NFO,07/01/2020,11:09:27,30,29.4,3000,30.1,3000,0,376500
TATASTEEL30Jan20460CE.NFO,07/01/2020,11:09:33,30,29.25,1500,30.1,1500,0,376500
TATASTEEL30Jan20460CE.NFO,07/01/2020,11:09:38,30,29.2,3000,29.9,3000,0,376500
TATASTEEL30Jan20460CE.NFO,07/01/2020,11:09:44,30,29.2,3000,29.9,1500,0,376500
TATASTEEL30Jan20460CE.NFO,07/01/2020,11:09:52,30,29.2,3000,29.85,4500,0,376500
TATASTEEL30Jan20460CE.NFO,07/01/2020,11:09:56,30,29.1,4500,29.8,3000,0,376500
TATASTEEL30Jan20460CE.NFO,07/01/2020,11:09:59,30,29.1,3000,29.75,1500,0,376500
TATASTEEL30Jan20460CE.NFO,07/01/2020,11:10:04,30,29.2,3000,30.1,9000,0,376500
TATASTEEL30Jan20460CE.NFO,07/01/2020,11:10:09,30,29.3,3000,30,4500,0,376500
TATASTEEL30Jan20460CE.NFO,07/01/2020,11:10:14,30,29.45,1500,30.2,1500,0,376500
TATASTEEL30Jan20460CE.NFO,07/01/2020,11:10:19,30,29.5,3000,30.15,1500,0,376500
TATASTEEL30Jan20460CE.NFO,07/01/2020,11:10:24,30,29.4,1500,30.15,1500,0,376500
TATASTEEL30Jan20460CE.NFO,07/01/2020,11:10:35,30,29.45,1500,30.15,1500,0,376500
TATASTEEL30Jan20460CE.NFO,07/01/2020,11:10:39,30,29.5,1500,30.15,1500,0,376500
TATASTEEL30Jan20460CE.NFO,07/01/2020,11:10:42,30,29.5,9000,30.95,16500,0,376500
TATASTEEL30Jan20460CE.NFO,07/01/2020,11:10:46,30,29.2,13500,30.55,1500,0,376500
TATASTEEL30Jan20460CE.NFO,07/01/2020,11:10:49,30,29.2,15000,30.45,6000,0,376500
TATASTEEL30Jan20460CE.NFO,07/01/2020,11:10:53,30,29.2,12000,30.35,6000,0,376500
TATASTEEL30Jan20460CE.NFO,07/01/2020,11:10:56,30,29.2,12000,30.25,1500,0,376500
TATASTEEL30Jan20460CE.NFO,07/01/2020,11:11:09,30,29.2,12000,30.5,1500,0,376500
TATASTEEL30Jan20460CE.NFO,07/01/2020,11:11:13,30,29.3,4500,30.1,1500,0,376500
TATASTEEL30Jan20460CE.NFO,07/01/2020,11:11:21,30,29.2,3000,30.25,1500,0,376500
TATASTEEL30Jan20460CE.NFO,07/01/2020,11:11:29,30,29.05,1500,30.15,10500,0,376500
TATASTEEL30Jan20460CE.NFO,07/01/2020,11:11:37,30,29,1500,29.6,4500,0,376500
TATASTEEL30Jan20460CE.NFO,07/01/2020,11:11:44,30,29.15,4500,30.6,15000,0,376500
TATASTEEL30Jan20460CE.NFO,07/01/2020,11:11:51,30,29.4,1500,30.5,1500,0,376500
TATASTEEL30Jan20460CE.NFO,07/01/2020,11:11:57,30,29.2,1500,30,1500,0,376500
TATASTEEL30Jan20460CE.NFO,07/01/2020,11:12:05,30,29.05,3000,29.9,6000,0,376500
TATASTEEL30Jan20460CE.NFO,07/01/2020,11:12:13,30,29.05,3000,30.55,15000,0,376500
TATASTEEL30Jan20460CE.NFO,07/01/2020,11:12:20,30,29.05,3000,29.9,4500,0,376500
TATASTEEL30Jan20460CE.NFO,07/01/2020,11:12:25,30,29.05,7500,30.3,1500,0,376500
TATASTEEL30Jan20460CE.NFO,07/01/2020,11:12:31,30,29.05,3000,29.85,3000,0,376500
TATASTEEL30Jan20460CE.NFO,07/01/2020,11:12:37,30,29.15,3000,29.85,1500,0,376500
TATASTEEL30Jan20460CE.NFO,07/01/2020,11:12:43,30,29.15,3000,29.75,1500,0,376500
TATASTEEL30Jan20460CE.NFO,07/01/2020,11:12:48,30,29.15,3000,29.8,4500,0,376500
TATASTEEL30Jan20460CE.NFO,07/01/2020,11:12:54,30,29.15,3000,30.1,1500,0,376500
TATASTEEL30Jan20460CE.NFO,07/01/2020,11:12:59,30,29.15,4500,29.9,1500,0,376500
TATASTEEL30Jan20460CE.NFO,07/01/2020,11:13:04,30,29.2,1500,29.9,3000,0,376500
TATASTEEL30Jan20460CE.NFO,07/01/2020,11:13:08,30,29.15,3000,29.85,4500,0,376500
TATASTEEL30Jan20460CE.NFO,07/01/2020,11:13:14,30,29.15,3000,29.75,4500,0,376500
TATASTEEL30Jan20460CE.NFO,07/01/2020,11:13:20,30,29.05,1500,29.9,1500,0,376500
TATASTEEL30Jan20460CE.NFO,07/01/2020,11:13:25,30,29,1500,29.65,1500,0,376500
TATASTEEL30Jan20460CE.NFO,07/01/2020,11:13:30,30,29,1500,29.65,6000,0,376500
TATASTEEL30Jan20460CE.NFO,07/01/2020,11:13:37,30,29,1500,29.55,7500,0,376500
TATASTEEL30Jan20460CE.NFO,07/01/2020,11:13:43,30,29,3000,29.7,1500,0,376500
TATASTEEL30Jan20460CE.NFO,07/01/2020,11:13:49,30,29,1500,29.5,4500,0,376500
TATASTEEL30Jan20460CE.NFO,07/01/2020,11:13:54,30,29,3000,29.7,1500,0,376500
TATASTEEL30Jan20460CE.NFO,07/01/2020,11:13:59,30,29,1500,29.55,4500,0,376500
TATASTEEL30Jan20460CE.NFO,07/01/2020,11:14:04,30,29,1500,30,1500,0,376500
TATASTEEL30Jan20460CE.NFO,07/01/2020,11:14:09,30,29,1500,29.55,4500,0,376500
TATASTEEL30Jan20460CE.NFO,07/01/2020,11:14:14,30,29,3000,29.7,10500,0,376500
TATASTEEL30Jan20460CE.NFO,07/01/2020,11:14:20,30,29,1500,29.55,4500,0,376500
TATASTEEL30Jan20460CE.NFO,07/01/2020,11:14:25,30,29,1500,29.55,1500,0,376500
TATASTEEL30Jan20460CE.NFO,07/01/2020,11:14:30,30,29.05,1500,30.15,6000,0,376500
TATASTEEL30Jan20460CE.NFO,07/01/2020,11:14:34,30,29,3000,29.6,4500,0,376500
TATASTEEL30Jan20460CE.NFO,07/01/2020,11:14:39,30,29,1500,29.5,1500,0,376500
TATASTEEL30Jan20460CE.NFO,07/01/2020,11:14:43,30,29,3000,30.05,13500,0,376500
TATASTEEL30Jan20460CE.NFO,07/01/2020,11:14:48,30,29,3000,29.6,4500,0,376500
TATASTEEL30Jan20460CE.NFO,07/01/2020,11:14:53,30,29,3000,29.95,13500,0,376500
TATASTEEL30Jan20460CE.NFO,07/01/2020,11:14:58,30,29,1500,29.5,6000,0,376500
TATASTEEL30Jan20460CE.NFO,07/01/2020,11:15:05,30,29,1500,29.4,4500,0,376500
TATASTEEL30Jan20460CE.NFO,07/01/2020,11:15:11,30,29,1500,29.45,1500,0,376500
TATASTEEL30Jan20460CE.NFO,07/01/2020,11:15:17,30,29.05,1500,30,15000,0,376500
TATASTEEL30Jan20460CE.NFO,07/01/2020,11:15:23,30,29,1500,29.55,4500,0,376500
TATASTEEL30Jan20460CE.NFO,07/01/2020,11:15:28,30,29,3000,29.95,13500,0,376500
TATASTEEL30Jan20460CE.NFO,07/01/2020,11:15:34,30,29,1500,29.45,1500,0,376500
TATASTEEL30Jan20460CE.NFO,07/01/2020,11:15:38,29,28.6,4500,29.45,4500,1500,376500
TATASTEEL30Jan20460CE.NFO,07/01/2020,11:15:38,29,28.6,4500,29.45,4500,0,376500
TATASTEEL30Jan20460CE.NFO,07/01/2020,11:15:42,29,28.65,1500,29.5,7500,0,376500
TATASTEEL30Jan20460CE.NFO,07/01/2020,11:15:47,29,28.7,1500,29.4,4500,0,376500
TATASTEEL30Jan20460CE.NFO,07/01/2020,11:15:51,29,28.6,1500,29.35,3000,0,376500
TATASTEEL30Jan20460CE.NFO,07/01/2020,11:15:56,29,28.7,1500,29.35,4500,0,376500
TATASTEEL30Jan20460CE.NFO,07/01/2020,11:16:01,29,28.6,1500,29.6,1500,0,376500
TATASTEEL30Jan20460CE.NFO,07/01/2020,11:16:06,29,28.6,1500,29.45,4500,0,376500
TATASTEEL30Jan20460CE.NFO,07/01/2020,11:16:12,29,28.6,1500,29.35,1500,0,376500
TATASTEEL30Jan20460CE.NFO,07/01/2020,11:16:18,29,28.8,1500,29.55,6000,0,376500
TATASTEEL30Jan20460CE.NFO,07/01/2020,11:16:25,29,28.9,1500,29.8,1500,0,376500
TATASTEEL30Jan20460CE.NFO,07/01/2020,11:16:30,29,28.85,1500,29.55,4500,0,376500
TATASTEEL30Jan20460CE.NFO,07/01/2020,11:16:35,29,28.9,3000,29.55,3000,0,376500
TATASTEEL30Jan20460CE.NFO,07/01/2020,11:16:40,29,28.95,4500,29.55,3000,0,376500
TATASTEEL30Jan20460CE.NFO,07/01/2020,11:16:45,29,28.9,1500,29.7,6000,0,376500
TATASTEEL30Jan20460CE.NFO,07/01/2020,11:16:51,29,28.85,1500,29.5,1500,0,376500
TATASTEEL30Jan20460CE.NFO,07/01/2020,11:16:57,29,28.9,3000,29.6,6000,0,376500
TATASTEEL30Jan20460CE.NFO,07/01/2020,11:17:02,29,28.95,1500,29.6,6000,0,376500
TATASTEEL30Jan20460CE.NFO,07/01/2020,11:17:06,29,29,1500,30.3,24000,0,376500
TATASTEEL30Jan20460CE.NFO,07/01/2020,11:17:12,29,29.05,1500,30.3,15000,0,376500
TATASTEEL30Jan20460CE.NFO,07/01/2020,11:17:17,29,29.1,1500,30.3,15000,0,376500
TATASTEEL30Jan20460CE.NFO,07/01/2020,11:17:23,29,29.15,1500,30.3,15000,0,376500
TATASTEEL30Jan20460CE.NFO,07/01/2020,11:17:28,29,29.2,1500,30.3,15000,0,376500
TATASTEEL30Jan20460CE.NFO,07/01/2020,11:17:33,29,29.1,4500,30.3,15000,0,376500
TATASTEEL30Jan20460CE.NFO,07/01/2020,11:17:40,29,29.3,1500,30.3,15000,0,376500
TATASTEEL30Jan20460CE.NFO,07/01/2020,11:17:52,29,29.25,1500,30.3,15000,0,376500
TATASTEEL30Jan20460CE.NFO,07/01/2020,11:18:01,29,29.25,3000,30.3,15000,0,376500
TATASTEEL30Jan20460CE.NFO,07/01/2020,11:18:05,29,29.2,4500,30.3,15000,0,376500
TATASTEEL30Jan20460CE.NFO,07/01/2020,11:18:15,29,29.25,1500,30.3,15000,0,376500
TATASTEEL30Jan20460CE.NFO,07/01/2020,11:18:19,29,29.4,1500,30.3,15000,0,376500
TATASTEEL30Jan20460CE.NFO,07/01/2020,11:18:24,29,29.45,1500,30.2,4500,0,376500
TATASTEEL30Jan20460CE.NFO,07/01/2020,11:18:29,29,29.45,3000,30.1,1500,0,376500
TATASTEEL30Jan20460CE.NFO,07/01/2020,11:18:33,29,29.45,1500,30.35,6000,0,376500
TATASTEEL30Jan20460CE.NFO,07/01/2020,11:18:40,29,29.5,3000,30.15,4500,0,376500
TATASTEEL30Jan20460CE.NFO,07/01/2020,11:18:48,29,29.55,1500,30.3,3000,0,376500
TATASTEEL30Jan20460CE.NFO,07/01/2020,11:18:54,29,29.55,1500,30.25,1500,0,376500
TATASTEEL30Jan20460CE.NFO,07/01/2020,11:19:00,29,29.6,4500,30.25,3000,0,376500
TATASTEEL30Jan20460CE.NFO,07/01/2020,11:19:06,29,29.55,4500,30.2,3000,0,376500
TATASTEEL30Jan20460CE.NFO,07/01/2020,11:19:12,29,29.55,4500,30.25,3000,0,376500
TATASTEEL30Jan20460CE.NFO,07/01/2020,11:19:18,29,29.25,1500,30.05,1500,0,376500
TATASTEEL30Jan20460CE.NFO,07/01/2020,11:19:27,29,29.3,1500,29.9,1500,0,376500
TATASTEEL30Jan20460CE.NFO,07/01/2020,11:19:34,29,29.35,1500,29.95,1500,0,376500
TATASTEEL30Jan20460CE.NFO,07/01/2020,11:19:39,29,29.15,7500,29.9,4500,0,376500
TATASTEEL30Jan20460CE.NFO,07/01/2020,11:19:45,29,29.35,4500,30,3000,0,376500
TATASTEEL30Jan20460CE.NFO,07/01/2020,11:19:51,29,29.5,3000,30.65,15000,0,376500
TATASTEEL30Jan20460CE.NFO,07/01/2020,11:19:55,29,29.5,1500,30.65,15000,0,376500
TATASTEEL30Jan20460CE.NFO,07/01/2020,11:19:59,29,29.65,4500,30.35,4500,0,376500
TATASTEEL30Jan20460CE.NFO,07/01/2020,11:20:03,29,29.5,3000,30.2,4500,0,376500
TATASTEEL30Jan20460CE.NFO,07/01/2020,11:20:09,29,29.45,1500,30.15,1500,0,376500
TATASTEEL30Jan20460CE.NFO,07/01/2020,11:20:15,29,29.6,3000,30.3,4500,0,376500
TATASTEEL30Jan20460CE.NFO,07/01/2020,11:20:20,29,29.5,1500,30.2,1500,0,376500
TATASTEEL30Jan20460CE.NFO,07/01/2020,11:20:25,29,29.55,1500,30.2,1500,0,376500
TATASTEEL30Jan20460CE.NFO,07/01/2020,11:20:31,29,29.65,3000,30.3,3000,0,376500
TATASTEEL30Jan20460CE.NFO,07/01/2020,11:20:37,29,29.65,1500,30.25,1500,0,376500
TATASTEEL30Jan20460CE.NFO,07/01/2020,11:20:54,29,29.8,7500,30.95,15000,0,376500
TATASTEEL30Jan20460CE.NFO,07/01/2020,11:20:59,29,29.95,1500,30.95,15000,0,376500
TATASTEEL30Jan20460CE.NFO,07/01/2020,11:21:05,29,29.9,3000,30.65,3000,0,376500
TATASTEEL30Jan20460CE.NFO,07/01/2020,11:21:10,29,29.8,12000,30.7,1500,0,376500
TATASTEEL30Jan20460CE.NFO,07/01/2020,11:21:14,29,29.9,4500,30.6,3000,0,376500
TATASTEEL30Jan20460CE.NFO,07/01/2020,11:21:19,29,29.9,3000,30.6,3000,0,376500
TATASTEEL30Jan20460CE.NFO,07/01/2020,11:21:23,29,29.9,3000,30.55,4500,0,376500
TATASTEEL30Jan20460CE.NFO,07/01/2020,11:21:27,29,29.7,3000,30.45,1500,0,376500
TATASTEEL30Jan20460CE.NFO,07/01/2020,11:21:33,29,29.7,7500,30.35,1500,0,376500
TATASTEEL30Jan20460CE.NFO,07/01/2020,11:21:39,29,29.7,6000,30.45,1500,0,376500
TATASTEEL30Jan20460CE.NFO,07/01/2020,11:21:44,29,29.85,1500,30.7,12000,0,376500
TATASTEEL30Jan20460CE.NFO,07/01/2020,11:21:52,29,29.55,9000,30.7,12000,0,376500
TATASTEEL30Jan20460CE.NFO,07/01/2020,11:21:57,29,29.8,3000,30.45,1500,0,376500
TATASTEEL30Jan20460CE.NFO,07/01/2020,11:22:06,29,29.7,3000,30.4,4500,0,376500
TATASTEEL30Jan20460CE.NFO,07/01/2020,11:22:10,29,29.75,1500,30.4,4500,0,376500
TATASTEEL30Jan20460CE.NFO,07/01/2020,11:22:18,29,29.6,4500,30.4,3000,0,376500
TATASTEEL30Jan20460CE.NFO,07/01/2020,11:22:22,29,29.7,3000,30.4,4500,0,376500
TATASTEEL30Jan20460CE.NFO,07/01/2020,11:22:26,29,29.7,1500,30.35,1500,0,376500
TATASTEEL30Jan20460CE.NFO,07/01/2020,11:22:39,29,29.75,1500,30.35,1500,0,376500
TATASTEEL30Jan20460CE.NFO,07/01/2020,11:22:48,29,29.75,1500,30.25,1500,0,376500
TATASTEEL30Jan20460CE.NFO,07/01/2020,11:22:52,29,29.7,1500,30.25,1500,0,376500
TATASTEEL30Jan20460CE.NFO,07/01/2020,11:22:57,29,29.75,1500,30.4,7500,0,376500
TATASTEEL30Jan20460CE.NFO,07/01/2020,11:23:01,29,29.75,3000,30.5,1500,0,376500
TATASTEEL30Jan20460CE.NFO,07/01/2020,11:23:06,29,29.8,1500,30.45,1500,0,376500
TATASTEEL30Jan20460CE.NFO,07/01/2020,11:23:10,29,29.7,3000,30.25,3000,0,376500
TATASTEEL30Jan20460CE.NFO,07/01/2020,11:23:16,29,29.7,3000,30.25,1500,0,376500
TATASTEEL30Jan20460CE.NFO,07/01/2020,11:23:21,29,29.7,4500,30.35,3000,0,376500
TATASTEEL30Jan20460CE.NFO,07/01/2020,11:23:25,29,29.9,9000,30.6,1500,0,376500
TATASTEEL30Jan20460CE.NFO,07/01/2020,11:23:30,29,29.85,3000,30.55,1500,0,376500
TATASTEEL30Jan20460CE.NFO,07/01/2020,11:23:34,29,29.8,1500,30.5,1500,0,376500
TATASTEEL30Jan20460CE.NFO,07/01/2020,11:23:39,29,29.9,1500,30.65,1500,0,376500
TATASTEEL30Jan20460CE.NFO,07/01/2020,11:23:44,29,29.95,4500,30.65,1500,0,376500
TATASTEEL30Jan20460CE.NFO,07/01/2020,11:23:49,29,29.95,4500,30.6,4500,0,376500
TATASTEEL30Jan20460CE.NFO,07/01/2020,11:23:52,29,29.8,10500,30.55,1500,0,376500
TATASTEEL30Jan20460CE.NFO,07/01/2020,11:23:56,29,29.9,4500,30.55,1500,0,376500
TATASTEEL30Jan20460CE.NFO,07/01/2020,11:24:01,29,29.9,3000,30.55,1500,0,376500
TATASTEEL30Jan20460CE.NFO,07/01/2020,11:24:06,29,30,1500,30.7,10500,0,376500
TATASTEEL30Jan20460CE.NFO,07/01/2020,11:24:11,29,30,3000,30.7,10500,0,376500
TATASTEEL30Jan20460CE.NFO,07/01/2020,11:24:16,29,29.8,6000,30.55,4500,0,376500
TATASTEEL30Jan20460CE.NFO,07/01/2020,11:24:20,29,29.85,1500,30.6,10500,0,376500
TATASTEEL30Jan20460CE.NFO,07/01/2020,11:24:25,29,29.8,1500,30.45,1500,0,376500
TATASTEEL30Jan20460CE.NFO,07/01/2020,11:24:29,29,29.95,4500,30.45,1500,0,376500
TATASTEEL30Jan20460CE.NFO,07/01/2020,11:24:34,29,29.95,4500,30.5,1500,0,376500
TATASTEEL30Jan20460CE.NFO,07/01/2020,11:24:43,29,30,1500,30.5,1500,0,376500
TATASTEEL30Jan20460CE.NFO,07/01/2020,11:24:48,29,30,3000,30.6,1500,0,376500
