Ticker,Date,Time,LTP,BuyPrice,BuyQty,SellPrice,SellQty,LTQ,OpenInterest
TATAMOTORS27Feb20185CE.NFO,07/01/2020,09:52:05,14.75,14.35,12900,15.05,4300,4300,12900
TATAMOTORS27Feb20185CE.NFO,07/01/2020,09:52:05,14.75,14.35,12900,15.05,4300,0,12900
TATAMOTORS27Feb20185CE.NFO,07/01/2020,09:52:05,14.75,14.35,12900,15.05,4300,0,12900
TATAMOTORS27Feb20185CE.NFO,07/01/2020,09:52:05,14.75,14.35,12900,15.05,4300,0,12900
TATAMOTORS27Feb20185CE.NFO,07/01/2020,09:52:10,14.75,14.7,4300,14.95,4300,0,12900
TATAMOTORS27Feb20185CE.NFO,07/01/2020,09:52:21,14.75,14.7,4300,15,8600,0,12900
TATAMOTORS27Feb20185CE.NFO,07/01/2020,09:52:26,14.75,14.65,4300,15,8600,0,12900
TATAMOTORS27Feb20185CE.NFO,07/01/2020,09:52:31,14.75,14.7,4300,14.95,4300,0,12900
TATAMOTORS27Feb20185CE.NFO,07/01/2020,09:52:45,14.75,14.75,4300,15.05,4300,0,12900
TATAMOTORS27Feb20185CE.NFO,07/01/2020,09:53:11,14.75,14.8,4300,15.05,4300,0,12900
TATAMOTORS27Feb20185CE.NFO,07/01/2020,09:53:17,14.75,14.75,4300,15.05,4300,0,12900
TATAMOTORS27Feb20185CE.NFO,07/01/2020,09:53:36,14.75,14.7,4300,15,8600,0,12900
TATAMOTORS27Feb20185CE.NFO,07/01/2020,09:54:23,14.75,14.55,4300,14.85,8600,0,12900
TATAMOTORS27Feb20185CE.NFO,07/01/2020,09:54:34,14.75,14.6,4300,14.85,8600,0,12900
TATAMOTORS27Feb20185CE.NFO,07/01/2020,09:54:43,14.75,14.65,4300,14.9,4300,0,12900
TATAMOTORS27Feb20185CE.NFO,07/01/2020,09:54:48,14.75,14.6,4300,14.9,4300,0,12900
TATAMOTORS27Feb20185CE.NFO,07/01/2020,09:54:53,14.75,14.55,4300,14.8,4300,0,12900
TATAMOTORS27Feb20185CE.NFO,07/01/2020,09:54:58,14.75,14.6,4300,14.9,4300,0,12900
TATAMOTORS27Feb20185CE.NFO,07/01/2020,09:55:10,14.75,14.65,4300,14.9,4300,0,12900
TATAMOTORS27Feb20185CE.NFO,07/01/2020,09:55:15,14.75,14.6,4300,14.9,4300,0,12900
TATAMOTORS27Feb20185CE.NFO,07/01/2020,09:55:21,14.75,14.65,4300,14.9,4300,0,12900
TATAMOTORS27Feb20185CE.NFO,07/01/2020,09:55:37,14.75,14.7,4300,15,4300,0,12900
TATAMOTORS27Feb20185CE.NFO,07/01/2020,09:55:54,14.75,14.65,4300,15,4300,0,12900
TATAMOTORS27Feb20185CE.NFO,07/01/2020,09:55:59,14.75,14.7,4300,15,4300,0,12900
TATAMOTORS27Feb20185CE.NFO,07/01/2020,09:56:10,14.75,14.55,4300,15,8600,0,12900
TATAMOTORS27Feb20185CE.NFO,07/01/2020,09:56:17,14.75,14.7,4300,14.95,4300,0,12900
TATAMOTORS27Feb20185CE.NFO,07/01/2020,09:56:30,14.75,14.65,4300,14.95,4300,0,12900
TATAMOTORS27Feb20185CE.NFO,07/01/2020,09:56:36,14.75,14.7,4300,14.95,4300,0,12900
TATAMOTORS27Feb20185CE.NFO,07/01/2020,09:58:50,14.75,14.65,4300,14.95,4300,0,12900
TATAMOTORS27Feb20185CE.NFO,07/01/2020,09:59:08,14.75,14.55,4300,14.85,4300,0,12900
TATAMOTORS27Feb20185CE.NFO,07/01/2020,09:59:14,14.75,14.5,4300,14.85,4300,0,12900
TATAMOTORS27Feb20185CE.NFO,07/01/2020,09:59:20,14.75,14.5,4300,14.8,4300,0,12900
TATAMOTORS27Feb20185CE.NFO,07/01/2020,09:59:26,14.75,14.45,4300,14.75,4300,0,12900
TATAMOTORS27Feb20185CE.NFO,07/01/2020,09:59:41,14.75,14.5,4300,14.75,4300,0,12900
TATAMOTORS27Feb20185CE.NFO,07/01/2020,10:00:11,14.75,14.5,4300,14.8,8600,0,12900
TATAMOTORS27Feb20185CE.NFO,07/01/2020,10:00:18,14.75,14.55,4300,14.8,8600,0,12900
TATAMOTORS27Feb20185CE.NFO,07/01/2020,10:00:23,14.75,14.5,4300,14.8,8600,0,12900
TATAMOTORS27Feb20185CE.NFO,07/01/2020,10:00:43,14.75,14.3,4300,14.7,4300,0,12900
TATAMOTORS27Feb20185CE.NFO,07/01/2020,10:00:50,14.75,14.3,4300,14.7,8600,0,12900
TATAMOTORS27Feb20185CE.NFO,07/01/2020,10:01:09,14.75,14.3,4300,14.7,4300,0,12900
TATAMOTORS27Feb20185CE.NFO,07/01/2020,10:01:29,14.75,14.2,4300,14.65,4300,0,12900
TATAMOTORS27Feb20185CE.NFO,07/01/2020,10:01:45,14.75,14.2,4300,14.7,8600,0,12900
TATAMOTORS27Feb20185CE.NFO,07/01/2020,10:01:51,14.75,14.2,4300,14.65,4300,0,12900
TATAMOTORS27Feb20185CE.NFO,07/01/2020,10:02:03,14.75,14.2,4300,14.6,8600,0,12900
TATAMOTORS27Feb20185CE.NFO,07/01/2020,10:02:08,14.75,14.1,4300,14.5,8600,0,12900
TATAMOTORS27Feb20185CE.NFO,07/01/2020,10:02:14,14.75,14.1,4300,14.5,4300,0,12900
TATAMOTORS27Feb20185CE.NFO,07/01/2020,10:02:19,14.75,14.1,4300,14.55,8600,0,12900
TATAMOTORS27Feb20185CE.NFO,07/01/2020,10:02:33,14.75,14.1,4300,14.5,4300,0,12900
TATAMOTORS27Feb20185CE.NFO,07/01/2020,10:02:54,14.75,14.2,4300,14.6,8600,0,12900
TATAMOTORS27Feb20185CE.NFO,07/01/2020,10:02:59,14.75,14.2,4300,14.65,4300,0,12900
TATAMOTORS27Feb20185CE.NFO,07/01/2020,10:03:11,14.75,14.2,4300,14.7,4300,0,12900
TATAMOTORS27Feb20185CE.NFO,07/01/2020,10:03:17,14.75,14.2,4300,14.6,8600,0,12900
TATAMOTORS27Feb20185CE.NFO,07/01/2020,10:03:28,14.75,14.2,4300,14.6,4300,0,12900
TATAMOTORS27Feb20185CE.NFO,07/01/2020,10:03:38,14.75,14.2,4300,14.65,8600,0,12900
TATAMOTORS27Feb20185CE.NFO,07/01/2020,10:03:49,14.75,14.2,4300,14.6,8600,0,12900
TATAMOTORS27Feb20185CE.NFO,07/01/2020,10:03:54,14.75,14.1,4300,14.6,8600,0,12900
TATAMOTORS27Feb20185CE.NFO,07/01/2020,10:04:01,14.75,14.1,4300,14.55,8600,0,12900
TATAMOTORS27Feb20185CE.NFO,07/01/2020,10:04:11,14.5,14,4300,14.55,4300,4300,12900
TATAMOTORS27Feb20185CE.NFO,07/01/2020,10:04:11,14.5,14,4300,14.55,4300,0,12900
TATAMOTORS27Feb20185CE.NFO,07/01/2020,10:04:17,14.5,14,4300,14.55,4300,0,12900
TATAMOTORS27Feb20185CE.NFO,07/01/2020,10:04:21,14.5,13.95,4300,14.55,4300,0,12900
TATAMOTORS27Feb20185CE.NFO,07/01/2020,10:04:26,14.5,13.85,12900,14.55,4300,0,12900
TATAMOTORS27Feb20185CE.NFO,07/01/2020,10:04:31,14.5,13.95,4300,14.55,4300,0,12900
TATAMOTORS27Feb20185CE.NFO,07/01/2020,10:04:42,14.5,14,4300,14.65,4300,0,12900
TATAMOTORS27Feb20185CE.NFO,07/01/2020,10:04:53,14.5,13.65,51600,14.65,4300,0,12900
TATAMOTORS27Feb20185CE.NFO,07/01/2020,10:04:58,14.5,14,4300,14.65,4300,0,12900
TATAMOTORS27Feb20185CE.NFO,07/01/2020,10:05:03,14.5,13.45,12900,14.55,4300,0,12900
TATAMOTORS27Feb20185CE.NFO,07/01/2020,10:05:09,14.5,13.7,38700,14.55,4300,0,12900
TATAMOTORS27Feb20185CE.NFO,07/01/2020,10:05:14,14.5,13.85,4300,14.55,4300,0,12900
TATAMOTORS27Feb20185CE.NFO,07/01/2020,10:05:23,14.5,13.9,4300,14.55,4300,0,12900
TATAMOTORS27Feb20185CE.NFO,07/01/2020,10:05:28,14.5,13.8,12900,14.55,4300,0,12900
TATAMOTORS27Feb20185CE.NFO,07/01/2020,10:05:34,14.5,13.8,8600,14.45,4300,0,12900
TATAMOTORS27Feb20185CE.NFO,07/01/2020,10:05:41,14.5,13.85,4300,14.45,4300,0,12900
TATAMOTORS27Feb20185CE.NFO,07/01/2020,10:05:53,14.5,13.9,4300,14.55,4300,0,12900
TATAMOTORS27Feb20185CE.NFO,07/01/2020,10:05:58,14.5,13.85,4300,14.5,8600,0,12900
TATAMOTORS27Feb20185CE.NFO,07/01/2020,10:06:10,14.5,13.9,4300,14.55,4300,0,12900
TATAMOTORS27Feb20185CE.NFO,07/01/2020,10:06:22,14.5,13.95,4300,14.65,4300,0,12900
TATAMOTORS27Feb20185CE.NFO,07/01/2020,10:06:28,14.5,14.05,4300,14.65,4300,0,12900
TATAMOTORS27Feb20185CE.NFO,07/01/2020,10:06:33,14.5,14,4300,14.65,4300,0,12900
TATAMOTORS27Feb20185CE.NFO,07/01/2020,10:06:38,14.5,14.1,4300,14.65,4300,0,12900
TATAMOTORS27Feb20185CE.NFO,07/01/2020,10:06:43,14.5,14.15,4300,14.65,4300,0,12900
TATAMOTORS27Feb20185CE.NFO,07/01/2020,10:06:49,14.5,14.1,4300,14.65,4300,0,12900
TATAMOTORS27Feb20185CE.NFO,07/01/2020,10:06:58,14.5,14.05,4300,14.65,4300,0,12900
TATAMOTORS27Feb20185CE.NFO,07/01/2020,10:07:03,14.5,13.9,4300,14.65,4300,0,12900
TATAMOTORS27Feb20185CE.NFO,07/01/2020,10:07:08,14.5,14.05,4300,14.55,4300,0,12900
TATAMOTORS27Feb20185CE.NFO,07/01/2020,10:07:14,14.5,13.9,4300,14.55,4300,0,12900
TATAMOTORS27Feb20185CE.NFO,07/01/2020,10:07:26,14.5,13.95,4300,14.55,4300,0,12900
TATAMOTORS27Feb20185CE.NFO,07/01/2020,10:07:38,14.5,13.85,4300,14.45,4300,0,12900
TATAMOTORS27Feb20185CE.NFO,07/01/2020,10:07:44,14.5,13.85,4300,14.5,8600,0,12900
TATAMOTORS27Feb20185CE.NFO,07/01/2020,10:07:50,14.5,13.8,8600,14.5,8600,0,12900
TATAMOTORS27Feb20185CE.NFO,07/01/2020,10:07:56,14.5,13.85,4300,14.55,4300,0,12900
TATAMOTORS27Feb20185CE.NFO,07/01/2020,10:08:01,14.5,13.95,4300,14.55,4300,0,12900
TATAMOTORS27Feb20185CE.NFO,07/01/2020,10:08:06,14.5,13.9,4300,14.55,4300,0,12900
TATAMOTORS27Feb20185CE.NFO,07/01/2020,10:08:11,14.5,13.8,4300,14.55,4300,0,12900
TATAMOTORS27Feb20185CE.NFO,07/01/2020,10:08:16,14.5,13.85,4300,14.5,8600,0,12900
TATAMOTORS27Feb20185CE.NFO,07/01/2020,10:08:21,14.5,13.8,4300,14.45,4300,0,12900
TATAMOTORS27Feb20185CE.NFO,07/01/2020,10:08:27,14.5,13.95,4300,14.55,4300,0,12900
TATAMOTORS27Feb20185CE.NFO,07/01/2020,10:08:41,14.5,14,4300,14.55,4300,0,12900
TATAMOTORS27Feb20185CE.NFO,07/01/2020,10:08:47,14.5,13.9,4300,14.55,4300,0,12900
TATAMOTORS27Feb20185CE.NFO,07/01/2020,10:08:53,14.5,13.95,4300,14.6,4300,0,12900
TATAMOTORS27Feb20185CE.NFO,07/01/2020,10:08:58,14.5,14.1,4300,14.65,4300,0,12900
TATAMOTORS27Feb20185CE.NFO,07/01/2020,10:09:04,14.5,14,4300,14.65,4300,0,12900
TATAMOTORS27Feb20185CE.NFO,07/01/2020,10:09:09,14.5,14.05,4300,14.65,4300,0,12900
TATAMOTORS27Feb20185CE.NFO,07/01/2020,10:09:14,14.5,14,4300,14.65,4300,0,12900
TATAMOTORS27Feb20185CE.NFO,07/01/2020,10:09:20,14.5,13.9,4300,14.65,4300,0,12900
TATAMOTORS27Feb20185CE.NFO,07/01/2020,10:09:30,14.5,13.85,4300,14.55,4300,0,12900
TATAMOTORS27Feb20185CE.NFO,07/01/2020,10:09:41,14.5,13.8,4300,14.55,4300,0,12900
TATAMOTORS27Feb20185CE.NFO,07/01/2020,10:09:45,14.5,13.85,4300,14.55,4300,0,12900
TATAMOTORS27Feb20185CE.NFO,07/01/2020,10:09:55,14.5,13.9,4300,14.55,4300,0,12900
TATAMOTORS27Feb20185CE.NFO,07/01/2020,10:10:09,14.5,13.9,4300,14.65,4300,0,12900
TATAMOTORS27Feb20185CE.NFO,07/01/2020,10:10:15,14.5,13.9,4300,14.55,4300,0,12900
TATAMOTORS27Feb20185CE.NFO,07/01/2020,10:10:21,14.5,13.85,4300,14.55,4300,0,12900
TATAMOTORS27Feb20185CE.NFO,07/01/2020,10:10:26,14.5,13.9,4300,14.55,4300,0,12900
TATAMOTORS27Feb20185CE.NFO,07/01/2020,10:10:40,14.5,13.85,4300,14.55,4300,0,12900
TATAMOTORS27Feb20185CE.NFO,07/01/2020,10:10:45,14.5,13.9,4300,14.55,4300,0,12900
TATAMOTORS27Feb20185CE.NFO,07/01/2020,10:11:36,14.5,13.85,4300,14.55,4300,0,12900
TATAMOTORS27Feb20185CE.NFO,07/01/2020,10:11:42,14.5,13.9,4300,14.55,4300,0,12900
TATAMOTORS27Feb20185CE.NFO,07/01/2020,10:12:06,14.5,13.95,4300,14.65,4300,0,12900
TATAMOTORS27Feb20185CE.NFO,07/01/2020,10:12:17,14.5,13.9,4300,14.65,4300,0,12900
TATAMOTORS27Feb20185CE.NFO,07/01/2020,10:12:22,14.5,13.95,4300,14.65,4300,0,12900
TATAMOTORS27Feb20185CE.NFO,07/01/2020,10:12:27,14.5,13.9,4300,14.65,4300,0,12900
TATAMOTORS27Feb20185CE.NFO,07/01/2020,10:12:44,14.5,13.95,4300,14.65,4300,0,12900
TATAMOTORS27Feb20185CE.NFO,07/01/2020,10:13:24,14.5,14.05,4300,14.65,4300,0,12900
TATAMOTORS27Feb20185CE.NFO,07/01/2020,10:13:31,14.5,14.05,4300,14.75,4300,0,12900
TATAMOTORS27Feb20185CE.NFO,07/01/2020,10:13:42,14.5,14.15,4300,14.8,4300,0,12900
TATAMOTORS27Feb20185CE.NFO,07/01/2020,10:13:47,14.5,14.1,4300,14.8,4300,0,12900
TATAMOTORS27Feb20185CE.NFO,07/01/2020,10:13:59,14.5,14.1,4300,14.85,4300,0,12900
TATAMOTORS27Feb20185CE.NFO,07/01/2020,10:14:09,14.5,14.15,4300,14.85,4300,0,12900
TATAMOTORS27Feb20185CE.NFO,07/01/2020,10:14:55,14.5,14.35,4300,14.95,4300,0,12900
TATAMOTORS27Feb20185CE.NFO,07/01/2020,10:15:01,14.5,14.2,4300,14.95,4300,0,12900
TATAMOTORS27Feb20185CE.NFO,07/01/2020,10:15:32,14.5,14.15,4300,14.85,4300,0,12900
TATAMOTORS27Feb20185CE.NFO,07/01/2020,10:15:38,14.5,14.2,4300,14.85,4300,0,12900
TATAMOTORS27Feb20185CE.NFO,07/01/2020,10:15:43,14.5,14.15,4300,14.85,4300,0,12900
TATAMOTORS27Feb20185CE.NFO,07/01/2020,10:15:49,14.5,14.1,4300,14.75,4300,0,12900
TATAMOTORS27Feb20185CE.NFO,07/01/2020,10:16:22,14.5,14.1,4300,14.8,4300,0,12900
TATAMOTORS27Feb20185CE.NFO,07/01/2020,10:16:48,14.5,14.1,8600,14.8,4300,0,12900
TATAMOTORS27Feb20185CE.NFO,07/01/2020,10:16:52,14.5,14.2,4300,14.8,4300,0,12900
TATAMOTORS27Feb20185CE.NFO,07/01/2020,10:16:57,14.5,14.2,4300,14.9,4300,0,12900
TATAMOTORS27Feb20185CE.NFO,07/01/2020,10:17:03,14.5,14.25,4300,14.9,4300,0,12900
TATAMOTORS27Feb20185CE.NFO,07/01/2020,10:17:09,14.5,14.2,8600,14.9,4300,0,12900
TATAMOTORS27Feb20185CE.NFO,07/01/2020,10:17:15,14.5,14.25,4300,14.9,4300,0,12900
TATAMOTORS27Feb20185CE.NFO,07/01/2020,10:17:20,14.5,14.2,4300,14.9,4300,0,12900
TATAMOTORS27Feb20185CE.NFO,07/01/2020,10:17:25,14.5,14.25,4300,14.9,4300,0,12900
TATAMOTORS27Feb20185CE.NFO,07/01/2020,10:17:29,14.5,14.2,4300,14.9,4300,0,12900
TATAMOTORS27Feb20185CE.NFO,07/01/2020,10:17:40,14.5,14.15,4300,14.9,4300,0,12900
TATAMOTORS27Feb20185CE.NFO,07/01/2020,10:17:52,14.5,14.2,4300,14.9,4300,0,12900
TATAMOTORS27Feb20185CE.NFO,07/01/2020,10:18:12,14.5,14.15,4300,14.9,4300,0,12900
TATAMOTORS27Feb20185CE.NFO,07/01/2020,10:18:20,14.5,14.2,4300,14.9,4300,0,12900
TATAMOTORS27Feb20185CE.NFO,07/01/2020,10:19:17,14.5,14.3,4300,15,4300,0,12900
TATAMOTORS27Feb20185CE.NFO,07/01/2020,10:19:22,14.5,14.35,8600,15,4300,0,12900
TATAMOTORS27Feb20185CE.NFO,07/01/2020,10:19:27,14.5,14.45,4300,15.05,4300,0,12900
TATAMOTORS27Feb20185CE.NFO,07/01/2020,10:19:31,14.5,14.45,4300,15.15,8600,0,12900
TATAMOTORS27Feb20185CE.NFO,07/01/2020,10:19:36,14.5,14.5,4300,15.15,8600,0,12900
TATAMOTORS27Feb20185CE.NFO,07/01/2020,10:19:44,14.5,14.45,4300,15.1,4300,0,12900
TATAMOTORS27Feb20185CE.NFO,07/01/2020,10:19:49,14.5,14.5,4300,15.2,4300,0,12900
TATAMOTORS27Feb20185CE.NFO,07/01/2020,10:19:55,14.5,14.55,4300,15.2,4300,0,12900
TATAMOTORS27Feb20185CE.NFO,07/01/2020,10:20:01,14.5,14.5,4300,15.2,4300,0,12900
TATAMOTORS27Feb20185CE.NFO,07/01/2020,10:20:15,14.5,14.4,4300,15.2,4300,0,12900
TATAMOTORS27Feb20185CE.NFO,07/01/2020,10:20:20,14.5,14.4,4300,15.1,4300,0,12900
TATAMOTORS27Feb20185CE.NFO,07/01/2020,10:20:38,14.5,14.45,4300,15.1,4300,0,12900
TATAMOTORS27Feb20185CE.NFO,07/01/2020,10:20:41,14.5,14.45,4300,15.2,4300,0,12900
TATAMOTORS27Feb20185CE.NFO,07/01/2020,10:20:46,14.5,14.5,4300,15.2,4300,0,12900
TATAMOTORS27Feb20185CE.NFO,07/01/2020,10:20:50,14.5,14.55,8600,15.3,4300,0,12900
TATAMOTORS27Feb20185CE.NFO,07/01/2020,10:20:54,14.5,14.6,4300,15.3,4300,0,12900
TATAMOTORS27Feb20185CE.NFO,07/01/2020,10:20:59,14.5,14.65,4300,15.4,4300,0,12900
TATAMOTORS27Feb20185CE.NFO,07/01/2020,10:21:08,14.5,14.6,4300,15.3,4300,0,12900
TATAMOTORS27Feb20185CE.NFO,07/01/2020,10:21:23,14.5,14.65,4300,15.4,4300,0,12900
TATAMOTORS27Feb20185CE.NFO,07/01/2020,10:21:33,14.5,14.65,4300,15.3,4300,0,12900
TATAMOTORS27Feb20185CE.NFO,07/01/2020,10:21:38,14.5,14.7,4300,15.4,4300,0,12900
TATAMOTORS27Feb20185CE.NFO,07/01/2020,10:21:47,14.5,14.65,4300,15.35,4300,0,12900
TATAMOTORS27Feb20185CE.NFO,07/01/2020,10:21:51,14.5,14.65,4300,15.3,4300,0,12900
TATAMOTORS27Feb20185CE.NFO,07/01/2020,10:22:15,14.5,14.6,4300,15.2,4300,0,12900
TATAMOTORS27Feb20185CE.NFO,07/01/2020,10:22:32,14.5,14.55,4300,15.2,4300,0,12900
TATAMOTORS27Feb20185CE.NFO,07/01/2020,10:22:36,14.5,14.5,4300,15.1,4300,0,12900
TATAMOTORS27Feb20185CE.NFO,07/01/2020,10:22:47,14.5,14.4,4300,15,4300,0,12900
TATAMOTORS27Feb20185CE.NFO,07/01/2020,10:23:04,14.5,14.45,4300,15.1,4300,0,12900
TATAMOTORS27Feb20185CE.NFO,07/01/2020,10:23:14,14.5,14.5,4300,15.1,4300,0,12900
TATAMOTORS27Feb20185CE.NFO,07/01/2020,10:23:19,14.5,14.45,4300,15.1,4300,0,12900
TATAMOTORS27Feb20185CE.NFO,07/01/2020,10:23:28,14.5,14.4,4300,15,4300,0,12900
TATAMOTORS27Feb20185CE.NFO,07/01/2020,10:23:34,14.5,14.5,4300,15.1,4300,0,12900
TATAMOTORS27Feb20185CE.NFO,07/01/2020,10:23:43,14.5,14.45,4300,15.1,4300,0,12900
TATAMOTORS27Feb20185CE.NFO,07/01/2020,10:23:49,14.5,14.5,4300,15.1,4300,0,12900
TATAMOTORS27Feb20185CE.NFO,07/01/2020,10:23:57,14.5,14.45,4300,15.1,4300,0,12900
TATAMOTORS27Feb20185CE.NFO,07/01/2020,10:24:14,14.5,14.5,4300,15.1,4300,0,12900
TATAMOTORS27Feb20185CE.NFO,07/01/2020,10:24:18,14.5,14.4,4300,15,4300,0,12900
TATAMOTORS27Feb20185CE.NFO,07/01/2020,10:24:37,14.5,14.35,4300,15,4300,0,12900
TATAMOTORS27Feb20185CE.NFO,07/01/2020,10:24:41,14.5,14.4,4300,15,4300,0,12900
TATAMOTORS27Feb20185CE.NFO,07/01/2020,10:24:49,14.5,14.35,4300,15,4300,0,12900
TATAMOTORS27Feb20185CE.NFO,07/01/2020,10:24:57,14.5,14.35,4300,14.9,4300,0,12900
TATAMOTORS27Feb20185CE.NFO,07/01/2020,10:26:48,14.5,14.25,4300,14.8,4300,0,12900
TATAMOTORS27Feb20185CE.NFO,07/01/2020,10:27:18,14.5,14.25,4300,14.9,4300,0,12900
TATAMOTORS27Feb20185CE.NFO,07/01/2020,10:27:34,14.5,14.1,4300,14.8,4300,0,12900
TATAMOTORS27Feb20185CE.NFO,07/01/2020,10:27:38,14.5,14.15,4300,14.8,4300,0,12900
TATAMOTORS27Feb20185CE.NFO,07/01/2020,10:27:42,14.5,14.1,4300,14.8,4300,0,12900
TATAMOTORS27Feb20185CE.NFO,07/01/2020,10:27:47,14.5,14.05,8600,14.7,4300,0,12900
TATAMOTORS27Feb20185CE.NFO,07/01/2020,10:27:51,14.5,14.05,4300,14.7,4300,0,12900
TATAMOTORS27Feb20185CE.NFO,07/01/2020,10:27:55,14.5,14.1,4300,14.7,4300,0,12900
TATAMOTORS27Feb20185CE.NFO,07/01/2020,10:28:04,14.5,14.05,4300,14.7,4300,0,12900
TATAMOTORS27Feb20185CE.NFO,07/01/2020,10:28:13,14.5,14.1,4300,14.7,4300,0,12900
TATAMOTORS27Feb20185CE.NFO,07/01/2020,10:28:22,14.5,14.1,4300,14.8,4300,0,12900
TATAMOTORS27Feb20185CE.NFO,07/01/2020,10:28:27,14.5,14.15,4300,14.8,4300,0,12900
TATAMOTORS27Feb20185CE.NFO,07/01/2020,10:28:40,14.5,14.2,4300,14.8,4300,0,12900
TATAMOTORS27Feb20185CE.NFO,07/01/2020,10:29:25,14.5,14.1,4300,14.8,4300,0,12900
TATAMOTORS27Feb20185CE.NFO,07/01/2020,10:29:29,14.5,14.05,4300,14.7,4300,0,12900
TATAMOTORS27Feb20185CE.NFO,07/01/2020,10:29:36,14.5,14.05,8600,14.7,4300,0,12900
TATAMOTORS27Feb20185CE.NFO,07/01/2020,10:29:40,14.5,14.1,4300,14.7,4300,0,12900
TATAMOTORS27Feb20185CE.NFO,07/01/2020,10:30:12,14.5,14.1,4300,14.8,4300,0,12900
TATAMOTORS27Feb20185CE.NFO,07/01/2020,10:30:19,14.5,14.05,4300,14.8,4300,0,12900
TATAMOTORS27Feb20185CE.NFO,07/01/2020,10:30:22,14.5,14.1,4300,14.85,4300,0,12900
TATAMOTORS27Feb20185CE.NFO,07/01/2020,10:30:33,14.5,14.1,4300,14.85,8600,0,12900
TATAMOTORS27Feb20185CE.NFO,07/01/2020,10:30:59,14.5,14.1,4300,14.8,4300,0,12900
TATAMOTORS27Feb20185CE.NFO,07/01/2020,10:31:43,14.5,14.05,4300,14.8,4300,0,8600
TATAMOTORS27Feb20185CE.NFO,07/01/2020,10:31:48,14.5,14.05,4300,14.7,4300,0,8600
TATAMOTORS27Feb20185CE.NFO,07/01/2020,10:31:52,14.5,13.95,4300,14.7,4300,0,8600
TATAMOTORS27Feb20185CE.NFO,07/01/2020,10:32:14,14.5,13.95,4300,14.65,8600,0,8600
TATAMOTORS27Feb20185CE.NFO,07/01/2020,10:32:20,14.5,13.95,4300,14.7,4300,0,8600
TATAMOTORS27Feb20185CE.NFO,07/01/2020,10:32:29,14.5,13.9,4300,14.7,4300,0,8600
TATAMOTORS27Feb20185CE.NFO,07/01/2020,10:32:37,14.5,13.95,4300,14.7,4300,0,8600
TATAMOTORS27Feb20185CE.NFO,07/01/2020,10:33:15,14.5,13.95,4300,14.6,4300,0,8600
TATAMOTORS27Feb20185CE.NFO,07/01/2020,10:33:25,14.5,14.05,4300,14.7,4300,0,8600
TATAMOTORS27Feb20185CE.NFO,07/01/2020,10:33:52,14.5,14.1,4300,14.7,4300,0,8600
TATAMOTORS27Feb20185CE.NFO,07/01/2020,10:33:57,14.5,14.05,4300,14.7,4300,0,8600
TATAMOTORS27Feb20185CE.NFO,07/01/2020,10:34:00,14.5,14.1,4300,14.7,4300,0,8600
TATAMOTORS27Feb20185CE.NFO,07/01/2020,10:34:10,14.5,14.1,4300,14.8,4300,0,8600
TATAMOTORS27Feb20185CE.NFO,07/01/2020,10:34:17,14.5,14.15,4300,14.8,4300,0,8600
TATAMOTORS27Feb20185CE.NFO,07/01/2020,10:34:25,14.5,14.2,4300,14.8,4300,0,8600
TATAMOTORS27Feb20185CE.NFO,07/01/2020,10:34:51,14.5,14.25,4300,14.95,4300,0,8600
TATAMOTORS27Feb20185CE.NFO,07/01/2020,10:34:56,14.5,14.2,4300,14.85,4300,0,8600
TATAMOTORS27Feb20185CE.NFO,07/01/2020,10:37:16,14.5,14.15,4300,14.8,4300,0,8600
TATAMOTORS27Feb20185CE.NFO,07/01/2020,10:37:19,14.5,14.15,4300,14.75,4300,0,8600
TATAMOTORS27Feb20185CE.NFO,07/01/2020,10:37:22,14.5,14.1,4300,14.75,4300,0,8600
TATAMOTORS27Feb20185CE.NFO,07/01/2020,10:37:41,14.5,14.05,4300,14.75,4300,0,8600
TATAMOTORS27Feb20185CE.NFO,07/01/2020,10:37:52,14.5,14.1,4300,14.75,4300,0,8600
TATAMOTORS27Feb20185CE.NFO,07/01/2020,10:38:06,14.5,14.15,4300,14.85,4300,0,8600
TATAMOTORS27Feb20185CE.NFO,07/01/2020,10:38:09,14.5,14.1,4300,14.85,4300,0,8600
TATAMOTORS27Feb20185CE.NFO,07/01/2020,10:38:21,14.5,14.1,4300,14.75,4300,0,8600
TATAMOTORS27Feb20185CE.NFO,07/01/2020,10:39:03,14.5,14.1,4300,14.8,8600,0,8600
TATAMOTORS27Feb20185CE.NFO,07/01/2020,10:39:08,14.5,14.1,4300,14.75,4300,0,8600
TATAMOTORS27Feb20185CE.NFO,07/01/2020,10:39:12,14.5,14.1,4300,14.85,4300,0,8600
TATAMOTORS27Feb20185CE.NFO,07/01/2020,10:39:32,14.5,14.1,4300,14.75,4300,0,8600
TATAMOTORS27Feb20185CE.NFO,07/01/2020,10:39:45,14.5,14.05,4300,14.75,4300,0,8600
TATAMOTORS27Feb20185CE.NFO,07/01/2020,10:40:13,14.5,14.1,4300,14.75,4300,0,8600
TATAMOTORS27Feb20185CE.NFO,07/01/2020,10:40:17,14.5,14.05,4300,14.75,4300,0,8600
TATAMOTORS27Feb20185CE.NFO,07/01/2020,10:40:21,14.5,14.1,4300,14.75,4300,0,8600
TATAMOTORS27Feb20185CE.NFO,07/01/2020,10:40:25,14.5,14.05,4300,14.75,4300,0,8600
TATAMOTORS27Feb20185CE.NFO,07/01/2020,10:41:23,14.5,14.1,4300,14.85,4300,0,8600
TATAMOTORS27Feb20185CE.NFO,07/01/2020,10:41:29,14.5,14.15,4300,14.85,4300,0,8600
TATAMOTORS27Feb20185CE.NFO,07/01/2020,10:42:01,14.5,14.2,4300,14.85,4300,0,8600
TATAMOTORS27Feb20185CE.NFO,07/01/2020,10:42:06,14.5,14.2,4300,14.95,4300,0,8600
TATAMOTORS27Feb20185CE.NFO,07/01/2020,10:42:16,14.5,14.15,4300,14.85,4300,0,8600
TATAMOTORS27Feb20185CE.NFO,07/01/2020,10:42:20,14.5,14.2,4300,14.85,4300,0,8600
TATAMOTORS27Feb20185CE.NFO,07/01/2020,10:43:22,14.5,14.05,4300,14.75,4300,0,8600
TATAMOTORS27Feb20185CE.NFO,07/01/2020,10:43:26,14.5,14.1,4300,14.85,8600,0,8600
TATAMOTORS27Feb20185CE.NFO,07/01/2020,10:43:52,14.5,14.05,4300,14.75,4300,0,8600
TATAMOTORS27Feb20185CE.NFO,07/01/2020,10:44:45,14.5,13.95,4300,14.75,4300,0,8600
TATAMOTORS27Feb20185CE.NFO,07/01/2020,10:45:13,14.5,14.35,8600,14.75,4300,0,8600
TATAMOTORS27Feb20185CE.NFO,07/01/2020,10:45:18,14.5,14.35,4300,14.75,4300,0,8600
TATAMOTORS27Feb20185CE.NFO,07/01/2020,10:46:27,14.5,14.4,4300,14.85,4300,0,8600
TATAMOTORS27Feb20185CE.NFO,07/01/2020,10:47:05,14.5,14.4,4300,14.75,4300,0,8600
TATAMOTORS27Feb20185CE.NFO,07/01/2020,10:47:18,14.5,14.5,4300,14.85,4300,0,8600
TATAMOTORS27Feb20185CE.NFO,07/01/2020,10:47:24,14.5,14.45,8600,14.85,4300,0,8600
TATAMOTORS27Feb20185CE.NFO,07/01/2020,10:47:31,14.5,14.5,4300,14.85,4300,0,8600
TATAMOTORS27Feb20185CE.NFO,07/01/2020,10:48:35,14.5,14.4,4300,14.85,4300,0,8600
TATAMOTORS27Feb20185CE.NFO,07/01/2020,10:48:41,14.5,14.4,4300,14.8,4300,0,8600
TATAMOTORS27Feb20185CE.NFO,07/01/2020,10:48:45,14.5,14.4,4300,14.85,4300,0,8600
TATAMOTORS27Feb20185CE.NFO,07/01/2020,10:48:49,14.5,14.4,4300,14.8,4300,0,8600
TATAMOTORS27Feb20185CE.NFO,07/01/2020,10:48:52,14.5,14.4,4300,14.85,4300,0,8600
TATAMOTORS27Feb20185CE.NFO,07/01/2020,10:48:56,14.5,14.35,4300,14.85,4300,0,8600
TATAMOTORS27Feb20185CE.NFO,07/01/2020,10:49:07,14.5,14.35,4300,14.75,4300,0,8600
TATAMOTORS27Feb20185CE.NFO,07/01/2020,10:49:14,14.5,14.35,4300,14.85,4300,0,8600
TATAMOTORS27Feb20185CE.NFO,07/01/2020,10:49:20,14.5,14.35,4300,14.75,4300,0,8600
TATAMOTORS27Feb20185CE.NFO,07/01/2020,10:49:23,14.5,14.35,4300,14.85,4300,0,8600
TATAMOTORS27Feb20185CE.NFO,07/01/2020,10:49:30,14.5,14.35,4300,14.75,4300,0,8600
TATAMOTORS27Feb20185CE.NFO,07/01/2020,10:49:33,14.5,14.35,4300,14.85,4300,0,8600
TATAMOTORS27Feb20185CE.NFO,07/01/2020,10:49:36,14.5,14.35,4300,14.75,4300,0,8600
TATAMOTORS27Feb20185CE.NFO,07/01/2020,10:49:45,14.5,14.35,4300,14.8,4300,0,8600
TATAMOTORS27Feb20185CE.NFO,07/01/2020,10:49:49,14.5,14.35,4300,14.75,4300,0,8600
TATAMOTORS27Feb20185CE.NFO,07/01/2020,10:49:53,14.5,14.35,4300,14.8,4300,0,8600
TATAMOTORS27Feb20185CE.NFO,07/01/2020,10:49:57,14.5,14.3,4300,14.75,4300,0,8600
TATAMOTORS27Feb20185CE.NFO,07/01/2020,10:50:03,14.5,14.3,4300,14.7,4300,0,8600
TATAMOTORS27Feb20185CE.NFO,07/01/2020,10:50:08,14.5,14.3,4300,14.65,4300,0,8600
TATAMOTORS27Feb20185CE.NFO,07/01/2020,10:50:13,14.5,14.3,4300,14.7,4300,0,8600
TATAMOTORS27Feb20185CE.NFO,07/01/2020,10:50:19,14.5,14.3,4300,14.65,4300,0,8600
TATAMOTORS27Feb20185CE.NFO,07/01/2020,10:50:24,14.5,14.3,4300,14.75,4300,0,8600
TATAMOTORS27Feb20185CE.NFO,07/01/2020,10:50:29,14.5,14.3,4300,14.65,4300,0,8600
TATAMOTORS27Feb20185CE.NFO,07/01/2020,10:50:35,14.5,14.3,4300,14.7,4300,0,8600
TATAMOTORS27Feb20185CE.NFO,07/01/2020,10:50:50,14.5,14.25,4300,14.65,4300,0,8600
TATAMOTORS27Feb20185CE.NFO,07/01/2020,10:51:34,14.5,14.25,4300,14.55,4300,0,8600
TATAMOTORS27Feb20185CE.NFO,07/01/2020,10:51:42,14.5,14.25,4300,14.65,4300,0,8600
TATAMOTORS27Feb20185CE.NFO,07/01/2020,10:51:46,14.5,14.3,4300,14.65,4300,0,8600
TATAMOTORS27Feb20185CE.NFO,07/01/2020,10:51:59,14.5,14.25,4300,14.55,4300,0,8600
TATAMOTORS27Feb20185CE.NFO,07/01/2020,10:52:03,14.5,14.25,4300,14.65,4300,0,8600
TATAMOTORS27Feb20185CE.NFO,07/01/2020,10:52:21,14.5,14.25,4300,14.7,4300,0,8600
TATAMOTORS27Feb20185CE.NFO,07/01/2020,10:52:30,14.5,14.25,4300,14.65,4300,0,8600
TATAMOTORS27Feb20185CE.NFO,07/01/2020,10:52:38,14.5,14.25,4300,14.75,4300,0,8600
TATAMOTORS27Feb20185CE.NFO,07/01/2020,10:52:42,14.5,14.25,8600,14.75,4300,0,8600
TATAMOTORS27Feb20185CE.NFO,07/01/2020,10:52:46,14.5,14.3,4300,14.75,4300,0,8600
TATAMOTORS27Feb20185CE.NFO,07/01/2020,10:52:50,14.5,14.35,4300,14.75,4300,0,8600
TATAMOTORS27Feb20185CE.NFO,07/01/2020,10:52:55,14.5,14.35,4300,14.65,4300,0,8600
TATAMOTORS27Feb20185CE.NFO,07/01/2020,10:53:00,14.5,14.25,4300,14.7,4300,0,8600
TATAMOTORS27Feb20185CE.NFO,07/01/2020,10:53:07,14.5,14.2,4300,14.65,4300,0,8600
TATAMOTORS27Feb20185CE.NFO,07/01/2020,10:53:13,14.5,14.2,4300,14.75,4300,0,8600
TATAMOTORS27Feb20185CE.NFO,07/01/2020,10:53:20,14.5,14.2,4300,14.7,4300,0,8600
TATAMOTORS27Feb20185CE.NFO,07/01/2020,10:53:26,14.5,14.25,4300,14.7,4300,0,8600
TATAMOTORS27Feb20185CE.NFO,07/01/2020,10:53:32,14.5,14.25,4300,14.75,8600,0,8600
TATAMOTORS27Feb20185CE.NFO,07/01/2020,10:53:37,14.5,14.2,4300,14.6,4300,0,8600
TATAMOTORS27Feb20185CE.NFO,07/01/2020,10:53:42,14.5,14.2,4300,14.7,4300,0,8600
TATAMOTORS27Feb20185CE.NFO,07/01/2020,10:53:48,14.5,14.2,4300,14.6,4300,0,8600
TATAMOTORS27Feb20185CE.NFO,07/01/2020,10:54:01,14.5,14.15,4300,14.6,4300,0,8600
TATAMOTORS27Feb20185CE.NFO,07/01/2020,10:54:19,14.5,14.1,4300,14.5,4300,0,8600
TATAMOTORS27Feb20185CE.NFO,07/01/2020,10:54:25,14.5,14.05,4300,14.5,4300,0,8600
TATAMOTORS27Feb20185CE.NFO,07/01/2020,10:54:30,14.5,14.15,4300,14.55,4300,0,8600
TATAMOTORS27Feb20185CE.NFO,07/01/2020,10:54:39,14.5,14.15,4300,14.6,4300,0,8600
TATAMOTORS27Feb20185CE.NFO,07/01/2020,10:54:43,14.5,14.15,4300,14.5,4300,0,8600
TATAMOTORS27Feb20185CE.NFO,07/01/2020,10:54:48,14.5,14.1,4300,14.5,4300,0,8600
TATAMOTORS27Feb20185CE.NFO,07/01/2020,10:55:11,14.5,14.05,8600,14.5,4300,0,8600
TATAMOTORS27Feb20185CE.NFO,07/01/2020,10:55:15,14.5,14.1,4300,14.5,4300,0,8600
TATAMOTORS27Feb20185CE.NFO,07/01/2020,10:55:19,14.5,14.05,8600,14.5,4300,0,8600
TATAMOTORS27Feb20185CE.NFO,07/01/2020,10:55:24,14.5,14.1,4300,14.5,4300,0,8600
TATAMOTORS27Feb20185CE.NFO,07/01/2020,10:55:29,14.5,14,8600,14.4,4300,0,8600
TATAMOTORS27Feb20185CE.NFO,07/01/2020,10:55:34,14.5,13.9,8600,14.25,8600,0,8600
TATAMOTORS27Feb20185CE.NFO,07/01/2020,10:55:40,14.5,13.95,8600,14.3,4300,0,8600
TATAMOTORS27Feb20185CE.NFO,07/01/2020,10:55:49,14.5,14,8600,14.4,4300,0,8600
TATAMOTORS27Feb20185CE.NFO,07/01/2020,10:55:53,14.5,13.95,8600,14.3,4300,0,8600
TATAMOTORS27Feb20185CE.NFO,07/01/2020,10:55:58,14.5,13.95,4300,14.3,4300,0,8600
TATAMOTORS27Feb20185CE.NFO,07/01/2020,10:56:08,14.5,13.95,8600,14.3,4300,0,8600
TATAMOTORS27Feb20185CE.NFO,07/01/2020,10:56:19,14.5,14,8600,14.4,4300,0,8600
TATAMOTORS27Feb20185CE.NFO,07/01/2020,10:56:23,14.5,13.95,4300,14.4,4300,0,8600
TATAMOTORS27Feb20185CE.NFO,07/01/2020,10:56:28,14.5,14,4300,14.45,4300,0,8600
TATAMOTORS27Feb20185CE.NFO,07/01/2020,10:56:32,14.5,14,4300,14.55,4300,0,8600
TATAMOTORS27Feb20185CE.NFO,07/01/2020,10:56:37,14.5,14,4300,14.45,4300,0,8600
TATAMOTORS27Feb20185CE.NFO,07/01/2020,10:56:42,14.5,14,4300,14.35,4300,0,8600
TATAMOTORS27Feb20185CE.NFO,07/01/2020,10:56:47,14.5,14,4300,14.5,4300,0,8600
TATAMOTORS27Feb20185CE.NFO,07/01/2020,10:56:51,14.5,14,4300,14.45,4300,0,8600
TATAMOTORS27Feb20185CE.NFO,07/01/2020,10:56:56,14.5,14,4300,14.5,4300,0,8600
TATAMOTORS27Feb20185CE.NFO,07/01/2020,10:57:01,14.5,14,4300,14.45,4300,0,8600
TATAMOTORS27Feb20185CE.NFO,07/01/2020,10:57:04,14.5,13.95,4300,14.45,4300,0,8600
TATAMOTORS27Feb20185CE.NFO,07/01/2020,10:57:09,14.5,13.85,8600,14.3,4300,0,8600
TATAMOTORS27Feb20185CE.NFO,07/01/2020,10:57:15,14.5,13.85,8600,14.4,4300,0,8600
TATAMOTORS27Feb20185CE.NFO,07/01/2020,10:57:22,14.5,13.9,4300,14.45,4300,0,8600
TATAMOTORS27Feb20185CE.NFO,07/01/2020,10:57:29,14.5,14,4300,15.3,30100,0,8600
TATAMOTORS27Feb20185CE.NFO,07/01/2020,10:57:36,14.5,14,8600,14.55,4300,0,8600
TATAMOTORS27Feb20185CE.NFO,07/01/2020,10:57:41,14.5,14,8600,14.5,4300,0,8600
TATAMOTORS27Feb20185CE.NFO,07/01/2020,10:57:47,14.5,14.1,8600,14.65,4300,0,8600
TATAMOTORS27Feb20185CE.NFO,07/01/2020,10:57:53,14.5,14.1,8600,14.5,4300,0,8600
TATAMOTORS27Feb20185CE.NFO,07/01/2020,10:57:57,14.5,14.1,8600,14.7,4300,0,8600
TATAMOTORS27Feb20185CE.NFO,07/01/2020,10:58:01,14.5,14.1,4300,14.5,4300,0,8600
TATAMOTORS27Feb20185CE.NFO,07/01/2020,10:58:07,14.5,14,8600,14.65,4300,0,8600
TATAMOTORS27Feb20185CE.NFO,07/01/2020,10:58:12,14.5,14.05,4300,14.55,4300,0,8600
TATAMOTORS27Feb20185CE.NFO,07/01/2020,10:58:16,14.5,14.1,8600,14.55,4300,0,8600
TATAMOTORS27Feb20185CE.NFO,07/01/2020,10:58:22,14.5,14.1,4300,14.5,4300,0,8600
TATAMOTORS27Feb20185CE.NFO,07/01/2020,10:58:28,14.5,14.1,8600,14.7,4300,0,8600
TATAMOTORS27Feb20185CE.NFO,07/01/2020,10:58:33,14.5,14.1,8600,14.55,4300,0,8600
TATAMOTORS27Feb20185CE.NFO,07/01/2020,10:58:44,14.5,14.05,4300,14.6,4300,0,8600
TATAMOTORS27Feb20185CE.NFO,07/01/2020,10:58:56,14.5,14,4300,14.55,4300,0,8600
TATAMOTORS27Feb20185CE.NFO,07/01/2020,10:59:01,14.5,14,4300,14.6,4300,0,8600
TATAMOTORS27Feb20185CE.NFO,07/01/2020,10:59:07,14.5,14,4300,14.55,4300,0,8600
TATAMOTORS27Feb20185CE.NFO,07/01/2020,10:59:38,14.5,14.05,4300,14.55,4300,0,8600
TATAMOTORS27Feb20185CE.NFO,07/01/2020,10:59:44,14.5,14,8600,14.4,4300,0,8600
TATAMOTORS27Feb20185CE.NFO,07/01/2020,10:59:50,14.5,14,4300,14.4,4300,0,8600
TATAMOTORS27Feb20185CE.NFO,07/01/2020,10:59:55,14.5,14.05,4300,14.6,4300,0,8600
TATAMOTORS27Feb20185CE.NFO,07/01/2020,11:00:06,14.5,14.05,4300,14.45,4300,0,8600
TATAMOTORS27Feb20185CE.NFO,07/01/2020,11:00:12,14.5,14,4300,14.6,12900,0,8600
TATAMOTORS27Feb20185CE.NFO,07/01/2020,11:00:19,14.5,13.95,4300,14.5,4300,0,8600
TATAMOTORS27Feb20185CE.NFO,07/01/2020,11:00:25,14.5,13.95,4300,14.75,12900,0,8600
TATAMOTORS27Feb20185CE.NFO,07/01/2020,11:00:32,14.5,13.95,4300,14.5,4300,0,8600
TATAMOTORS27Feb20185CE.NFO,07/01/2020,11:00:40,14.5,13.95,4300,14.45,4300,0,8600
TATAMOTORS27Feb20185CE.NFO,07/01/2020,11:00:53,14.5,13.9,4300,14.4,4300,0,8600
TATAMOTORS27Feb20185CE.NFO,07/01/2020,11:01:00,14.5,13.8,4300,14.3,4300,0,8600
TATAMOTORS27Feb20185CE.NFO,07/01/2020,11:01:16,14.5,13.75,4300,14.25,4300,0,8600
TATAMOTORS27Feb20185CE.NFO,07/01/2020,11:01:37,14.5,13.8,4300,14.3,4300,0,8600
TATAMOTORS27Feb20185CE.NFO,07/01/2020,11:01:45,14.5,13.95,4300,14.6,4300,0,8600
TATAMOTORS27Feb20185CE.NFO,07/01/2020,11:01:54,14.5,13.9,4300,14.4,4300,0,8600
TATAMOTORS27Feb20185CE.NFO,07/01/2020,11:02:01,14.5,13.8,4300,14.3,4300,0,8600
TATAMOTORS27Feb20185CE.NFO,07/01/2020,11:02:08,14.5,13.8,4300,14.4,4300,0,8600
TATAMOTORS27Feb20185CE.NFO,07/01/2020,11:02:15,14.5,13.9,4300,14.4,4300,0,8600
TATAMOTORS27Feb20185CE.NFO,07/01/2020,11:02:22,14.5,13.9,4300,14.6,4300,0,8600
TATAMOTORS27Feb20185CE.NFO,07/01/2020,11:02:36,14.5,13.8,4300,14.5,4300,0,8600
TATAMOTORS27Feb20185CE.NFO,07/01/2020,11:03:15,14.5,13.8,4300,14.6,34400,0,8600
TATAMOTORS27Feb20185CE.NFO,07/01/2020,11:03:21,14.5,13.8,4300,14.5,4300,0,8600
TATAMOTORS27Feb20185CE.NFO,07/01/2020,11:04:20,14.5,13.7,4300,14.5,4300,0,8600
TATAMOTORS27Feb20185CE.NFO,07/01/2020,11:04:26,14.5,13.8,4300,14.5,4300,0,8600
TATAMOTORS27Feb20185CE.NFO,07/01/2020,11:04:46,14.5,13.75,4300,14.4,4300,0,8600
TATAMOTORS27Feb20185CE.NFO,07/01/2020,11:04:53,14.5,13.75,4300,14.45,4300,0,8600
TATAMOTORS27Feb20185CE.NFO,07/01/2020,11:05:00,14.5,13.8,4300,14.6,4300,0,8600
TATAMOTORS27Feb20185CE.NFO,07/01/2020,11:05:07,14.5,13.75,4300,14.2,4300,0,8600
TATAMOTORS27Feb20185CE.NFO,07/01/2020,11:05:14,14.5,13.75,4300,14.4,4300,0,8600
TATAMOTORS27Feb20185CE.NFO,07/01/2020,11:05:21,14.5,13.75,4300,14.2,4300,0,8600
TATAMOTORS27Feb20185CE.NFO,07/01/2020,11:05:27,14.5,13.75,4300,14.35,4300,0,8600
TATAMOTORS27Feb20185CE.NFO,07/01/2020,11:05:33,14.5,13.75,4300,14.25,4300,0,8600
TATAMOTORS27Feb20185CE.NFO,07/01/2020,11:05:46,14.5,13.8,4300,14.4,4300,0,8600
TATAMOTORS27Feb20185CE.NFO,07/01/2020,11:05:53,14.5,13.85,4300,14.4,4300,0,8600
TATAMOTORS27Feb20185CE.NFO,07/01/2020,11:06:00,14.5,13.95,4300,14.45,4300,0,8600
TATAMOTORS27Feb20185CE.NFO,07/01/2020,11:06:07,14.5,14,4300,14.45,4300,0,8600
TATAMOTORS27Feb20185CE.NFO,07/01/2020,11:06:14,14.5,14,4300,14.5,4300,0,8600
TATAMOTORS27Feb20185CE.NFO,07/01/2020,11:06:27,14.5,13.9,4300,14.55,4300,0,8600
TATAMOTORS27Feb20185CE.NFO,07/01/2020,11:06:33,14.5,13.9,4300,14.4,4300,0,8600
TATAMOTORS27Feb20185CE.NFO,07/01/2020,11:06:43,14.5,13.9,4300,14.3,4300,0,8600
TATAMOTORS27Feb20185CE.NFO,07/01/2020,11:06:48,14.5,13.9,4300,14.4,4300,0,8600
TATAMOTORS27Feb20185CE.NFO,07/01/2020,11:06:59,14.5,13.9,4300,14.7,4300,0,8600
TATAMOTORS27Feb20185CE.NFO,07/01/2020,11:07:05,14.5,13.85,4300,14.4,4300,0,8600
TATAMOTORS27Feb20185CE.NFO,07/01/2020,11:07:10,14.5,13.85,4300,14.35,4300,0,8600
TATAMOTORS27Feb20185CE.NFO,07/01/2020,11:07:21,14.5,13.9,4300,14.35,4300,0,8600
TATAMOTORS27Feb20185CE.NFO,07/01/2020,11:07:26,14.5,13.9,4300,14.3,4300,0,8600
TATAMOTORS27Feb20185CE.NFO,07/01/2020,11:07:31,14.5,13.9,4300,14.35,4300,0,8600
TATAMOTORS27Feb20185CE.NFO,07/01/2020,11:07:42,14.5,13.9,4300,14.3,4300,0,8600
TATAMOTORS27Feb20185CE.NFO,07/01/2020,11:07:52,14.5,13.85,4300,14.3,4300,0,8600
TATAMOTORS27Feb20185CE.NFO,07/01/2020,11:07:56,14.5,13.9,4300,14.35,4300,0,8600
TATAMOTORS27Feb20185CE.NFO,07/01/2020,11:08:01,14.5,13.9,4300,14.3,4300,0,8600
TATAMOTORS27Feb20185CE.NFO,07/01/2020,11:08:31,14.5,13.9,4300,14.4,4300,0,8600
TATAMOTORS27Feb20185CE.NFO,07/01/2020,11:08:36,14.5,13.9,4300,14.35,4300,0,8600
TATAMOTORS27Feb20185CE.NFO,07/01/2020,11:08:41,14.5,13.85,4300,14.3,4300,0,8600
TATAMOTORS27Feb20185CE.NFO,07/01/2020,11:08:51,14.5,13.8,4300,14.3,4300,0,8600
TATAMOTORS27Feb20185CE.NFO,07/01/2020,11:08:54,14.5,13.8,4300,14.25,4300,0,8600
TATAMOTORS27Feb20185CE.NFO,07/01/2020,11:08:59,14.5,13.8,8600,14.25,4300,0,8600
TATAMOTORS27Feb20185CE.NFO,07/01/2020,11:09:04,14.5,13.85,4300,14.3,4300,0,8600
TATAMOTORS27Feb20185CE.NFO,07/01/2020,11:09:08,14.5,13.9,4300,14.3,4300,0,8600
TATAMOTORS27Feb20185CE.NFO,07/01/2020,11:09:13,14.5,13.85,4300,14.3,4300,0,8600
TATAMOTORS27Feb20185CE.NFO,07/01/2020,11:09:19,14.5,13.9,4300,14.65,4300,0,8600
TATAMOTORS27Feb20185CE.NFO,07/01/2020,11:09:24,14.5,13.8,4300,14.45,4300,0,8600
TATAMOTORS27Feb20185CE.NFO,07/01/2020,11:09:29,14.5,13.8,4300,14.25,4300,0,8600
TATAMOTORS27Feb20185CE.NFO,07/01/2020,11:09:34,14.5,13.75,4300,14.45,4300,0,8600
TATAMOTORS27Feb20185CE.NFO,07/01/2020,11:09:40,14.5,13.6,4300,14.35,4300,0,8600
TATAMOTORS27Feb20185CE.NFO,07/01/2020,11:09:45,14.5,13.6,4300,14.05,4300,0,8600
TATAMOTORS27Feb20185CE.NFO,07/01/2020,11:09:57,14.5,13.7,4300,14.1,4300,0,8600
TATAMOTORS27Feb20185CE.NFO,07/01/2020,11:10:06,14.5,13.65,4300,14.05,4300,0,8600
TATAMOTORS27Feb20185CE.NFO,07/01/2020,11:10:11,14.5,13.65,4300,14.1,4300,0,8600
TATAMOTORS27Feb20185CE.NFO,07/01/2020,11:10:16,14.5,13.65,4300,14.15,4300,0,8600
TATAMOTORS27Feb20185CE.NFO,07/01/2020,11:10:21,14.5,13.7,4300,14.35,4300,0,8600
TATAMOTORS27Feb20185CE.NFO,07/01/2020,11:10:26,14.5,13.7,4300,14.4,4300,0,8600
TATAMOTORS27Feb20185CE.NFO,07/01/2020,11:10:29,14.5,13.65,4300,14.3,4300,0,8600
TATAMOTORS27Feb20185CE.NFO,07/01/2020,11:10:33,14.5,13.7,4300,14.2,4300,0,8600
TATAMOTORS27Feb20185CE.NFO,07/01/2020,11:10:40,14.5,13.7,4300,14.35,4300,0,8600
TATAMOTORS27Feb20185CE.NFO,07/01/2020,11:10:43,14.5,13.7,4300,14.15,4300,0,8600
TATAMOTORS27Feb20185CE.NFO,07/01/2020,11:10:47,14.5,13.65,4300,14.15,4300,0,8600
TATAMOTORS27Feb20185CE.NFO,07/01/2020,11:11:01,14.5,13.65,4300,14.3,4300,0,8600
TATAMOTORS27Feb20185CE.NFO,07/01/2020,11:11:05,14.5,13.65,4300,14.15,4300,0,8600
TATAMOTORS27Feb20185CE.NFO,07/01/2020,11:11:10,14.5,13.65,4300,14.1,4300,0,8600
TATAMOTORS27Feb20185CE.NFO,07/01/2020,11:11:15,14.5,13.55,4300,14.05,4300,0,8600
TATAMOTORS27Feb20185CE.NFO,07/01/2020,11:11:39,14.5,13.4,8600,14.05,4300,0,8600
TATAMOTORS27Feb20185CE.NFO,07/01/2020,11:11:46,14.5,13.55,4300,14.3,30100,0,8600
TATAMOTORS27Feb20185CE.NFO,07/01/2020,11:11:52,14.5,13.55,4300,14.1,4300,0,8600
TATAMOTORS27Feb20185CE.NFO,07/01/2020,11:11:59,14.5,13.55,4300,14.05,4300,0,8600
TATAMOTORS27Feb20185CE.NFO,07/01/2020,11:12:08,14.5,13.45,4300,14.1,4300,0,8600
TATAMOTORS27Feb20185CE.NFO,07/01/2020,11:12:15,14.5,13.55,4300,14.2,8600,0,8600
TATAMOTORS27Feb20185CE.NFO,07/01/2020,11:12:22,14.5,13.55,4300,14.05,4300,0,8600
TATAMOTORS27Feb20185CE.NFO,07/01/2020,11:12:27,14.5,13.55,4300,14,4300,0,8600
TATAMOTORS27Feb20185CE.NFO,07/01/2020,11:12:33,14.5,13.6,4300,14.35,12900,0,8600
TATAMOTORS27Feb20185CE.NFO,07/01/2020,11:12:39,14.5,13.6,4300,14.2,4300,0,8600
TATAMOTORS27Feb20185CE.NFO,07/01/2020,11:12:55,14.5,13.6,4300,14.3,4300,0,8600
TATAMOTORS27Feb20185CE.NFO,07/01/2020,11:13:00,14.5,13.6,4300,14.15,4300,0,8600
TATAMOTORS27Feb20185CE.NFO,07/01/2020,11:13:10,14.5,13.5,4300,14.15,4300,0,8600
TATAMOTORS27Feb20185CE.NFO,07/01/2020,11:13:16,14.5,13.5,4300,14,4300,0,8600
TATAMOTORS27Feb20185CE.NFO,07/01/2020,11:13:21,14.5,13.5,4300,14.1,4300,0,8600
TATAMOTORS27Feb20185CE.NFO,07/01/2020,11:13:32,14.5,13.45,4300,14.5,38700,0,8600
TATAMOTORS27Feb20185CE.NFO,07/01/2020,11:13:39,14.5,13.45,4300,14.05,4300,0,8600
TATAMOTORS27Feb20185CE.NFO,07/01/2020,11:13:44,14.5,13.5,4300,14.1,4300,0,8600
TATAMOTORS27Feb20185CE.NFO,07/01/2020,11:13:50,14.5,13.45,4300,14.15,12900,0,8600
TATAMOTORS27Feb20185CE.NFO,07/01/2020,11:13:56,14.5,13.45,4300,14.15,4300,0,8600
TATAMOTORS27Feb20185CE.NFO,07/01/2020,11:14:06,14.5,13.45,4300,14.05,4300,0,8600
TATAMOTORS27Feb20185CE.NFO,07/01/2020,11:14:16,14.5,13.45,4300,14.15,4300,0,8600
TATAMOTORS27Feb20185CE.NFO,07/01/2020,11:14:22,14.5,13.45,4300,14.1,4300,0,8600
TATAMOTORS27Feb20185CE.NFO,07/01/2020,11:14:27,14.5,13.4,4300,14.75,73100,0,8600
TATAMOTORS27Feb20185CE.NFO,07/01/2020,11:14:31,14.5,13.4,4300,14.15,4300,0,8600
TATAMOTORS27Feb20185CE.NFO,07/01/2020,11:14:36,14.5,13.4,4300,14,4300,0,8600
TATAMOTORS27Feb20185CE.NFO,07/01/2020,11:14:40,14.5,13.35,4300,13.95,4300,0,8600
TATAMOTORS27Feb20185CE.NFO,07/01/2020,11:14:54,14.5,13.35,4300,13.9,4300,0,8600
TATAMOTORS27Feb20185CE.NFO,07/01/2020,11:15:00,14.5,13.35,4300,13.95,4300,0,8600
TATAMOTORS27Feb20185CE.NFO,07/01/2020,11:15:07,14.5,13.35,4300,13.85,4300,0,8600
TATAMOTORS27Feb20185CE.NFO,07/01/2020,11:15:13,14.5,13.1,4300,13.8,4300,0,8600
TATAMOTORS27Feb20185CE.NFO,07/01/2020,11:15:19,14.5,13.2,4300,13.9,4300,0,8600
TATAMOTORS27Feb20185CE.NFO,07/01/2020,11:15:25,14.5,13.2,4300,14.65,47300,0,8600
TATAMOTORS27Feb20185CE.NFO,07/01/2020,11:15:30,14.5,13.25,4300,13.9,4300,0,8600
TATAMOTORS27Feb20185CE.NFO,07/01/2020,11:15:35,14.5,13.2,4300,13.9,4300,0,8600
TATAMOTORS27Feb20185CE.NFO,07/01/2020,11:15:40,14.5,13.2,4300,14.05,4300,0,8600
TATAMOTORS27Feb20185CE.NFO,07/01/2020,11:15:44,14.5,13.2,4300,13.85,4300,0,8600
TATAMOTORS27Feb20185CE.NFO,07/01/2020,11:15:49,14.5,13.2,4300,14.1,4300,0,8600
TATAMOTORS27Feb20185CE.NFO,07/01/2020,11:15:52,14.5,13.2,4300,13.85,4300,0,8600
TATAMOTORS27Feb20185CE.NFO,07/01/2020,11:15:57,14.5,13.2,4300,14,4300,0,8600
TATAMOTORS27Feb20185CE.NFO,07/01/2020,11:16:02,14.5,13.15,4300,13.95,4300,0,8600
TATAMOTORS27Feb20185CE.NFO,07/01/2020,11:16:08,14.5,13.25,4300,15.45,55900,0,8600
TATAMOTORS27Feb20185CE.NFO,07/01/2020,11:16:14,14.5,13.2,8600,14,4300,0,8600
TATAMOTORS27Feb20185CE.NFO,07/01/2020,11:16:20,14.5,13.25,4300,13.9,4300,0,8600
TATAMOTORS27Feb20185CE.NFO,07/01/2020,11:16:27,14.5,13.3,4300,14.1,4300,0,8600
TATAMOTORS27Feb20185CE.NFO,07/01/2020,11:16:32,14.5,13,4300,14.05,4300,0,8600
TATAMOTORS27Feb20185CE.NFO,07/01/2020,11:16:37,14.5,13.25,4300,14.15,4300,0,8600
TATAMOTORS27Feb20185CE.NFO,07/01/2020,11:16:42,14.5,13.2,4300,15.45,38700,0,8600
TATAMOTORS27Feb20185CE.NFO,07/01/2020,11:16:47,14.5,13.1,4300,14.3,4300,0,8600
TATAMOTORS27Feb20185CE.NFO,07/01/2020,11:16:58,14.5,13.3,4300,14.2,4300,0,8600
TATAMOTORS27Feb20185CE.NFO,07/01/2020,11:17:03,14.5,12.9,4300,14.05,8600,0,8600
TATAMOTORS27Feb20185CE.NFO,07/01/2020,11:17:08,14.5,13.2,4300,14.15,4300,0,8600
TATAMOTORS27Feb20185CE.NFO,07/01/2020,11:17:25,14.5,13.15,4300,14.05,4300,0,8600
TATAMOTORS27Feb20185CE.NFO,07/01/2020,11:17:30,14.5,13.05,4300,14.1,4300,0,8600
TATAMOTORS27Feb20185CE.NFO,07/01/2020,11:17:35,14.5,13.3,4300,15.8,21500,0,8600
TATAMOTORS27Feb20185CE.NFO,07/01/2020,11:17:42,14.5,12.95,4300,14.2,4300,0,8600
TATAMOTORS27Feb20185CE.NFO,07/01/2020,11:17:48,14.5,13.1,4300,14.1,4300,0,8600
TATAMOTORS27Feb20185CE.NFO,07/01/2020,11:17:53,14.5,13.25,4300,14.2,4300,0,8600
TATAMOTORS27Feb20185CE.NFO,07/01/2020,11:17:58,14.5,13.05,4300,14.15,4300,0,8600
TATAMOTORS27Feb20185CE.NFO,07/01/2020,11:18:02,14.5,13.05,4300,14.1,4300,0,8600
TATAMOTORS27Feb20185CE.NFO,07/01/2020,11:18:07,14.5,13.2,4300,14.15,4300,0,8600
TATAMOTORS27Feb20185CE.NFO,07/01/2020,11:18:16,14.5,13.2,4300,14.3,4300,0,8600
TATAMOTORS27Feb20185CE.NFO,07/01/2020,11:18:21,14.5,13.25,4300,14.3,4300,0,8600
TATAMOTORS27Feb20185CE.NFO,07/01/2020,11:18:25,14.5,13.1,4300,14.3,4300,0,8600
TATAMOTORS27Feb20185CE.NFO,07/01/2020,11:18:30,14.5,12.95,4300,14.3,4300,0,8600
TATAMOTORS27Feb20185CE.NFO,07/01/2020,11:18:35,14.5,13.2,4300,14.3,21500,0,8600
TATAMOTORS27Feb20185CE.NFO,07/01/2020,11:18:42,14.5,13.05,4300,14.3,4300,0,8600
TATAMOTORS27Feb20185CE.NFO,07/01/2020,11:18:50,14.5,13.25,4300,14.3,4300,0,8600
TATAMOTORS27Feb20185CE.NFO,07/01/2020,11:19:08,14.5,13.25,12900,14.3,4300,0,8600
TATAMOTORS27Feb20185CE.NFO,07/01/2020,11:19:13,14.5,13.25,4300,14.3,4300,0,8600
TATAMOTORS27Feb20185CE.NFO,07/01/2020,11:19:21,14.5,13.05,4300,14,4300,0,8600
TATAMOTORS27Feb20185CE.NFO,07/01/2020,11:19:29,14.5,12.95,4300,13.95,4300,0,8600
TATAMOTORS27Feb20185CE.NFO,07/01/2020,11:19:36,14.5,13.15,8600,14.45,38700,0,8600
TATAMOTORS27Feb20185CE.NFO,07/01/2020,11:19:41,14.5,13,4300,14.25,4300,0,8600
TATAMOTORS27Feb20185CE.NFO,07/01/2020,11:19:47,14.5,13.2,4300,14.25,4300,0,8600
TATAMOTORS27Feb20185CE.NFO,07/01/2020,11:19:52,14.5,13.1,4300,14.25,4300,0,8600
TATAMOTORS27Feb20185CE.NFO,07/01/2020,11:19:56,14.5,12.95,4300,14.25,8600,0,8600
TATAMOTORS27Feb20185CE.NFO,07/01/2020,11:20:00,14.5,13.2,4300,14.15,4300,0,8600
TATAMOTORS27Feb20185CE.NFO,07/01/2020,11:20:05,14.5,12.9,4300,14.15,4300,0,8600
TATAMOTORS27Feb20185CE.NFO,07/01/2020,11:20:11,14.5,13.2,4300,14.15,4300,0,8600
TATAMOTORS27Feb20185CE.NFO,07/01/2020,11:20:17,14.5,13.3,4300,14.25,4300,0,8600
TATAMOTORS27Feb20185CE.NFO,07/01/2020,11:20:27,14.5,13.35,4300,14.25,4300,0,8600
TATAMOTORS27Feb20185CE.NFO,07/01/2020,11:20:33,14.5,13.3,4300,14.2,4300,0,8600
TATAMOTORS27Feb20185CE.NFO,07/01/2020,11:20:38,14.5,13.15,4300,14.15,4300,0,8600
TATAMOTORS27Feb20185CE.NFO,07/01/2020,11:20:44,14.5,13.3,12900,14.2,4300,0,8600
TATAMOTORS27Feb20185CE.NFO,07/01/2020,11:20:49,14.5,13.35,4300,14.2,4300,0,8600
TATAMOTORS27Feb20185CE.NFO,07/01/2020,11:21:01,14.5,13.4,4300,14.2,4300,0,8600
TATAMOTORS27Feb20185CE.NFO,07/01/2020,11:21:06,14.5,13.3,30100,14.2,4300,0,8600
TATAMOTORS27Feb20185CE.NFO,07/01/2020,11:21:11,14.5,13.4,4300,14.25,4300,0,8600
TATAMOTORS27Feb20185CE.NFO,07/01/2020,11:21:20,14.5,13.45,4300,14.4,4300,0,8600
TATAMOTORS27Feb20185CE.NFO,07/01/2020,11:21:29,14.5,13.35,4300,14.2,4300,0,8600
TATAMOTORS27Feb20185CE.NFO,07/01/2020,11:21:35,14.5,13.3,4300,14.2,4300,0,8600
TATAMOTORS27Feb20185CE.NFO,07/01/2020,11:21:40,14.5,13.35,4300,14.2,4300,0,8600
TATAMOTORS27Feb20185CE.NFO,07/01/2020,11:21:49,14.5,13.35,4300,14.15,4300,0,8600
TATAMOTORS27Feb20185CE.NFO,07/01/2020,11:22:08,14.5,13.35,4300,14.2,4300,0,8600
TATAMOTORS27Feb20185CE.NFO,07/01/2020,11:22:11,14.5,13.35,4300,14.15,8600,0,8600
TATAMOTORS27Feb20185CE.NFO,07/01/2020,11:22:15,14.5,13.35,4300,14.15,4300,0,8600
TATAMOTORS27Feb20185CE.NFO,07/01/2020,11:23:02,14.5,13.35,12900,14.15,4300,0,8600
TATAMOTORS27Feb20185CE.NFO,07/01/2020,11:23:07,14.5,13.4,4300,14.25,4300,0,8600
TATAMOTORS27Feb20185CE.NFO,07/01/2020,11:23:12,14.5,13.4,4300,14.15,4300,0,8600
TATAMOTORS27Feb20185CE.NFO,07/01/2020,11:23:17,14.5,13.35,12900,14.15,4300,0,8600
TATAMOTORS27Feb20185CE.NFO,07/01/2020,11:23:22,14.5,13.4,4300,14.25,4300,0,8600
TATAMOTORS27Feb20185CE.NFO,07/01/2020,11:23:36,14.5,13.35,4300,14.25,4300,0,8600
TATAMOTORS27Feb20185CE.NFO,07/01/2020,11:23:41,14.5,13.45,4300,14.25,4300,0,8600
TATAMOTORS27Feb20185CE.NFO,07/01/2020,11:23:57,14.5,13.4,4300,14.25,4300,0,8600
TATAMOTORS27Feb20185CE.NFO,07/01/2020,11:24:03,14.5,13.5,4300,14.25,4300,0,8600
TATAMOTORS27Feb20185CE.NFO,07/01/2020,11:24:07,14.5,13.45,4300,14.3,8600,0,8600
TATAMOTORS27Feb20185CE.NFO,07/01/2020,11:24:13,14.5,13.5,4300,14.3,8600,0,8600
TATAMOTORS27Feb20185CE.NFO,07/01/2020,11:24:17,14.5,13.5,4300,14.25,4300,0,8600
TATAMOTORS27Feb20185CE.NFO,07/01/2020,11:24:54,14.5,13.45,4300,14.25,4300,0,8600
TATAMOTORS27Feb20185CE.NFO,07/01/2020,11:24:58,14.5,13.35,30100,14.15,4300,0,8600
TATAMOTORS27Feb20185CE.NFO,07/01/2020,11:25:03,14.5,13.45,4300,14.15,4300,0,8600
TATAMOTORS27Feb20185CE.NFO,07/01/2020,11:25:08,14.5,13.35,4300,14.15,4300,0,8600
TATAMOTORS27Feb20185CE.NFO,07/01/2020,11:25:12,14.5,13.4,4300,14.15,4300,0,8600
TATAMOTORS27Feb20185CE.NFO,07/01/2020,11:25:21,14.5,13.35,4300,14.15,4300,0,8600
TATAMOTORS27Feb20185CE.NFO,07/01/2020,11:25:27,14.5,13.25,4300,14.05,4300,0,8600
TATAMOTORS27Feb20185CE.NFO,07/01/2020,11:25:36,14.5,13.1,4300,13.95,4300,0,8600
TATAMOTORS27Feb20185CE.NFO,07/01/2020,11:25:40,14.5,13.2,4300,13.95,4300,0,8600
TATAMOTORS27Feb20185CE.NFO,07/01/2020,11:25:46,14.5,13.25,4300,13.95,4300,0,8600
TATAMOTORS27Feb20185CE.NFO,07/01/2020,11:25:51,14.5,13.2,4300,13.95,4300,0,8600
TATAMOTORS27Feb20185CE.NFO,07/01/2020,11:26:02,14.5,13.1,4300,13.95,4300,0,8600
TATAMOTORS27Feb20185CE.NFO,07/01/2020,11:26:05,14.5,13.2,4300,13.95,4300,0,8600
TATAMOTORS27Feb20185CE.NFO,07/01/2020,11:26:13,14.5,12.9,4300,13.85,4300,0,8600
TATAMOTORS27Feb20185CE.NFO,07/01/2020,11:26:16,14.5,13.2,4300,13.85,4300,0,8600
TATAMOTORS27Feb20185CE.NFO,07/01/2020,11:26:21,14.5,13.2,4300,13.95,4300,0,8600
TATAMOTORS27Feb20185CE.NFO,07/01/2020,11:26:34,14.5,13.3,4300,13.95,4300,0,8600
TATAMOTORS27Feb20185CE.NFO,07/01/2020,11:26:38,14.5,13.25,4300,13.95,4300,0,8600
TATAMOTORS27Feb20185CE.NFO,07/01/2020,11:26:43,14.5,13.2,4300,13.95,4300,0,8600
TATAMOTORS27Feb20185CE.NFO,07/01/2020,11:27:03,14.5,13.2,4300,13.85,4300,0,8600
TATAMOTORS27Feb20185CE.NFO,07/01/2020,11:27:52,14.5,13.25,4300,13.85,4300,0,8600
TATAMOTORS27Feb20185CE.NFO,07/01/2020,11:28:00,14.5,13.25,4300,13.95,4300,0,8600
TATAMOTORS27Feb20185CE.NFO,07/01/2020,11:28:38,14.5,13.05,4300,13.95,4300,0,8600
TATAMOTORS27Feb20185CE.NFO,07/01/2020,11:28:40,14.5,13.25,4300,13.95,4300,0,8600
TATAMOTORS27Feb20185CE.NFO,07/01/2020,11:28:44,14.5,13.3,4300,13.95,4300,0,8600
TATAMOTORS27Feb20185CE.NFO,07/01/2020,11:28:49,14.5,13.3,4300,14,8600,0,8600
TATAMOTORS27Feb20185CE.NFO,07/01/2020,11:28:56,14.5,13.3,4300,13.95,4300,0,8600
TATAMOTORS27Feb20185CE.NFO,07/01/2020,11:29:08,14.5,12.95,4300,13.95,4300,0,8600
TATAMOTORS27Feb20185CE.NFO,07/01/2020,11:29:12,14.5,13.1,4300,13.95,4300,0,8600
TATAMOTORS27Feb20185CE.NFO,07/01/2020,11:29:15,14.5,13.05,4300,13.95,4300,0,8600
TATAMOTORS27Feb20185CE.NFO,07/01/2020,11:29:19,14.5,13.1,4300,13.95,4300,0,8600
TATAMOTORS27Feb20185CE.NFO,07/01/2020,11:29:22,14.5,13.05,4300,13.95,4300,0,8600
TATAMOTORS27Feb20185CE.NFO,07/01/2020,11:29:26,14.5,12.95,4300,13.95,4300,0,8600
TATAMOTORS27Feb20185CE.NFO,07/01/2020,11:29:30,14.5,13.05,4300,13.95,4300,0,8600
TATAMOTORS27Feb20185CE.NFO,07/01/2020,11:29:34,14.5,12.95,4300,13.95,4300,0,8600
TATAMOTORS27Feb20185CE.NFO,07/01/2020,11:29:37,14.5,13.1,4300,13.95,4300,0,8600
TATAMOTORS27Feb20185CE.NFO,07/01/2020,11:29:40,14.5,12.95,4300,13.95,4300,0,8600
TATAMOTORS27Feb20185CE.NFO,07/01/2020,11:29:43,14.5,13.25,4300,13.95,4300,0,8600
TATAMOTORS27Feb20185CE.NFO,07/01/2020,11:29:47,14.5,13.2,4300,13.95,4300,0,8600
TATAMOTORS27Feb20185CE.NFO,07/01/2020,11:29:57,14.5,13.05,4300,13.95,4300,0,8600
TATAMOTORS27Feb20185CE.NFO,07/01/2020,11:29:58,14.5,13.25,4300,13.95,4300,0,8600
TATAMOTORS27Feb20185CE.NFO,07/01/2020,11:30:00,14.5,13.1,4300,13.95,4300,0,8600
TATAMOTORS27Feb20185CE.NFO,07/01/2020,11:30:03,14.5,13.25,4300,13.95,4300,0,8600
TATAMOTORS27Feb20185CE.NFO,07/01/2020,11:30:06,14.5,13.05,4300,13.95,4300,0,8600
TATAMOTORS27Feb20185CE.NFO,07/01/2020,11:30:08,14.5,13.1,4300,13.95,4300,0,8600
TATAMOTORS27Feb20185CE.NFO,07/01/2020,11:30:11,14.5,12.95,4300,13.95,4300,0,8600
TATAMOTORS27Feb20185CE.NFO,07/01/2020,11:30:15,14.5,13.1,4300,13.95,4300,0,8600
TATAMOTORS27Feb20185CE.NFO,07/01/2020,11:30:29,14.5,13.05,4300,13.95,4300,0,8600
TATAMOTORS27Feb20185CE.NFO,07/01/2020,11:30:32,14.5,13.1,4300,13.95,4300,0,8600
TATAMOTORS27Feb20185CE.NFO,07/01/2020,11:30:36,14.5,13.05,4300,13.95,4300,0,8600
TATAMOTORS27Feb20185CE.NFO,07/01/2020,11:30:39,14.5,13.1,4300,13.95,4300,0,8600
TATAMOTORS27Feb20185CE.NFO,07/01/2020,11:30:42,14.5,13.05,4300,13.95,4300,0,8600
TATAMOTORS27Feb20185CE.NFO,07/01/2020,11:30:45,14.5,13.1,4300,13.95,4300,0,8600
TATAMOTORS27Feb20185CE.NFO,07/01/2020,11:30:51,14.5,13.05,4300,13.95,4300,0,8600
TATAMOTORS27Feb20185CE.NFO,07/01/2020,11:30:56,14.5,13.15,17200,13.95,4300,0,8600
TATAMOTORS27Feb20185CE.NFO,07/01/2020,11:31:00,14.5,13.3,12900,14.05,4300,0,8600
TATAMOTORS27Feb20185CE.NFO,07/01/2020,11:31:08,14.5,13.35,4300,14.05,4300,0,8600
TATAMOTORS27Feb20185CE.NFO,07/01/2020,11:31:50,14.5,13.4,4300,14.05,4300,0,8600
TATAMOTORS27Feb20185CE.NFO,07/01/2020,11:31:56,14.5,13.4,4300,14.1,8600,0,8600
TATAMOTORS27Feb20185CE.NFO,07/01/2020,11:32:02,14.5,13.4,4300,14.15,4300,0,8600
TATAMOTORS27Feb20185CE.NFO,07/01/2020,11:32:33,14.5,13.3,4300,14.05,4300,0,8600
TATAMOTORS27Feb20185CE.NFO,07/01/2020,11:32:38,14.5,13.35,4300,14.05,4300,0,8600
TATAMOTORS27Feb20185CE.NFO,07/01/2020,11:32:43,14.5,13.3,4300,14.05,4300,0,8600
TATAMOTORS27Feb20185CE.NFO,07/01/2020,11:32:47,14.5,13.25,4300,14.05,4300,0,8600
TATAMOTORS27Feb20185CE.NFO,07/01/2020,11:32:50,14.5,13,4300,14.05,4300,0,8600
TATAMOTORS27Feb20185CE.NFO,07/01/2020,11:33:06,14.5,13.25,4300,14.05,4300,0,8600
TATAMOTORS27Feb20185CE.NFO,07/01/2020,11:33:09,14.5,13.3,4300,14.05,4300,0,8600
TATAMOTORS27Feb20185CE.NFO,07/01/2020,11:33:16,14.5,13.35,4300,14.05,4300,0,8600
TATAMOTORS27Feb20185CE.NFO,07/01/2020,11:33:37,14.5,13.4,4300,14.05,4300,0,8600
TATAMOTORS27Feb20185CE.NFO,07/01/2020,11:33:41,14.5,13.35,4300,14.05,4300,0,8600
TATAMOTORS27Feb20185CE.NFO,07/01/2020,11:33:45,14.5,13.35,4300,14.15,4300,0,8600
TATAMOTORS27Feb20185CE.NFO,07/01/2020,11:33:50,14.5,13.4,4300,14.15,4300,0,8600
TATAMOTORS27Feb20185CE.NFO,07/01/2020,11:33:59,14.5,13.45,4300,14.25,4300,0,8600
TATAMOTORS27Feb20185CE.NFO,07/01/2020,11:34:13,14.5,13.5,4300,14.35,4300,0,8600
TATAMOTORS27Feb20185CE.NFO,07/01/2020,11:34:20,14.5,13.55,4300,14.35,4300,0,8600
TATAMOTORS27Feb20185CE.NFO,07/01/2020,11:34:26,14.5,13.5,12900,14.25,4300,0,8600
TATAMOTORS27Feb20185CE.NFO,07/01/2020,11:34:32,14.5,13.55,4300,14.35,4300,0,8600
TATAMOTORS27Feb20185CE.NFO,07/01/2020,11:34:39,14.5,13.5,4300,14.35,4300,0,8600
TATAMOTORS27Feb20185CE.NFO,07/01/2020,11:34:45,14.5,13.4,30100,14.35,4300,0,8600
TATAMOTORS27Feb20185CE.NFO,07/01/2020,11:34:51,14.5,13.5,4300,14.35,4300,0,8600
TATAMOTORS27Feb20185CE.NFO,07/01/2020,11:35:09,14.5,13.6,4300,14.35,4300,0,8600
TATAMOTORS27Feb20185CE.NFO,07/01/2020,11:35:16,14.5,13.55,4300,14.35,4300,0,8600
TATAMOTORS27Feb20185CE.NFO,07/01/2020,11:35:22,14.5,13.6,4300,14.35,4300,0,8600
TATAMOTORS27Feb20185CE.NFO,07/01/2020,11:35:28,14.5,13.55,4300,14.35,4300,0,8600
TATAMOTORS27Feb20185CE.NFO,07/01/2020,11:35:33,14.5,13.65,4300,14.45,4300,0,8600
TATAMOTORS27Feb20185CE.NFO,07/01/2020,11:36:11,14.5,13.45,55900,14.45,4300,0,8600
TATAMOTORS27Feb20185CE.NFO,07/01/2020,11:36:16,14.5,13.65,4300,14.45,4300,0,8600
TATAMOTORS27Feb20185CE.NFO,07/01/2020,11:36:21,14.5,13.65,4300,14.5,8600,0,8600
TATAMOTORS27Feb20185CE.NFO,07/01/2020,11:36:27,14.5,13.65,4300,14.45,4300,0,8600
TATAMOTORS27Feb20185CE.NFO,07/01/2020,11:36:54,14.5,13.55,4300,14.35,4300,0,8600
TATAMOTORS27Feb20185CE.NFO,07/01/2020,11:37:01,14.5,13.55,12900,14.35,4300,0,8600
TATAMOTORS27Feb20185CE.NFO,07/01/2020,11:37:07,14.5,13.5,30100,14.35,4300,0,8600
TATAMOTORS27Feb20185CE.NFO,07/01/2020,11:37:12,14.5,13.5,4300,14.35,4300,0,8600
TATAMOTORS27Feb20185CE.NFO,07/01/2020,11:37:17,14.5,13.5,4300,14.25,4300,0,8600
TATAMOTORS27Feb20185CE.NFO,07/01/2020,11:37:22,14.5,13.45,4300,14.25,4300,0,8600
TATAMOTORS27Feb20185CE.NFO,07/01/2020,11:37:26,14.5,13.35,30100,14.25,4300,0,8600
TATAMOTORS27Feb20185CE.NFO,07/01/2020,11:37:30,14.5,13.4,12900,14.25,4300,0,8600
TATAMOTORS27Feb20185CE.NFO,07/01/2020,11:37:35,14.5,13.4,4300,14.25,4300,0,8600
TATAMOTORS27Feb20185CE.NFO,07/01/2020,11:37:40,14.5,13.5,4300,14.25,4300,0,8600
TATAMOTORS27Feb20185CE.NFO,07/01/2020,11:37:51,14.5,13.45,4300,14.25,4300,0,8600
TATAMOTORS27Feb20185CE.NFO,07/01/2020,11:37:58,14.5,13.5,4300,14.25,4300,0,8600
TATAMOTORS27Feb20185CE.NFO,07/01/2020,11:38:04,14.5,13.45,4300,14.25,4300,0,8600
TATAMOTORS27Feb20185CE.NFO,07/01/2020,11:38:09,14.5,13.5,4300,14.3,4300,0,8600
TATAMOTORS27Feb20185CE.NFO,07/01/2020,11:38:21,14.5,13.6,4300,14.35,4300,0,8600
TATAMOTORS27Feb20185CE.NFO,07/01/2020,11:38:25,14.5,13.65,4300,14.35,4300,0,8600
TATAMOTORS27Feb20185CE.NFO,07/01/2020,11:38:29,14.5,13.65,4300,14.45,4300,0,8600
TATAMOTORS27Feb20185CE.NFO,07/01/2020,11:38:44,14.5,13.65,4300,14.35,4300,0,8600
TATAMOTORS27Feb20185CE.NFO,07/01/2020,11:38:48,14.5,13.6,12900,14.35,4300,0,8600
TATAMOTORS27Feb20185CE.NFO,07/01/2020,11:38:52,14.5,13.65,4300,14.35,4300,0,8600
TATAMOTORS27Feb20185CE.NFO,07/01/2020,11:39:03,14.5,13.55,12900,14.35,4300,0,8600
TATAMOTORS27Feb20185CE.NFO,07/01/2020,11:39:06,14.5,13.6,4300,14.35,4300,0,8600
TATAMOTORS27Feb20185CE.NFO,07/01/2020,11:39:09,14.5,13.55,4300,14.35,4300,0,8600
TATAMOTORS27Feb20185CE.NFO,07/01/2020,11:39:12,14.5,13.55,4300,14.3,4300,0,8600
TATAMOTORS27Feb20185CE.NFO,07/01/2020,11:39:16,14.5,13.5,12900,14.25,4300,0,8600
TATAMOTORS27Feb20185CE.NFO,07/01/2020,11:39:20,14.5,13.4,25800,14.25,4300,0,8600
TATAMOTORS27Feb20185CE.NFO,07/01/2020,11:39:26,14.5,13.45,4300,14.25,4300,0,8600
TATAMOTORS27Feb20185CE.NFO,07/01/2020,11:39:31,14.5,13.45,4300,14.15,4300,0,8600
TATAMOTORS27Feb20185CE.NFO,07/01/2020,11:39:46,14.5,13.4,4300,14.15,4300,0,8600
TATAMOTORS27Feb20185CE.NFO,07/01/2020,11:39:52,14.5,13.35,4300,14.15,4300,0,8600
TATAMOTORS27Feb20185CE.NFO,07/01/2020,11:40:00,14.5,13.3,12900,14.15,4300,0,8600
TATAMOTORS27Feb20185CE.NFO,07/01/2020,11:40:07,14.5,13.35,4300,14.15,4300,0,8600
TATAMOTORS27Feb20185CE.NFO,07/01/2020,11:40:17,14.5,13.35,4300,14.1,4300,0,8600
TATAMOTORS27Feb20185CE.NFO,07/01/2020,11:40:26,14.5,13.4,4300,14.1,4300,0,8600
TATAMOTORS27Feb20185CE.NFO,07/01/2020,11:40:30,14.5,13.4,4300,14.15,4300,0,8600
TATAMOTORS27Feb20185CE.NFO,07/01/2020,11:40:34,14.5,13.4,4300,14.1,4300,0,8600
TATAMOTORS27Feb20185CE.NFO,07/01/2020,11:40:46,14.5,13.4,4300,14.05,4300,0,8600
TATAMOTORS27Feb20185CE.NFO,07/01/2020,11:40:58,14.5,13.4,4300,14.1,4300,0,8600
TATAMOTORS27Feb20185CE.NFO,07/01/2020,11:41:01,14.5,13.4,4300,14.05,4300,0,8600
TATAMOTORS27Feb20185CE.NFO,07/01/2020,11:41:05,14.5,13.4,4300,14.1,4300,0,8600
TATAMOTORS27Feb20185CE.NFO,07/01/2020,11:41:09,14.5,13.3,4300,14.05,4300,0,8600
TATAMOTORS27Feb20185CE.NFO,07/01/2020,11:41:14,14.5,13.25,4300,14.05,4300,0,8600
TATAMOTORS27Feb20185CE.NFO,07/01/2020,11:41:28,14.5,13.25,12900,14.05,4300,0,8600
TATAMOTORS27Feb20185CE.NFO,07/01/2020,11:41:32,14.5,13.3,4300,14.05,4300,0,8600
TATAMOTORS27Feb20185CE.NFO,07/01/2020,11:41:36,14.5,13.25,4300,14.05,4300,0,8600
TATAMOTORS27Feb20185CE.NFO,07/01/2020,11:41:39,14.5,13.3,4300,14.05,4300,0,8600
TATAMOTORS27Feb20185CE.NFO,07/01/2020,11:42:40,14.5,13.35,4300,14.05,4300,0,8600
TATAMOTORS27Feb20185CE.NFO,07/01/2020,11:42:54,14.5,13.1,4300,14.05,4300,0,8600
TATAMOTORS27Feb20185CE.NFO,07/01/2020,11:42:57,14.5,13.25,4300,14,4300,0,8600
TATAMOTORS27Feb20185CE.NFO,07/01/2020,11:43:08,14.5,13.25,4300,13.95,4300,0,8600
TATAMOTORS27Feb20185CE.NFO,07/01/2020,11:43:15,14.5,13.25,4300,14,4300,0,8600
TATAMOTORS27Feb20185CE.NFO,07/01/2020,11:43:26,14.5,13.25,4300,13.95,4300,0,8600
TATAMOTORS27Feb20185CE.NFO,07/01/2020,11:43:30,14.5,13.3,4300,13.95,4300,0,8600
TATAMOTORS27Feb20185CE.NFO,07/01/2020,11:43:34,14.5,13.2,30100,14.05,4300,0,8600
TATAMOTORS27Feb20185CE.NFO,07/01/2020,11:43:38,14.5,13.3,4300,14.05,4300,0,8600
TATAMOTORS27Feb20185CE.NFO,07/01/2020,11:43:46,14.5,13.35,4300,14.15,4300,0,8600
TATAMOTORS27Feb20185CE.NFO,07/01/2020,11:43:53,14.5,13.3,4300,14.15,4300,0,8600
TATAMOTORS27Feb20185CE.NFO,07/01/2020,11:44:23,14.5,13.35,4300,14.15,4300,0,8600
TATAMOTORS27Feb20185CE.NFO,07/01/2020,11:44:33,14.5,13.35,4300,14.05,4300,0,8600
TATAMOTORS27Feb20185CE.NFO,07/01/2020,11:44:51,14.5,13.1,4300,14.15,4300,0,8600
TATAMOTORS27Feb20185CE.NFO,07/01/2020,11:44:55,14.5,13.3,4300,14.15,4300,0,8600
TATAMOTORS27Feb20185CE.NFO,07/01/2020,11:45:02,14.5,13,4300,14.15,4300,0,8600
TATAMOTORS27Feb20185CE.NFO,07/01/2020,11:45:05,14.5,13,4300,14.05,4300,0,8600
TATAMOTORS27Feb20185CE.NFO,07/01/2020,11:45:09,14.5,13.15,30100,14.05,4300,0,8600
TATAMOTORS27Feb20185CE.NFO,07/01/2020,11:45:12,14.5,13.25,4300,13.95,4300,0,8600
TATAMOTORS27Feb20185CE.NFO,07/01/2020,11:45:19,14.5,13.25,4300,14,4300,0,8600
TATAMOTORS27Feb20185CE.NFO,07/01/2020,11:45:23,14.5,13.25,4300,13.95,4300,0,8600
TATAMOTORS27Feb20185CE.NFO,07/01/2020,11:45:31,14.5,13.05,4300,13.95,4300,0,8600
TATAMOTORS27Feb20185CE.NFO,07/01/2020,11:45:36,14.5,13.2,4300,13.95,4300,0,8600
TATAMOTORS27Feb20185CE.NFO,07/01/2020,11:45:40,14.5,13.25,4300,13.95,4300,0,8600
TATAMOTORS27Feb20185CE.NFO,07/01/2020,11:45:45,14.5,13.05,4300,14.05,4300,0,8600
TATAMOTORS27Feb20185CE.NFO,07/01/2020,11:45:49,14.5,13.1,4300,13.95,4300,0,8600
TATAMOTORS27Feb20185CE.NFO,07/01/2020,11:45:54,14.5,13.05,4300,13.95,4300,0,8600
TATAMOTORS27Feb20185CE.NFO,07/01/2020,11:45:57,14.5,13.2,4300,13.95,4300,0,8600
TATAMOTORS27Feb20185CE.NFO,07/01/2020,11:46:03,14.5,13.2,8600,13.95,4300,0,8600
TATAMOTORS27Feb20185CE.NFO,07/01/2020,11:46:07,14.5,13.2,4300,13.95,4300,0,8600
TATAMOTORS27Feb20185CE.NFO,07/01/2020,11:46:14,14.5,13.25,4300,13.95,4300,0,8600
TATAMOTORS27Feb20185CE.NFO,07/01/2020,11:46:18,14.5,13.05,4300,13.95,4300,0,8600
TATAMOTORS27Feb20185CE.NFO,07/01/2020,11:46:21,14.5,13.1,4300,13.95,4300,0,8600
TATAMOTORS27Feb20185CE.NFO,07/01/2020,11:46:26,14.5,13.2,4300,13.95,4300,0,8600
TATAMOTORS27Feb20185CE.NFO,07/01/2020,11:46:35,14.5,13.25,4300,13.95,4300,0,8600
TATAMOTORS27Feb20185CE.NFO,07/01/2020,11:47:00,14.5,13.2,12900,13.95,4300,0,8600
TATAMOTORS27Feb20185CE.NFO,07/01/2020,11:47:03,14.5,13.25,4300,13.95,4300,0,8600
TATAMOTORS27Feb20185CE.NFO,07/01/2020,11:47:26,14.5,13.25,4300,14.05,4300,0,8600
TATAMOTORS27Feb20185CE.NFO,07/01/2020,11:47:36,14.5,13.3,4300,14.05,4300,0,8600
TATAMOTORS27Feb20185CE.NFO,07/01/2020,11:47:40,14.5,13.15,21500,14.05,4300,0,8600
TATAMOTORS27Feb20185CE.NFO,07/01/2020,11:47:44,14.5,13.2,12900,14.05,4300,0,8600
TATAMOTORS27Feb20185CE.NFO,07/01/2020,11:47:48,14.5,13.25,4300,14.05,4300,0,8600
TATAMOTORS27Feb20185CE.NFO,07/01/2020,11:47:54,14.5,13.25,4300,13.95,4300,0,8600
TATAMOTORS27Feb20185CE.NFO,07/01/2020,11:48:01,14.5,13.15,4300,13.95,4300,0,8600
TATAMOTORS27Feb20185CE.NFO,07/01/2020,11:48:06,14.5,12.95,4300,13.95,4300,0,8600
TATAMOTORS27Feb20185CE.NFO,07/01/2020,11:48:10,14.5,13.15,4300,13.95,4300,0,8600
TATAMOTORS27Feb20185CE.NFO,07/01/2020,11:48:14,14.5,12.95,4300,13.95,4300,0,8600
TATAMOTORS27Feb20185CE.NFO,07/01/2020,11:48:20,14.5,12.85,4300,13.85,4300,0,8600
TATAMOTORS27Feb20185CE.NFO,07/01/2020,11:48:25,14.5,13.05,4300,13.85,4300,0,8600
TATAMOTORS27Feb20185CE.NFO,07/01/2020,11:48:28,14.5,13,4300,13.85,4300,0,8600
TATAMOTORS27Feb20185CE.NFO,07/01/2020,11:48:33,14.5,13.05,4300,13.85,4300,0,8600
TATAMOTORS27Feb20185CE.NFO,07/01/2020,11:48:36,14.5,13.1,4300,13.85,4300,0,8600
TATAMOTORS27Feb20185CE.NFO,07/01/2020,11:48:45,14.5,13.05,4300,13.85,4300,0,8600
TATAMOTORS27Feb20185CE.NFO,07/01/2020,11:48:54,14.5,12.85,4300,13.85,4300,0,8600
TATAMOTORS27Feb20185CE.NFO,07/01/2020,11:48:56,14.5,13,4300,13.85,4300,0,8600
TATAMOTORS27Feb20185CE.NFO,07/01/2020,11:49:06,14.5,13.1,4300,13.85,4300,0,8600
TATAMOTORS27Feb20185CE.NFO,07/01/2020,11:49:09,14.5,12.95,4300,13.85,4300,0,8600
TATAMOTORS27Feb20185CE.NFO,07/01/2020,11:49:12,14.5,13.05,4300,13.85,4300,0,8600
TATAMOTORS27Feb20185CE.NFO,07/01/2020,11:49:15,14.5,12.85,4300,13.85,4300,0,8600
TATAMOTORS27Feb20185CE.NFO,07/01/2020,11:49:19,14.5,12.85,4300,13.75,4300,0,8600
TATAMOTORS27Feb20185CE.NFO,07/01/2020,11:49:23,14.5,13.05,4300,13.8,4300,0,8600
TATAMOTORS27Feb20185CE.NFO,07/01/2020,11:49:28,14.5,12.9,4300,13.85,4300,0,8600
TATAMOTORS27Feb20185CE.NFO,07/01/2020,11:49:32,14.5,13.05,4300,13.85,4300,0,8600
TATAMOTORS27Feb20185CE.NFO,07/01/2020,11:49:36,14.5,12.9,4300,13.85,4300,0,8600
TATAMOTORS27Feb20185CE.NFO,07/01/2020,11:49:40,14.5,13.1,4300,13.85,4300,0,8600
TATAMOTORS27Feb20185CE.NFO,07/01/2020,11:49:42,14.5,13.05,4300,13.85,4300,0,8600
TATAMOTORS27Feb20185CE.NFO,07/01/2020,11:49:46,14.5,13.1,4300,13.85,4300,0,8600
TATAMOTORS27Feb20185CE.NFO,07/01/2020,11:49:49,14.5,12.9,4300,13.85,4300,0,8600
TATAMOTORS27Feb20185CE.NFO,07/01/2020,11:49:54,14.5,13.05,4300,13.85,4300,0,8600
TATAMOTORS27Feb20185CE.NFO,07/01/2020,11:49:58,14.5,13.1,4300,13.85,4300,0,8600
TATAMOTORS27Feb20185CE.NFO,07/01/2020,11:50:03,14.5,13.05,4300,13.85,4300,0,8600
TATAMOTORS27Feb20185CE.NFO,07/01/2020,11:50:08,14.5,13.1,4300,13.85,4300,0,8600
TATAMOTORS27Feb20185CE.NFO,07/01/2020,11:50:12,14.5,12.75,4300,13.75,4300,0,8600
TATAMOTORS27Feb20185CE.NFO,07/01/2020,11:50:17,14.5,12.65,8600,13.75,4300,0,8600
TATAMOTORS27Feb20185CE.NFO,07/01/2020,11:50:23,14.5,12.7,4300,13.75,4300,0,8600
TATAMOTORS27Feb20185CE.NFO,07/01/2020,11:50:42,14.5,12.8,4300,13.75,4300,0,8600
TATAMOTORS27Feb20185CE.NFO,07/01/2020,11:50:49,14.5,13,4300,13.75,4300,0,8600
TATAMOTORS27Feb20185CE.NFO,07/01/2020,11:50:52,14.5,12.95,4300,13.75,4300,0,8600
TATAMOTORS27Feb20185CE.NFO,07/01/2020,11:50:55,14.5,12.8,4300,13.75,4300,0,8600
TATAMOTORS27Feb20185CE.NFO,07/01/2020,11:50:58,14.5,13,4300,13.75,4300,0,8600
TATAMOTORS27Feb20185CE.NFO,07/01/2020,11:51:02,14.5,12.85,4300,13.75,4300,0,8600
TATAMOTORS27Feb20185CE.NFO,07/01/2020,11:51:07,14.5,13,4300,13.75,4300,0,8600
TATAMOTORS27Feb20185CE.NFO,07/01/2020,11:51:12,14.5,12.9,4300,13.75,4300,0,8600
TATAMOTORS27Feb20185CE.NFO,07/01/2020,11:51:17,14.5,13.15,4300,13.75,4300,0,8600
TATAMOTORS27Feb20185CE.NFO,07/01/2020,11:51:22,14.5,13,4300,13.75,4300,0,8600
TATAMOTORS27Feb20185CE.NFO,07/01/2020,11:51:27,14.5,13.05,4300,13.75,4300,0,8600
TATAMOTORS27Feb20185CE.NFO,07/01/2020,11:51:32,14.5,13.05,4300,13.8,8600,0,8600
TATAMOTORS27Feb20185CE.NFO,07/01/2020,11:51:41,14.5,12.9,4300,13.8,8600,0,8600
TATAMOTORS27Feb20185CE.NFO,07/01/2020,11:51:50,14.5,13.05,4300,13.8,8600,0,8600
TATAMOTORS27Feb20185CE.NFO,07/01/2020,11:51:55,14.5,13.1,4300,13.8,8600,0,8600
TATAMOTORS27Feb20185CE.NFO,07/01/2020,11:51:59,14.5,12.9,4300,13.75,4300,0,8600
TATAMOTORS27Feb20185CE.NFO,07/01/2020,11:52:04,14.5,13,4300,13.75,4300,0,8600
TATAMOTORS27Feb20185CE.NFO,07/01/2020,11:52:08,14.5,12.85,4300,13.75,4300,0,8600
TATAMOTORS27Feb20185CE.NFO,07/01/2020,11:52:15,14.5,13,4300,13.75,4300,0,8600
TATAMOTORS27Feb20185CE.NFO,07/01/2020,11:52:21,14.5,12.85,4300,13.75,4300,0,8600
TATAMOTORS27Feb20185CE.NFO,07/01/2020,11:52:24,14.5,12.75,4300,13.75,4300,0,8600
TATAMOTORS27Feb20185CE.NFO,07/01/2020,11:52:27,14.5,12.9,4300,13.75,4300,0,8600
TATAMOTORS27Feb20185CE.NFO,07/01/2020,11:52:30,14.5,13.05,4300,13.75,4300,0,8600
TATAMOTORS27Feb20185CE.NFO,07/01/2020,11:52:33,14.5,13,4300,13.75,4300,0,8600
TATAMOTORS27Feb20185CE.NFO,07/01/2020,11:52:37,14.5,13.05,4300,13.75,4300,0,8600
TATAMOTORS27Feb20185CE.NFO,07/01/2020,11:52:56,14.5,13,4300,13.75,4300,0,8600
TATAMOTORS27Feb20185CE.NFO,07/01/2020,11:53:00,14.5,13.05,4300,13.8,8600,0,8600
TATAMOTORS27Feb20185CE.NFO,07/01/2020,11:53:05,14.5,12.9,4300,13.8,8600,0,8600
TATAMOTORS27Feb20185CE.NFO,07/01/2020,11:53:09,14.5,13.1,4300,13.8,8600,0,8600
TATAMOTORS27Feb20185CE.NFO,07/01/2020,11:53:16,14.5,12.8,4300,13.8,4300,0,8600
TATAMOTORS27Feb20185CE.NFO,07/01/2020,11:53:19,14.5,12.95,4300,13.85,4300,0,8600
TATAMOTORS27Feb20185CE.NFO,07/01/2020,11:53:22,14.5,12.9,4300,13.8,4300,0,8600
TATAMOTORS27Feb20185CE.NFO,07/01/2020,11:53:29,14.5,12.95,4300,13.8,4300,0,8600
TATAMOTORS27Feb20185CE.NFO,07/01/2020,11:53:32,14.5,13.05,4300,13.8,4300,0,8600
TATAMOTORS27Feb20185CE.NFO,07/01/2020,11:53:36,14.5,13.1,4300,13.8,4300,0,8600
TATAMOTORS27Feb20185CE.NFO,07/01/2020,11:53:39,14.5,12.9,4300,13.8,4300,0,8600
TATAMOTORS27Feb20185CE.NFO,07/01/2020,11:53:47,14.5,13.1,4300,13.8,4300,0,8600
TATAMOTORS27Feb20185CE.NFO,07/01/2020,11:53:50,14.5,13.05,4300,13.8,4300,0,8600
TATAMOTORS27Feb20185CE.NFO,07/01/2020,11:53:52,14.5,12.9,4300,13.8,4300,0,8600
TATAMOTORS27Feb20185CE.NFO,07/01/2020,11:53:55,14.5,13.05,4300,13.8,4300,0,8600
TATAMOTORS27Feb20185CE.NFO,07/01/2020,11:53:57,14.5,13.1,4300,13.8,4300,0,8600
TATAMOTORS27Feb20185CE.NFO,07/01/2020,11:54:00,14.5,12.95,4300,13.85,4300,0,8600
TATAMOTORS27Feb20185CE.NFO,07/01/2020,11:54:02,14.5,12.9,4300,13.8,4300,0,8600
TATAMOTORS27Feb20185CE.NFO,07/01/2020,11:54:06,14.5,12.8,4300,13.8,4300,0,8600
TATAMOTORS27Feb20185CE.NFO,07/01/2020,11:54:09,14.5,12.9,4300,13.8,4300,0,8600
TATAMOTORS27Feb20185CE.NFO,07/01/2020,11:54:22,14.5,13.1,4300,13.8,4300,0,8600
TATAMOTORS27Feb20185CE.NFO,07/01/2020,11:54:29,14.5,12.75,4300,13.75,4300,0,8600
TATAMOTORS27Feb20185CE.NFO,07/01/2020,11:54:32,14.5,12.85,4300,13.75,4300,0,8600
TATAMOTORS27Feb20185CE.NFO,07/01/2020,11:54:41,14.5,13.05,4300,13.75,4300,0,8600
TATAMOTORS27Feb20185CE.NFO,07/01/2020,11:54:43,14.5,12.9,4300,13.75,4300,0,8600
TATAMOTORS27Feb20185CE.NFO,07/01/2020,11:54:45,14.5,12.85,4300,13.75,4300,0,8600
TATAMOTORS27Feb20185CE.NFO,07/01/2020,11:54:47,14.5,13.05,4300,13.75,4300,0,8600
TATAMOTORS27Feb20185CE.NFO,07/01/2020,11:54:48,14.5,12.85,4300,13.75,4300,0,8600
TATAMOTORS27Feb20185CE.NFO,07/01/2020,11:54:50,14.5,13,4300,13.75,4300,0,8600
TATAMOTORS27Feb20185CE.NFO,07/01/2020,11:54:53,14.5,12.9,4300,13.75,4300,0,8600
TATAMOTORS27Feb20185CE.NFO,07/01/2020,11:54:55,14.5,12.75,4300,13.75,4300,0,8600
TATAMOTORS27Feb20185CE.NFO,07/01/2020,11:54:58,14.5,13.05,4300,13.75,4300,0,8600
TATAMOTORS27Feb20185CE.NFO,07/01/2020,11:55:01,14.5,12.9,4300,13.75,4300,0,8600
TATAMOTORS27Feb20185CE.NFO,07/01/2020,11:55:05,14.5,12.85,4300,13.75,4300,0,8600
TATAMOTORS27Feb20185CE.NFO,07/01/2020,11:55:08,14.5,13,4300,13.75,4300,0,8600
TATAMOTORS27Feb20185CE.NFO,07/01/2020,11:55:15,14.5,13,4300,13.7,4300,0,8600
TATAMOTORS27Feb20185CE.NFO,07/01/2020,11:55:19,14.5,13,4300,13.75,4300,0,8600
TATAMOTORS27Feb20185CE.NFO,07/01/2020,11:55:26,14.5,13.05,4300,13.7,8600,0,8600
TATAMOTORS27Feb20185CE.NFO,07/01/2020,11:55:29,14.5,13,4300,13.75,4300,0,8600
TATAMOTORS27Feb20185CE.NFO,07/01/2020,11:55:35,14.5,13,4300,13.7,4300,0,8600
TATAMOTORS27Feb20185CE.NFO,07/01/2020,11:55:38,14.5,13.05,4300,13.75,4300,0,8600
TATAMOTORS27Feb20185CE.NFO,07/01/2020,11:55:41,14.5,13.05,4300,13.7,4300,0,8600
TATAMOTORS27Feb20185CE.NFO,07/01/2020,11:55:44,14.5,13,4300,13.7,4300,0,8600
TATAMOTORS27Feb20185CE.NFO,07/01/2020,11:55:48,14.5,13.05,4300,13.7,4300,0,8600
TATAMOTORS27Feb20185CE.NFO,07/01/2020,11:55:51,14.5,12.9,4300,13.7,4300,0,8600
TATAMOTORS27Feb20185CE.NFO,07/01/2020,11:55:54,14.5,13,4300,13.7,4300,0,8600
TATAMOTORS27Feb20185CE.NFO,07/01/2020,11:55:58,14.5,13.05,4300,13.7,4300,0,8600
TATAMOTORS27Feb20185CE.NFO,07/01/2020,11:56:02,14.5,12.9,4300,13.75,4300,0,8600
TATAMOTORS27Feb20185CE.NFO,07/01/2020,11:56:06,14.5,13,4300,13.75,4300,0,8600
TATAMOTORS27Feb20185CE.NFO,07/01/2020,11:56:10,14.5,12.8,4300,13.65,4300,0,8600
TATAMOTORS27Feb20185CE.NFO,07/01/2020,11:56:14,14.5,12.75,4300,13.65,4300,0,8600
TATAMOTORS27Feb20185CE.NFO,07/01/2020,11:56:16,14.5,13.1,4300,13.65,4300,0,8600
TATAMOTORS27Feb20185CE.NFO,07/01/2020,11:56:20,14.5,13.05,4300,13.65,4300,0,8600
TATAMOTORS27Feb20185CE.NFO,07/01/2020,11:56:22,14.5,12.65,4300,13.65,4300,0,8600
TATAMOTORS27Feb20185CE.NFO,07/01/2020,11:56:25,14.5,12.9,4300,13.65,4300,0,8600
TATAMOTORS27Feb20185CE.NFO,07/01/2020,11:56:27,14.5,12.95,4300,13.65,4300,0,8600
TATAMOTORS27Feb20185CE.NFO,07/01/2020,11:56:30,14.5,12.9,4300,13.65,4300,0,8600
TATAMOTORS27Feb20185CE.NFO,07/01/2020,11:56:36,14.5,12.95,4300,13.65,4300,0,8600
TATAMOTORS27Feb20185CE.NFO,07/01/2020,11:56:43,14.5,12.9,4300,13.65,4300,0,8600
TATAMOTORS27Feb20185CE.NFO,07/01/2020,11:56:46,14.5,12.95,4300,13.7,4300,0,8600
TATAMOTORS27Feb20185CE.NFO,07/01/2020,11:56:52,14.5,12.9,4300,13.7,4300,0,8600
TATAMOTORS27Feb20185CE.NFO,07/01/2020,11:56:56,14.5,12.8,4300,13.7,4300,0,8600
TATAMOTORS27Feb20185CE.NFO,07/01/2020,11:57:03,14.5,12.95,4300,13.7,8600,0,8600
TATAMOTORS27Feb20185CE.NFO,07/01/2020,11:57:06,14.5,12.9,4300,13.7,4300,0,8600
TATAMOTORS27Feb20185CE.NFO,07/01/2020,11:57:09,14.5,12.75,4300,13.7,4300,0,8600
TATAMOTORS27Feb20185CE.NFO,07/01/2020,11:57:13,14.5,12.9,4300,13.7,4300,0,8600
TATAMOTORS27Feb20185CE.NFO,07/01/2020,11:57:16,14.5,12.8,4300,13.75,4300,0,8600
TATAMOTORS27Feb20185CE.NFO,07/01/2020,11:57:24,14.5,12.95,4300,13.75,4300,0,8600
TATAMOTORS27Feb20185CE.NFO,07/01/2020,11:57:28,14.5,12.7,4300,13.75,4300,0,8600
TATAMOTORS27Feb20185CE.NFO,07/01/2020,11:57:32,14.5,12.9,4300,13.7,4300,0,8600
TATAMOTORS27Feb20185CE.NFO,07/01/2020,11:57:37,14.5,12.75,4300,13.65,4300,0,8600
TATAMOTORS27Feb20185CE.NFO,07/01/2020,11:57:47,14.5,12.55,4300,13.45,8600,0,8600
TATAMOTORS27Feb20185CE.NFO,07/01/2020,11:57:53,14.5,12.65,4300,13.4,4300,0,8600
TATAMOTORS27Feb20185CE.NFO,07/01/2020,11:57:57,14.5,12.5,4300,13.45,4300,0,8600
TATAMOTORS27Feb20185CE.NFO,07/01/2020,11:58:02,14.5,12.75,4300,13.5,4300,0,8600
TATAMOTORS27Feb20185CE.NFO,07/01/2020,11:58:07,14.5,12.75,4300,13.5,8600,0,8600
TATAMOTORS27Feb20185CE.NFO,07/01/2020,11:58:11,14.5,12.55,4300,13.5,4300,0,8600
TATAMOTORS27Feb20185CE.NFO,07/01/2020,11:58:15,14.5,12.7,4300,13.5,4300,0,8600
TATAMOTORS27Feb20185CE.NFO,07/01/2020,11:58:22,14.5,12.55,4300,13.45,4300,0,8600
TATAMOTORS27Feb20185CE.NFO,07/01/2020,11:58:25,14.5,12.6,4300,13.5,4300,0,8600
TATAMOTORS27Feb20185CE.NFO,07/01/2020,11:58:30,14.5,12.75,4300,13.45,4300,0,8600
TATAMOTORS27Feb20185CE.NFO,07/01/2020,11:58:34,14.5,12.55,4300,13.45,4300,0,8600
TATAMOTORS27Feb20185CE.NFO,07/01/2020,11:58:41,14.5,12.7,4300,13.45,4300,0,8600
TATAMOTORS27Feb20185CE.NFO,07/01/2020,11:58:45,14.5,12.75,4300,13.45,4300,0,8600
TATAMOTORS27Feb20185CE.NFO,07/01/2020,11:58:49,14.5,12.6,4300,13.5,4300,0,8600
TATAMOTORS27Feb20185CE.NFO,07/01/2020,11:58:54,14.5,12.8,4300,13.5,4300,0,8600
TATAMOTORS27Feb20185CE.NFO,07/01/2020,11:58:57,14.5,12.6,4300,13.5,4300,0,8600
TATAMOTORS27Feb20185CE.NFO,07/01/2020,11:59:03,14.5,12.8,4300,13.5,4300,0,8600
TATAMOTORS27Feb20185CE.NFO,07/01/2020,11:59:07,14.5,12.55,4300,13.5,4300,0,8600
TATAMOTORS27Feb20185CE.NFO,07/01/2020,11:59:10,14.5,12.75,4300,13.5,4300,0,8600
TATAMOTORS27Feb20185CE.NFO,07/01/2020,11:59:13,14.5,12.6,4300,13.45,4300,0,8600
TATAMOTORS27Feb20185CE.NFO,07/01/2020,11:59:17,14.5,12.7,4300,13.45,4300,0,8600
TATAMOTORS27Feb20185CE.NFO,07/01/2020,11:59:20,14.5,12.75,4300,13.45,4300,0,8600
TATAMOTORS27Feb20185CE.NFO,07/01/2020,11:59:24,14.5,12.55,4300,13.45,4300,0,8600
TATAMOTORS27Feb20185CE.NFO,07/01/2020,11:59:29,14.5,12.7,4300,13.45,4300,0,8600
TATAMOTORS27Feb20185CE.NFO,07/01/2020,11:59:33,14.5,12.55,4300,13.55,4300,0,8600
TATAMOTORS27Feb20185CE.NFO,07/01/2020,11:59:37,14.5,12.7,4300,13.45,8600,0,8600
TATAMOTORS27Feb20185CE.NFO,07/01/2020,11:59:40,14.5,12.75,4300,13.5,4300,0,8600
TATAMOTORS27Feb20185CE.NFO,07/01/2020,11:59:44,14.5,12.75,4300,13.45,4300,0,8600
TATAMOTORS27Feb20185CE.NFO,07/01/2020,11:59:48,14.5,12.5,4300,13.4,4300,0,8600
TATAMOTORS27Feb20185CE.NFO,07/01/2020,11:59:53,14.5,12.35,4300,13.4,8600,0,8600
TATAMOTORS27Feb20185CE.NFO,07/01/2020,11:59:57,14.5,12.6,4300,13.4,4300,0,8600
TATAMOTORS27Feb20185CE.NFO,07/01/2020,12:00:00,14.5,12.65,4300,13.45,4300,0,8600
TATAMOTORS27Feb20185CE.NFO,07/01/2020,12:00:04,14.5,12.35,8600,13.45,4300,0,8600
TATAMOTORS27Feb20185CE.NFO,07/01/2020,12:00:08,14.5,12.45,8600,13.4,8600,0,8600
TATAMOTORS27Feb20185CE.NFO,07/01/2020,12:00:12,14.5,12.15,4300,13.05,4300,0,8600
TATAMOTORS27Feb20185CE.NFO,07/01/2020,12:00:16,14.5,12.3,4300,13.05,4300,0,8600
TATAMOTORS27Feb20185CE.NFO,07/01/2020,12:00:20,14.5,12.45,8600,13.1,4300,0,8600
TATAMOTORS27Feb20185CE.NFO,07/01/2020,12:00:24,14.5,12.2,4300,13.15,4300,0,8600
TATAMOTORS27Feb20185CE.NFO,07/01/2020,12:00:28,14.5,12.4,4300,13.2,4300,0,8600
TATAMOTORS27Feb20185CE.NFO,07/01/2020,12:00:32,14.5,12.6,4300,13.25,4300,0,8600
TATAMOTORS27Feb20185CE.NFO,07/01/2020,12:00:37,14.5,12.65,8600,13.35,4300,0,8600
TATAMOTORS27Feb20185CE.NFO,07/01/2020,12:00:41,14.5,12.7,8600,13.35,4300,0,8600
TATAMOTORS27Feb20185CE.NFO,07/01/2020,12:00:44,14.5,12.45,8600,13.35,4300,0,8600
TATAMOTORS27Feb20185CE.NFO,07/01/2020,12:00:48,14.5,12.5,4300,13.35,4300,0,8600
TATAMOTORS27Feb20185CE.NFO,07/01/2020,12:00:51,14.5,12.45,4300,13.35,4300,0,8600
TATAMOTORS27Feb20185CE.NFO,07/01/2020,12:00:54,14.5,12.35,4300,13.35,4300,0,8600
TATAMOTORS27Feb20185CE.NFO,07/01/2020,12:00:58,14.5,12.35,8600,13.45,4300,0,8600
TATAMOTORS27Feb20185CE.NFO,07/01/2020,12:01:01,14.5,12.4,4300,13.35,4300,0,8600
TATAMOTORS27Feb20185CE.NFO,07/01/2020,12:01:04,14.5,12.55,4300,13.35,4300,0,8600
TATAMOTORS27Feb20185CE.NFO,07/01/2020,12:01:07,14.5,12.4,4300,13.35,4300,0,8600
TATAMOTORS27Feb20185CE.NFO,07/01/2020,12:01:09,14.5,12.75,8600,13.35,4300,0,8600
TATAMOTORS27Feb20185CE.NFO,07/01/2020,12:01:11,14.5,12.45,8600,13.35,4300,0,8600
TATAMOTORS27Feb20185CE.NFO,07/01/2020,12:01:14,14.5,12.75,8600,13.35,4300,0,8600
TATAMOTORS27Feb20185CE.NFO,07/01/2020,12:01:16,14.5,12.55,4300,13.35,4300,0,8600
TATAMOTORS27Feb20185CE.NFO,07/01/2020,12:01:17,14.5,12.4,4300,13.35,4300,0,8600
TATAMOTORS27Feb20185CE.NFO,07/01/2020,12:01:20,14.5,12.3,8600,13.35,4300,0,8600
TATAMOTORS27Feb20185CE.NFO,07/01/2020,12:01:23,14.5,12.6,8600,13.35,4300,0,8600
TATAMOTORS27Feb20185CE.NFO,07/01/2020,12:01:26,14.5,12.45,8600,13.35,4300,0,8600
TATAMOTORS27Feb20185CE.NFO,07/01/2020,12:01:29,14.5,12.3,8600,13.35,4300,0,8600
TATAMOTORS27Feb20185CE.NFO,07/01/2020,12:01:31,14.5,12.7,4300,13.35,4300,0,8600
TATAMOTORS27Feb20185CE.NFO,07/01/2020,12:01:38,14.5,12.55,4300,13.35,4300,0,8600
TATAMOTORS27Feb20185CE.NFO,07/01/2020,12:01:44,14.5,12.75,8600,13.35,4300,0,8600
TATAMOTORS27Feb20185CE.NFO,07/01/2020,12:01:46,14.5,12.6,8600,13.35,4300,0,8600
TATAMOTORS27Feb20185CE.NFO,07/01/2020,12:01:49,14.5,12.4,4300,13.35,4300,0,8600
TATAMOTORS27Feb20185CE.NFO,07/01/2020,12:01:53,14.5,12.75,8600,13.35,4300,0,8600
TATAMOTORS27Feb20185CE.NFO,07/01/2020,12:01:55,14.5,12.55,4300,13.35,4300,0,8600
TATAMOTORS27Feb20185CE.NFO,07/01/2020,12:01:58,14.5,12.45,8600,13.35,4300,0,8600
TATAMOTORS27Feb20185CE.NFO,07/01/2020,12:02:01,14.5,12.75,8600,13.35,4300,0,8600
TATAMOTORS27Feb20185CE.NFO,07/01/2020,12:02:04,14.5,12.35,4300,13.25,4300,0,8600
TATAMOTORS27Feb20185CE.NFO,07/01/2020,12:02:07,14.5,12.7,8600,13.25,4300,0,8600
TATAMOTORS27Feb20185CE.NFO,07/01/2020,12:02:10,14.5,12.55,8600,13.25,4300,0,8600
TATAMOTORS27Feb20185CE.NFO,07/01/2020,12:02:12,14.5,12.45,4300,13.25,4300,0,8600
TATAMOTORS27Feb20185CE.NFO,07/01/2020,12:02:15,14.5,12.35,4300,13.25,4300,0,8600
TATAMOTORS27Feb20185CE.NFO,07/01/2020,12:02:18,14.5,12.55,8600,13.25,4300,0,8600
TATAMOTORS27Feb20185CE.NFO,07/01/2020,12:02:21,14.5,12.5,4300,13.25,4300,0,8600
TATAMOTORS27Feb20185CE.NFO,07/01/2020,12:02:24,14.5,12.35,4300,13.15,4300,0,8600
TATAMOTORS27Feb20185CE.NFO,07/01/2020,12:02:28,14.5,12.55,8600,13.15,4300,0,8600
TATAMOTORS27Feb20185CE.NFO,07/01/2020,12:02:32,14.5,12.6,8600,13.25,4300,0,8600
TATAMOTORS27Feb20185CE.NFO,07/01/2020,12:02:39,14.5,12.45,4300,13.25,4300,0,8600
TATAMOTORS27Feb20185CE.NFO,07/01/2020,12:02:46,14.5,12.6,4300,13.25,4300,0,8600
TATAMOTORS27Feb20185CE.NFO,07/01/2020,12:02:52,14.5,12.4,4300,13.25,4300,0,8600
TATAMOTORS27Feb20185CE.NFO,07/01/2020,12:02:58,14.5,12.6,8600,13.25,4300,0,8600
TATAMOTORS27Feb20185CE.NFO,07/01/2020,12:03:02,14.5,0.35,4300,13.1,4300,0,8600
TATAMOTORS27Feb20185CE.NFO,07/01/2020,12:03:07,14.5,1.15,8600,13.1,8600,0,8600
TATAMOTORS27Feb20185CE.NFO,07/01/2020,12:03:13,14.5,2.15,4300,12.9,4300,0,8600
TATAMOTORS27Feb20185CE.NFO,07/01/2020,12:03:19,14.5,3.2,4300,13.05,4300,0,8600
TATAMOTORS27Feb20185CE.NFO,07/01/2020,12:03:25,14.5,3.95,4300,13.1,4300,0,8600
TATAMOTORS27Feb20185CE.NFO,07/01/2020,12:03:31,14.5,5,4300,13.05,4300,0,8600
TATAMOTORS27Feb20185CE.NFO,07/01/2020,12:03:36,14.5,5.8,12900,12.95,4300,0,8600
TATAMOTORS27Feb20185CE.NFO,07/01/2020,12:03:41,14.5,6.55,12900,13.1,4300,0,8600
TATAMOTORS27Feb20185CE.NFO,07/01/2020,12:03:45,14.5,7.25,4300,13,4300,0,8600
TATAMOTORS27Feb20185CE.NFO,07/01/2020,12:03:48,14.5,7.85,4300,13,4300,0,8600
TATAMOTORS27Feb20185CE.NFO,07/01/2020,12:03:52,14.5,8.35,12900,13.05,4300,0,8600
TATAMOTORS27Feb20185CE.NFO,07/01/2020,12:03:55,14.5,8.9,4300,13.1,4300,0,8600
TATAMOTORS27Feb20185CE.NFO,07/01/2020,12:03:59,14.5,9.5,4300,13.3,4300,0,8600
TATAMOTORS27Feb20185CE.NFO,07/01/2020,12:04:02,14.5,10.1,4300,13.25,4300,0,8600
TATAMOTORS27Feb20185CE.NFO,07/01/2020,12:04:05,14.5,10.4,4300,13.1,4300,0,8600
TATAMOTORS27Feb20185CE.NFO,07/01/2020,12:04:09,14.5,10.85,4300,13.15,4300,0,8600
TATAMOTORS27Feb20185CE.NFO,07/01/2020,12:04:12,14.5,11.45,4300,13.05,4300,0,8600
TATAMOTORS27Feb20185CE.NFO,07/01/2020,12:04:15,14.5,11.9,4300,13.1,4300,0,8600
TATAMOTORS27Feb20185CE.NFO,07/01/2020,12:04:19,14.5,12.25,12900,13.3,4300,0,8600
TATAMOTORS27Feb20185CE.NFO,07/01/2020,12:04:22,14.5,12.25,12900,13.2,4300,0,8600
TATAMOTORS27Feb20185CE.NFO,07/01/2020,12:04:25,14.5,12.25,12900,13.3,4300,0,8600
TATAMOTORS27Feb20185CE.NFO,07/01/2020,12:04:28,14.5,12.25,12900,13,4300,0,8600
TATAMOTORS27Feb20185CE.NFO,07/01/2020,12:04:31,14.5,12.25,12900,13.3,12900,0,8600
TATAMOTORS27Feb20185CE.NFO,07/01/2020,12:04:35,14.5,12.25,12900,12.95,4300,0,8600
TATAMOTORS27Feb20185CE.NFO,07/01/2020,12:04:43,14.5,12.25,12900,13.1,4300,0,8600
TATAMOTORS27Feb20185CE.NFO,07/01/2020,12:04:45,14.5,12.25,12900,13.25,4300,0,8600
TATAMOTORS27Feb20185CE.NFO,07/01/2020,12:04:47,14.5,12.25,12900,12.95,4300,0,8600
TATAMOTORS27Feb20185CE.NFO,07/01/2020,12:04:49,14.5,12.25,12900,13.15,4300,0,8600
TATAMOTORS27Feb20185CE.NFO,07/01/2020,12:04:52,14.5,12.25,12900,13,4300,0,8600
TATAMOTORS27Feb20185CE.NFO,07/01/2020,12:04:54,14.5,12.25,12900,13.15,4300,0,8600
TATAMOTORS27Feb20185CE.NFO,07/01/2020,12:05:01,14.5,12.25,12900,13,4300,0,8600
TATAMOTORS27Feb20185CE.NFO,07/01/2020,12:05:04,14.5,12.25,12900,13.2,4300,0,8600
TATAMOTORS27Feb20185CE.NFO,07/01/2020,12:05:13,14.5,12.25,12900,13.05,4300,0,8600
TATAMOTORS27Feb20185CE.NFO,07/01/2020,12:05:23,14.5,12.25,12900,13.15,4300,0,8600
TATAMOTORS27Feb20185CE.NFO,07/01/2020,12:05:27,14.5,12.25,12900,13.1,4300,0,8600
TATAMOTORS27Feb20185CE.NFO,07/01/2020,12:05:31,14.5,12.25,12900,13,4300,0,8600
TATAMOTORS27Feb20185CE.NFO,07/01/2020,12:05:35,14.5,12.25,12900,13.1,4300,0,8600
TATAMOTORS27Feb20185CE.NFO,07/01/2020,12:05:38,14.5,12.25,12900,13.05,4300,0,8600
TATAMOTORS27Feb20185CE.NFO,07/01/2020,12:05:46,14.5,12.25,12900,13.1,4300,0,8600
TATAMOTORS27Feb20185CE.NFO,07/01/2020,12:05:52,14.5,12.25,12900,13.25,4300,0,8600
TATAMOTORS27Feb20185CE.NFO,07/01/2020,12:05:58,14.5,12.25,12900,13.05,4300,0,8600
TATAMOTORS27Feb20185CE.NFO,07/01/2020,12:06:01,14.5,12.25,12900,13.1,4300,0,8600
TATAMOTORS27Feb20185CE.NFO,07/01/2020,12:06:08,14.5,12.25,12900,13.05,4300,0,8600
TATAMOTORS27Feb20185CE.NFO,07/01/2020,12:06:14,14.5,12.25,12900,13.2,4300,0,8600
TATAMOTORS27Feb20185CE.NFO,07/01/2020,12:06:17,14.5,12.25,12900,13.35,4300,0,8600
TATAMOTORS27Feb20185CE.NFO,07/01/2020,12:06:22,14.5,12.25,12900,13.45,4300,0,8600
TATAMOTORS27Feb20185CE.NFO,07/01/2020,12:06:25,14.5,12.4,12900,14.45,64500,0,8600
TATAMOTORS27Feb20185CE.NFO,07/01/2020,12:06:28,14.5,12.4,12900,13.15,4300,0,8600
TATAMOTORS27Feb20185CE.NFO,07/01/2020,12:06:31,14.5,12.4,12900,13.3,4300,0,8600
TATAMOTORS27Feb20185CE.NFO,07/01/2020,12:06:35,14.5,12.4,12900,13.35,4300,0,8600
TATAMOTORS27Feb20185CE.NFO,07/01/2020,12:06:37,14.5,12.4,12900,13.15,4300,0,8600
TATAMOTORS27Feb20185CE.NFO,07/01/2020,12:06:40,14.5,12.4,12900,13.35,4300,0,8600
TATAMOTORS27Feb20185CE.NFO,07/01/2020,12:06:43,13.05,13.05,4300,13.45,4300,4300,8600
TATAMOTORS27Feb20185CE.NFO,07/01/2020,12:06:43,13.05,13.05,4300,13.45,4300,0,8600
TATAMOTORS27Feb20185CE.NFO,07/01/2020,12:06:47,13.05,13.05,4300,13.45,4300,0,8600
TATAMOTORS27Feb20185CE.NFO,07/01/2020,12:06:55,13.05,12.3,38700,13.3,4300,0,8600
TATAMOTORS27Feb20185CE.NFO,07/01/2020,12:06:58,13.05,12.4,25800,13.25,4300,0,8600
TATAMOTORS27Feb20185CE.NFO,07/01/2020,12:07:05,13.05,12.4,25800,13.35,4300,0,8600
TATAMOTORS27Feb20185CE.NFO,07/01/2020,12:07:08,13.05,12.5,4300,13.8,64500,0,8600
TATAMOTORS27Feb20185CE.NFO,07/01/2020,12:07:12,13.05,12.7,4300,13.5,8600,0,8600
TATAMOTORS27Feb20185CE.NFO,07/01/2020,12:07:14,13.05,12.7,4300,13.25,4300,0,8600
TATAMOTORS27Feb20185CE.NFO,07/01/2020,12:07:17,13.05,12.8,8600,13.2,4300,0,8600
TATAMOTORS27Feb20185CE.NFO,07/01/2020,12:07:37,13.05,12.8,4300,13.15,4300,0,8600
TATAMOTORS27Feb20185CE.NFO,07/01/2020,12:07:43,13.05,12.55,8600,13.15,4300,0,8600
TATAMOTORS27Feb20185CE.NFO,07/01/2020,12:07:45,13.05,12.75,4300,13.2,4300,0,8600
TATAMOTORS27Feb20185CE.NFO,07/01/2020,12:07:47,13.05,12.5,4300,13.2,4300,0,8600
TATAMOTORS27Feb20185CE.NFO,07/01/2020,12:07:49,13.05,12.65,4300,13.2,4300,0,8600
TATAMOTORS27Feb20185CE.NFO,07/01/2020,12:07:50,13.05,12.8,4300,13.2,4300,0,8600
TATAMOTORS27Feb20185CE.NFO,07/01/2020,12:07:52,13.05,12.6,4300,13.2,4300,0,8600
TATAMOTORS27Feb20185CE.NFO,07/01/2020,12:07:54,13.05,12.75,4300,13.2,4300,0,8600
TATAMOTORS27Feb20185CE.NFO,07/01/2020,12:07:57,13.05,12.7,4300,13.15,4300,0,8600
TATAMOTORS27Feb20185CE.NFO,07/01/2020,12:08:05,13.05,12.8,4300,13.3,4300,0,8600
TATAMOTORS27Feb20185CE.NFO,07/01/2020,12:08:08,13.05,12.45,21500,13.2,4300,0,8600
TATAMOTORS27Feb20185CE.NFO,07/01/2020,12:08:11,13.05,12.5,4300,13.25,4300,0,8600
TATAMOTORS27Feb20185CE.NFO,07/01/2020,12:08:17,13.05,12.7,4300,13.25,4300,0,8600
TATAMOTORS27Feb20185CE.NFO,07/01/2020,12:08:24,13.05,12.7,4300,13.35,4300,0,8600
TATAMOTORS27Feb20185CE.NFO,07/01/2020,12:08:34,13.05,12.7,4300,13.3,8600,0,8600
TATAMOTORS27Feb20185CE.NFO,07/01/2020,12:08:41,13.05,12.6,4300,13.3,8600,0,8600
TATAMOTORS27Feb20185CE.NFO,07/01/2020,12:08:45,13.05,12.9,4300,13.35,8600,0,8600
TATAMOTORS27Feb20185CE.NFO,07/01/2020,12:08:48,13.05,12.65,4300,13.45,8600,0,8600
TATAMOTORS27Feb20185CE.NFO,07/01/2020,12:08:52,13.05,12.65,4300,13.3,8600,0,8600
TATAMOTORS27Feb20185CE.NFO,07/01/2020,12:08:56,13.05,12.8,4300,13.25,8600,0,8600
TATAMOTORS27Feb20185CE.NFO,07/01/2020,12:08:59,13.05,12.85,4300,13.25,8600,0,8600
TATAMOTORS27Feb20185CE.NFO,07/01/2020,12:09:02,13.05,12.8,4300,13.25,8600,0,8600
TATAMOTORS27Feb20185CE.NFO,07/01/2020,12:09:06,13.05,12.6,4300,13.35,4300,0,8600
TATAMOTORS27Feb20185CE.NFO,07/01/2020,12:09:09,13.05,12.85,4300,13.35,4300,0,8600
TATAMOTORS27Feb20185CE.NFO,07/01/2020,12:09:12,13.05,12.75,4300,13.35,4300,0,8600
TATAMOTORS27Feb20185CE.NFO,07/01/2020,12:09:14,13.05,12.55,4300,13.25,8600,0,8600
TATAMOTORS27Feb20185CE.NFO,07/01/2020,12:09:18,13.05,12.75,4300,13.2,4300,0,8600
TATAMOTORS27Feb20185CE.NFO,07/01/2020,12:09:23,13.05,12.8,4300,13.2,4300,0,8600
TATAMOTORS27Feb20185CE.NFO,07/01/2020,12:09:25,13.05,12.6,4300,13.2,8600,0,8600
TATAMOTORS27Feb20185CE.NFO,07/01/2020,12:09:28,13.05,12.75,4300,13.15,4300,0,8600
TATAMOTORS27Feb20185CE.NFO,07/01/2020,12:09:31,13.05,12.3,38700,13.15,4300,0,8600
TATAMOTORS27Feb20185CE.NFO,07/01/2020,12:09:34,13.05,12.7,4300,13.25,8600,0,8600
TATAMOTORS27Feb20185CE.NFO,07/01/2020,12:09:37,13.05,12.55,4300,13.15,4300,0,8600
TATAMOTORS27Feb20185CE.NFO,07/01/2020,12:09:40,13.05,12.65,4300,13.15,8600,0,8600
TATAMOTORS27Feb20185CE.NFO,07/01/2020,12:09:44,13.05,12.65,4300,13.05,4300,0,8600
TATAMOTORS27Feb20185CE.NFO,07/01/2020,12:09:48,13.05,12.65,4300,13.15,4300,0,8600
TATAMOTORS27Feb20185CE.NFO,07/01/2020,12:09:51,13.05,12.6,4300,13.15,4300,0,8600
TATAMOTORS27Feb20185CE.NFO,07/01/2020,12:09:54,13.05,12.6,4300,13.1,8600,0,8600
TATAMOTORS27Feb20185CE.NFO,07/01/2020,12:09:57,13.05,12.6,4300,13.15,4300,0,8600
TATAMOTORS27Feb20185CE.NFO,07/01/2020,12:09:59,13.05,12.6,4300,13.1,8600,0,8600
TATAMOTORS27Feb20185CE.NFO,07/01/2020,12:10:04,13.05,12.6,4300,13.1,4300,0,8600
TATAMOTORS27Feb20185CE.NFO,07/01/2020,12:10:06,13.05,12.6,4300,13.1,8600,0,8600
TATAMOTORS27Feb20185CE.NFO,07/01/2020,12:10:10,13.05,12.6,4300,13.25,4300,0,8600
TATAMOTORS27Feb20185CE.NFO,07/01/2020,12:10:12,13.05,12.6,4300,13.45,8600,0,8600
TATAMOTORS27Feb20185CE.NFO,07/01/2020,12:10:15,13.05,12.6,4300,13.05,8600,0,8600
TATAMOTORS27Feb20185CE.NFO,07/01/2020,12:10:19,13.05,12.6,4300,13.05,4300,0,8600
TATAMOTORS27Feb20185CE.NFO,07/01/2020,12:10:29,13.05,12.6,4300,13.1,8600,0,8600
TATAMOTORS27Feb20185CE.NFO,07/01/2020,12:10:32,13.05,12.6,4300,13.1,4300,0,8600
TATAMOTORS27Feb20185CE.NFO,07/01/2020,12:10:35,13.05,12.6,4300,13.25,4300,0,8600
TATAMOTORS27Feb20185CE.NFO,07/01/2020,12:10:38,13.05,12.2,34400,13,4300,0,8600
TATAMOTORS27Feb20185CE.NFO,07/01/2020,12:10:41,13.05,12.6,4300,13,4300,0,8600
TATAMOTORS27Feb20185CE.NFO,07/01/2020,12:10:44,13.05,12.6,4300,13.15,8600,0,8600
TATAMOTORS27Feb20185CE.NFO,07/01/2020,12:10:47,13.05,12.4,4300,13.05,4300,0,8600
TATAMOTORS27Feb20185CE.NFO,07/01/2020,12:10:53,13.05,12.45,4300,13.05,4300,0,8600
TATAMOTORS27Feb20185CE.NFO,07/01/2020,12:10:59,13.05,12.4,4300,13.05,4300,0,8600
TATAMOTORS27Feb20185CE.NFO,07/01/2020,12:11:01,13.05,12.4,12900,13.1,4300,0,8600
TATAMOTORS27Feb20185CE.NFO,07/01/2020,12:11:03,13.05,12.7,8600,13.1,4300,0,8600
TATAMOTORS27Feb20185CE.NFO,07/01/2020,12:11:06,13.05,12.65,8600,13.05,4300,0,8600
TATAMOTORS27Feb20185CE.NFO,07/01/2020,12:11:09,13.05,12.6,4300,13.1,4300,0,8600
TATAMOTORS27Feb20185CE.NFO,07/01/2020,12:11:14,13.05,12.5,4300,13.1,4300,0,8600
TATAMOTORS27Feb20185CE.NFO,07/01/2020,12:11:19,13.05,12.65,8600,13.1,4300,0,8600
TATAMOTORS27Feb20185CE.NFO,07/01/2020,12:11:23,13.05,12.7,4300,13.1,4300,0,8600
TATAMOTORS27Feb20185CE.NFO,07/01/2020,12:11:30,13.05,12.65,4300,13.2,4300,0,8600
TATAMOTORS27Feb20185CE.NFO,07/01/2020,12:11:34,13.05,12.75,4300,13.15,4300,0,8600
TATAMOTORS27Feb20185CE.NFO,07/01/2020,12:11:37,13.05,12.75,4300,13.2,4300,0,8600
TATAMOTORS27Feb20185CE.NFO,07/01/2020,12:11:44,13.05,12.65,4300,13.15,4300,0,8600
TATAMOTORS27Feb20185CE.NFO,07/01/2020,12:11:48,13.05,12.75,4300,13.1,4300,0,8600
TATAMOTORS27Feb20185CE.NFO,07/01/2020,12:11:51,13.05,12.75,4300,13.15,4300,0,8600
TATAMOTORS27Feb20185CE.NFO,07/01/2020,12:12:04,13.05,12.75,4300,13.2,4300,0,8600
TATAMOTORS27Feb20185CE.NFO,07/01/2020,12:12:07,13.05,12.85,4300,13.25,4300,0,8600
TATAMOTORS27Feb20185CE.NFO,07/01/2020,12:12:10,13.05,12.7,4300,13.25,4300,0,8600
TATAMOTORS27Feb20185CE.NFO,07/01/2020,12:12:12,13.05,12.8,4300,13.2,4300,0,8600
TATAMOTORS27Feb20185CE.NFO,07/01/2020,12:12:17,13.05,12.75,8600,13.3,8600,0,8600
TATAMOTORS27Feb20185CE.NFO,07/01/2020,12:12:20,13.05,12.75,8600,13.2,4300,0,8600
TATAMOTORS27Feb20185CE.NFO,07/01/2020,12:12:21,13.05,12.7,4300,13.2,4300,0,8600
TATAMOTORS27Feb20185CE.NFO,07/01/2020,12:12:24,13.05,12.8,4300,13.2,4300,0,8600
TATAMOTORS27Feb20185CE.NFO,07/01/2020,12:12:27,13.05,12.7,4300,13.2,4300,0,8600
TATAMOTORS27Feb20185CE.NFO,07/01/2020,12:12:30,13.05,12.6,4300,13.2,4300,0,8600
TATAMOTORS27Feb20185CE.NFO,07/01/2020,12:12:33,13.05,12.55,8600,13.2,4300,0,8600
TATAMOTORS27Feb20185CE.NFO,07/01/2020,12:12:36,13.05,12.7,4300,13.25,4300,0,8600
TATAMOTORS27Feb20185CE.NFO,07/01/2020,12:12:41,13.05,12.7,4300,13.3,4300,0,8600
TATAMOTORS27Feb20185CE.NFO,07/01/2020,12:12:45,13.05,12.8,8600,13.3,4300,0,8600
TATAMOTORS27Feb20185CE.NFO,07/01/2020,12:12:50,13.05,12.7,4300,13.3,4300,0,8600
TATAMOTORS27Feb20185CE.NFO,07/01/2020,12:12:53,13.05,12.75,4300,13.3,4300,0,8600
TATAMOTORS27Feb20185CE.NFO,07/01/2020,12:12:56,13.05,12.8,4300,13.3,4300,0,8600
TATAMOTORS27Feb20185CE.NFO,07/01/2020,12:13:03,13.05,12.75,4300,13.3,4300,0,8600
TATAMOTORS27Feb20185CE.NFO,07/01/2020,12:13:06,13.05,12.8,4300,13.3,4300,0,8600
TATAMOTORS27Feb20185CE.NFO,07/01/2020,12:13:12,13.05,12.85,4300,13.3,4300,0,8600
TATAMOTORS27Feb20185CE.NFO,07/01/2020,12:13:20,13.05,12.9,4300,13.35,4300,0,8600
TATAMOTORS27Feb20185CE.NFO,07/01/2020,12:13:26,13.05,12.75,4300,13.35,4300,0,8600
TATAMOTORS27Feb20185CE.NFO,07/01/2020,12:13:31,13.05,12.7,8600,13.25,4300,0,8600
TATAMOTORS27Feb20185CE.NFO,07/01/2020,12:13:36,13.05,12.85,4300,13.25,4300,0,8600
TATAMOTORS27Feb20185CE.NFO,07/01/2020,12:13:52,13.05,12.9,4300,13.25,4300,0,8600
TATAMOTORS27Feb20185CE.NFO,07/01/2020,12:13:56,13.05,12.9,4300,13.2,4300,0,8600
TATAMOTORS27Feb20185CE.NFO,07/01/2020,12:14:08,13.05,12.8,4300,13.5,8600,0,8600
TATAMOTORS27Feb20185CE.NFO,07/01/2020,12:14:13,13.05,12.8,4300,13.15,4300,0,8600
TATAMOTORS27Feb20185CE.NFO,07/01/2020,12:14:18,13.05,12.8,4300,13.2,4300,0,8600
TATAMOTORS27Feb20185CE.NFO,07/01/2020,12:14:21,13.05,12.9,4300,13.25,4300,0,8600
TATAMOTORS27Feb20185CE.NFO,07/01/2020,12:14:32,13.05,12.8,4300,13.2,4300,0,8600
TATAMOTORS27Feb20185CE.NFO,07/01/2020,12:14:39,13.05,12.8,4300,13.15,4300,0,8600
TATAMOTORS27Feb20185CE.NFO,07/01/2020,12:15:03,13.05,12.8,4300,13.2,4300,0,8600
TATAMOTORS27Feb20185CE.NFO,07/01/2020,12:15:10,13.05,12.8,4300,13.45,4300,0,8600
TATAMOTORS27Feb20185CE.NFO,07/01/2020,12:15:13,13.05,12.8,4300,13.4,8600,0,8600
TATAMOTORS27Feb20185CE.NFO,07/01/2020,12:15:16,13.05,12.8,4300,13.5,8600,0,8600
TATAMOTORS27Feb20185CE.NFO,07/01/2020,12:15:21,13.05,12.9,4300,13.6,4300,0,8600
TATAMOTORS27Feb20185CE.NFO,07/01/2020,12:15:33,13.05,12.4,47300,13.3,4300,0,8600
TATAMOTORS27Feb20185CE.NFO,07/01/2020,12:15:37,13.05,12.8,8600,13.3,4300,0,8600
TATAMOTORS27Feb20185CE.NFO,07/01/2020,12:15:41,13.05,12.8,4300,13.3,4300,0,8600
TATAMOTORS27Feb20185CE.NFO,07/01/2020,12:15:44,13.05,12.85,8600,13.3,4300,0,8600
TATAMOTORS27Feb20185CE.NFO,07/01/2020,12:15:47,13.05,12.8,4300,13.3,4300,0,8600
TATAMOTORS27Feb20185CE.NFO,07/01/2020,12:15:49,13.05,12.7,4300,13.3,4300,0,8600
TATAMOTORS27Feb20185CE.NFO,07/01/2020,12:15:52,13.05,12.8,4300,13.3,4300,0,8600
TATAMOTORS27Feb20185CE.NFO,07/01/2020,12:15:57,13.05,12.65,8600,13.3,4300,0,8600
TATAMOTORS27Feb20185CE.NFO,07/01/2020,12:16:01,13.05,12.75,8600,13.3,4300,0,8600
TATAMOTORS27Feb20185CE.NFO,07/01/2020,12:16:05,13.05,12.85,8600,13.3,4300,0,8600
TATAMOTORS27Feb20185CE.NFO,07/01/2020,12:16:09,13.05,12.8,4300,13.35,4300,0,8600
TATAMOTORS27Feb20185CE.NFO,07/01/2020,12:16:13,13.05,12.8,4300,13.3,4300,0,8600
TATAMOTORS27Feb20185CE.NFO,07/01/2020,12:16:25,13.05,12.85,4300,13.3,4300,0,8600
TATAMOTORS27Feb20185CE.NFO,07/01/2020,12:16:29,13.05,12.7,4300,13.3,4300,0,8600
TATAMOTORS27Feb20185CE.NFO,07/01/2020,12:16:33,13.05,12.8,4300,13.3,4300,0,8600
TATAMOTORS27Feb20185CE.NFO,07/01/2020,12:16:43,13.05,12.8,4300,13.25,4300,0,8600
TATAMOTORS27Feb20185CE.NFO,07/01/2020,12:16:46,13.05,12.8,4300,13.3,4300,0,8600
TATAMOTORS27Feb20185CE.NFO,07/01/2020,12:16:48,13.05,12.8,4300,13.25,4300,0,8600
TATAMOTORS27Feb20185CE.NFO,07/01/2020,12:17:18,13.05,12.8,4300,13.5,8600,0,8600
TATAMOTORS27Feb20185CE.NFO,07/01/2020,12:17:23,13.05,12.8,4300,13.25,4300,0,8600
TATAMOTORS27Feb20185CE.NFO,07/01/2020,12:17:29,13.05,12.8,4300,13.3,4300,0,8600
TATAMOTORS27Feb20185CE.NFO,07/01/2020,12:17:32,13.05,12.8,4300,13.25,4300,0,8600
TATAMOTORS27Feb20185CE.NFO,07/01/2020,12:17:37,13.05,12.65,4300,13.2,4300,0,8600
TATAMOTORS27Feb20185CE.NFO,07/01/2020,12:17:39,13.05,12.75,4300,13.2,4300,0,8600
TATAMOTORS27Feb20185CE.NFO,07/01/2020,12:17:42,13.05,12.75,8600,13.2,4300,0,8600
TATAMOTORS27Feb20185CE.NFO,07/01/2020,12:17:47,13.05,12.7,4300,13.2,4300,0,8600
TATAMOTORS27Feb20185CE.NFO,07/01/2020,12:17:50,13.05,12.6,12900,13.2,4300,0,8600
TATAMOTORS27Feb20185CE.NFO,07/01/2020,12:17:53,13.05,12.75,4300,13.2,4300,0,8600
TATAMOTORS27Feb20185CE.NFO,07/01/2020,12:17:56,13.05,12.85,4300,13.2,4300,0,8600
TATAMOTORS27Feb20185CE.NFO,07/01/2020,12:18:02,13.05,12.65,4300,13.3,4300,0,8600
TATAMOTORS27Feb20185CE.NFO,07/01/2020,12:18:05,13.05,12.8,4300,13.3,4300,0,8600
TATAMOTORS27Feb20185CE.NFO,07/01/2020,12:18:08,13.05,12.75,4300,13.3,4300,0,8600
TATAMOTORS27Feb20185CE.NFO,07/01/2020,12:18:10,13.05,12.75,4300,13.25,4300,0,8600
TATAMOTORS27Feb20185CE.NFO,07/01/2020,12:18:13,13.05,12.8,8600,13.25,4300,0,8600
TATAMOTORS27Feb20185CE.NFO,07/01/2020,12:18:47,13.05,12.9,8600,13.3,4300,0,8600
TATAMOTORS27Feb20185CE.NFO,07/01/2020,12:18:56,13.05,12.9,4300,13.5,8600,0,8600
TATAMOTORS27Feb20185CE.NFO,07/01/2020,12:18:58,13.05,12.9,4300,13.3,4300,0,8600
TATAMOTORS27Feb20185CE.NFO,07/01/2020,12:19:00,13.05,12.95,4300,13.3,4300,0,8600
TATAMOTORS27Feb20185CE.NFO,07/01/2020,12:19:08,13.05,13.05,4300,13.45,8600,0,8600
TATAMOTORS27Feb20185CE.NFO,07/01/2020,12:19:13,13.05,13,4300,13.35,4300,0,8600
TATAMOTORS27Feb20185CE.NFO,07/01/2020,12:19:17,13.05,12.95,4300,13.35,4300,0,8600
TATAMOTORS27Feb20185CE.NFO,07/01/2020,12:19:21,13.05,12.9,8600,13.35,4300,0,8600
TATAMOTORS27Feb20185CE.NFO,07/01/2020,12:19:23,13.05,12.95,4300,13.35,4300,0,8600
TATAMOTORS27Feb20185CE.NFO,07/01/2020,12:19:34,13.05,13,4300,13.35,4300,0,8600
TATAMOTORS27Feb20185CE.NFO,07/01/2020,12:19:44,13.05,12.95,4300,13.35,4300,0,8600
TATAMOTORS27Feb20185CE.NFO,07/01/2020,12:19:49,13.05,13,8600,13.35,4300,0,8600
TATAMOTORS27Feb20185CE.NFO,07/01/2020,12:19:54,13.05,13,8600,13.3,4300,0,8600
TATAMOTORS27Feb20185CE.NFO,07/01/2020,12:20:05,13.05,13,8600,13.35,4300,0,8600
TATAMOTORS27Feb20185CE.NFO,07/01/2020,12:20:08,13.05,13,8600,13.5,4300,0,8600
TATAMOTORS27Feb20185CE.NFO,07/01/2020,12:20:12,13.05,13,8600,13.35,4300,0,8600
TATAMOTORS27Feb20185CE.NFO,07/01/2020,12:20:16,13.05,13,8600,13.5,4300,0,8600
TATAMOTORS27Feb20185CE.NFO,07/01/2020,12:20:20,13.05,13,8600,13.4,8600,0,8600
TATAMOTORS27Feb20185CE.NFO,07/01/2020,12:20:24,13.05,13,8600,13.35,4300,0,8600
TATAMOTORS27Feb20185CE.NFO,07/01/2020,12:20:28,13.05,13,8600,13.5,4300,0,8600
TATAMOTORS27Feb20185CE.NFO,07/01/2020,12:20:42,13.05,13,8600,13.4,8600,0,8600
TATAMOTORS27Feb20185CE.NFO,07/01/2020,12:20:45,13.05,13,8600,13.5,4300,0,8600
TATAMOTORS27Feb20185CE.NFO,07/01/2020,12:20:47,13.05,13,8600,13.4,8600,0,8600
TATAMOTORS27Feb20185CE.NFO,07/01/2020,12:20:50,13.05,13,8600,13.45,4300,0,8600
TATAMOTORS27Feb20185CE.NFO,07/01/2020,12:20:52,13.05,13,4300,13.35,8600,0,8600
TATAMOTORS27Feb20185CE.NFO,07/01/2020,12:20:56,13.05,13,4300,13.4,4300,0,8600
TATAMOTORS27Feb20185CE.NFO,07/01/2020,12:21:08,13.05,13,8600,13.4,4300,0,8600
TATAMOTORS27Feb20185CE.NFO,07/01/2020,12:21:11,13.05,13,8600,13.4,8600,0,8600
TATAMOTORS27Feb20185CE.NFO,07/01/2020,12:21:14,13.05,13,8600,13.4,4300,0,8600
TATAMOTORS27Feb20185CE.NFO,07/01/2020,12:21:17,13.05,13,8600,13.5,8600,0,8600
TATAMOTORS27Feb20185CE.NFO,07/01/2020,12:21:21,13.05,13,4300,13.4,8600,0,8600
TATAMOTORS27Feb20185CE.NFO,07/01/2020,12:21:23,13.05,13,4300,13.6,4300,0,8600
TATAMOTORS27Feb20185CE.NFO,07/01/2020,12:21:26,13.05,13,4300,13.4,8600,0,8600
TATAMOTORS27Feb20185CE.NFO,07/01/2020,12:21:28,13.05,13,4300,13.55,4300,0,8600
TATAMOTORS27Feb20185CE.NFO,07/01/2020,12:21:31,13.05,13,4300,13.75,4300,0,8600
TATAMOTORS27Feb20185CE.NFO,07/01/2020,12:21:34,13.05,13,8600,13.65,4300,0,8600
TATAMOTORS27Feb20185CE.NFO,07/01/2020,12:21:38,13.05,13,8600,13.4,4300,0,8600
TATAMOTORS27Feb20185CE.NFO,07/01/2020,12:21:46,13.05,13,8600,13.35,4300,0,8600
TATAMOTORS27Feb20185CE.NFO,07/01/2020,12:21:49,13.05,13,8600,13.3,4300,0,8600
TATAMOTORS27Feb20185CE.NFO,07/01/2020,12:21:55,13.05,13,4300,13.7,4300,0,8600
TATAMOTORS27Feb20185CE.NFO,07/01/2020,12:21:59,13.05,13,8600,13.3,4300,0,8600
TATAMOTORS27Feb20185CE.NFO,07/01/2020,12:22:03,13.05,13,4300,13.25,4300,0,8600
TATAMOTORS27Feb20185CE.NFO,07/01/2020,12:22:11,13.05,13,8600,13.35,4300,0,8600
TATAMOTORS27Feb20185CE.NFO,07/01/2020,12:22:14,13.05,13,8600,13.4,8600,0,8600
TATAMOTORS27Feb20185CE.NFO,07/01/2020,12:22:17,13.05,13,8600,13.35,4300,0,8600
TATAMOTORS27Feb20185CE.NFO,07/01/2020,12:22:27,13.05,13,8600,13.3,4300,0,8600
TATAMOTORS27Feb20185CE.NFO,07/01/2020,12:22:33,13.05,13,8600,13.35,4300,0,8600
TATAMOTORS27Feb20185CE.NFO,07/01/2020,12:22:41,13.05,13,8600,13.3,4300,0,8600
TATAMOTORS27Feb20185CE.NFO,07/01/2020,12:22:43,13.05,13,8600,13.35,4300,0,8600
TATAMOTORS27Feb20185CE.NFO,07/01/2020,12:22:46,13.05,13,8600,13.3,4300,0,8600
TATAMOTORS27Feb20185CE.NFO,07/01/2020,12:22:50,13.05,13,8600,13.5,8600,0,8600
TATAMOTORS27Feb20185CE.NFO,07/01/2020,12:22:58,13.05,13,8600,13.6,8600,0,8600
TATAMOTORS27Feb20185CE.NFO,07/01/2020,12:23:10,13.05,13,4300,13.6,8600,0,8600
TATAMOTORS27Feb20185CE.NFO,07/01/2020,12:23:25,13.05,13,4300,13.55,8600,0,8600
TATAMOTORS27Feb20185CE.NFO,07/01/2020,12:23:28,13.05,13,4300,13.6,8600,0,8600
TATAMOTORS27Feb20185CE.NFO,07/01/2020,12:23:30,13.05,13,4300,13.7,8600,0,8600
TATAMOTORS27Feb20185CE.NFO,07/01/2020,12:23:40,13.05,13,4300,13.55,8600,0,8600
TATAMOTORS27Feb20185CE.NFO,07/01/2020,12:23:45,13.05,13,4300,13.55,4300,0,8600
TATAMOTORS27Feb20185CE.NFO,07/01/2020,12:23:47,13.05,13,4300,13.3,4300,0,8600
TATAMOTORS27Feb20185CE.NFO,07/01/2020,12:23:51,13.05,13,4300,13.35,4300,0,8600
TATAMOTORS27Feb20185CE.NFO,07/01/2020,12:23:56,13.05,13,4300,13.3,4300,0,8600
TATAMOTORS27Feb20185CE.NFO,07/01/2020,12:24:17,13.05,13,8600,13.4,4300,0,8600
TATAMOTORS27Feb20185CE.NFO,07/01/2020,12:24:26,13.05,13,8600,13.35,4300,0,8600
TATAMOTORS27Feb20185CE.NFO,07/01/2020,12:24:30,13.05,13.05,4300,13.35,4300,0,8600
TATAMOTORS27Feb20185CE.NFO,07/01/2020,12:25:00,13.05,13.05,4300,13.4,8600,0,8600
TATAMOTORS27Feb20185CE.NFO,07/01/2020,12:25:02,13.05,13.05,4300,13.45,4300,0,8600
TATAMOTORS27Feb20185CE.NFO,07/01/2020,12:25:05,13.05,13,4300,13.45,4300,0,8600
TATAMOTORS27Feb20185CE.NFO,07/01/2020,12:25:09,13.05,13,4300,13.55,8600,0,8600
TATAMOTORS27Feb20185CE.NFO,07/01/2020,12:25:11,13.05,13,4300,13.4,8600,0,8600
TATAMOTORS27Feb20185CE.NFO,07/01/2020,12:25:13,13.05,13,4300,13.45,4300,0,8600
TATAMOTORS27Feb20185CE.NFO,07/01/2020,12:25:16,13.05,13,4300,13.4,8600,0,8600
TATAMOTORS27Feb20185CE.NFO,07/01/2020,12:25:17,13.05,13,4300,13.45,4300,0,8600
TATAMOTORS27Feb20185CE.NFO,07/01/2020,12:25:19,13.05,13,4300,13.4,8600,0,8600
TATAMOTORS27Feb20185CE.NFO,07/01/2020,12:25:20,13.05,13,4300,13.45,4300,0,8600
TATAMOTORS27Feb20185CE.NFO,07/01/2020,12:25:22,13.05,13,4300,13.4,8600,0,8600
TATAMOTORS27Feb20185CE.NFO,07/01/2020,12:25:24,13.05,13,4300,13.55,8600,0,8600
TATAMOTORS27Feb20185CE.NFO,07/01/2020,12:25:26,13.05,13,4300,13.45,4300,0,8600
TATAMOTORS27Feb20185CE.NFO,07/01/2020,12:25:30,13.05,13,4300,13.4,8600,0,8600
TATAMOTORS27Feb20185CE.NFO,07/01/2020,12:25:36,13.05,13,4300,13.45,4300,0,8600
TATAMOTORS27Feb20185CE.NFO,07/01/2020,12:25:44,13.05,12.6,30100,13.45,4300,0,8600
TATAMOTORS27Feb20185CE.NFO,07/01/2020,12:25:47,13.05,12.9,4300,13.4,8600,0,8600
TATAMOTORS27Feb20185CE.NFO,07/01/2020,12:25:49,13.05,12.85,4300,13.4,8600,0,8600
TATAMOTORS27Feb20185CE.NFO,07/01/2020,12:25:52,13.05,12.95,4300,13.45,4300,0,8600
TATAMOTORS27Feb20185CE.NFO,07/01/2020,12:26:00,13.05,12.95,4300,13.4,8600,0,8600
TATAMOTORS27Feb20185CE.NFO,07/01/2020,12:26:05,13.05,12.95,4300,13.45,4300,0,8600
TATAMOTORS27Feb20185CE.NFO,07/01/2020,12:26:12,13.05,12.95,4300,13.4,8600,0,8600
TATAMOTORS27Feb20185CE.NFO,07/01/2020,12:26:15,13.05,12.9,4300,13.3,4300,0,8600
TATAMOTORS27Feb20185CE.NFO,07/01/2020,12:26:21,13.05,12.9,4300,13.3,8600,0,8600
TATAMOTORS27Feb20185CE.NFO,07/01/2020,12:26:24,13.05,12.9,4300,13.35,4300,0,8600
TATAMOTORS27Feb20185CE.NFO,07/01/2020,12:26:32,13.05,12.9,4300,13.3,8600,0,8600
TATAMOTORS27Feb20185CE.NFO,07/01/2020,12:26:37,13.05,12.9,4300,13.35,4300,0,8600
TATAMOTORS27Feb20185CE.NFO,07/01/2020,12:26:40,13.05,12.85,4300,13.35,4300,0,8600
