Ticker,Date,Time,LTP,BuyPrice,BuyQty,SellPrice,SellQty,LTQ,OpenInterest
TATACHEM30Jan20670CE.NFO,07/01/2020,09:17:08,17.1,15.9,900,20,9000,900,33300
TATACHEM30Jan20670CE.NFO,07/01/2020,09:17:08,17.1,15.9,900,20,9000,0,33300
TATACHEM30Jan20670CE.NFO,07/01/2020,09:17:08,17.1,15.9,900,20,9000,0,33300
TATACHEM30Jan20670CE.NFO,07/01/2020,09:17:08,17.1,15.9,900,20,9000,0,33300
TATACHEM30Jan20670CE.NFO,07/01/2020,09:17:17,17.1,15.9,900,20.1,2700,0,33300
TATACHEM30Jan20670CE.NFO,07/01/2020,09:17:27,17.1,15.9,900,19.5,900,0,33300
TATACHEM30Jan20670CE.NFO,07/01/2020,09:17:48,17.1,15.9,900,19.4,900,0,33300
TATACHEM30Jan20670CE.NFO,07/01/2020,09:17:58,17.1,14.15,900,18.95,2700,0,33300
TATACHEM30Jan20670CE.NFO,07/01/2020,09:18:08,17.1,15.25,900,19,3600,0,33300
TATACHEM30Jan20670CE.NFO,07/01/2020,09:18:17,17.1,15.35,900,18.95,3600,0,33300
TATACHEM30Jan20670CE.NFO,07/01/2020,09:18:26,17.1,15.35,900,19.3,5400,0,33300
TATACHEM30Jan20670CE.NFO,07/01/2020,09:18:34,17.1,15.35,900,19.25,10800,0,33300
TATACHEM30Jan20670CE.NFO,07/01/2020,09:18:44,17.1,15.35,900,19.15,10800,0,33300
TATACHEM30Jan20670CE.NFO,07/01/2020,09:18:53,17.1,15.35,900,19.1,5400,0,33300
TATACHEM30Jan20670CE.NFO,07/01/2020,09:19:02,17.1,15.35,900,19.05,3600,0,33300
TATACHEM30Jan20670CE.NFO,07/01/2020,09:19:10,17.1,15.35,900,19,10800,0,33300
TATACHEM30Jan20670CE.NFO,07/01/2020,09:19:19,17.1,15.35,900,18.9,6300,0,33300
TATACHEM30Jan20670CE.NFO,07/01/2020,09:19:27,17.1,15.65,900,19.55,900,0,33300
TATACHEM30Jan20670CE.NFO,07/01/2020,09:19:36,17.1,15.75,900,19.75,900,0,33300
TATACHEM30Jan20670CE.NFO,07/01/2020,09:19:44,17.1,15.85,900,19.7,900,0,33300
TATACHEM30Jan20670CE.NFO,07/01/2020,09:19:52,17.1,15.9,900,19.3,900,0,33300
TATACHEM30Jan20670CE.NFO,07/01/2020,09:20:00,17.1,16,900,18.7,900,0,33300
TATACHEM30Jan20670CE.NFO,07/01/2020,09:21:25,17.1,16,900,18.6,900,0,33300
TATACHEM30Jan20670CE.NFO,07/01/2020,09:21:41,17.1,16,900,18.05,2700,0,33300
TATACHEM30Jan20670CE.NFO,07/01/2020,09:21:49,17.1,16.2,900,18.05,900,0,33300
TATACHEM30Jan20670CE.NFO,07/01/2020,09:21:57,17.1,16.2,900,18.05,2700,0,33300
TATACHEM30Jan20670CE.NFO,07/01/2020,09:22:04,17.1,15.75,1800,18.05,2700,0,33300
TATACHEM30Jan20670CE.NFO,07/01/2020,09:22:13,17.1,16.05,1800,18.25,1800,0,33300
TATACHEM30Jan20670CE.NFO,07/01/2020,09:22:21,17.1,16.15,900,17.95,900,0,33300
TATACHEM30Jan20670CE.NFO,07/01/2020,09:22:28,17.1,16.05,900,18.15,1800,0,33300
TATACHEM30Jan20670CE.NFO,07/01/2020,09:22:36,17.1,15.75,1800,17.85,900,0,33300
TATACHEM30Jan20670CE.NFO,07/01/2020,09:22:42,17.1,15.75,900,18.1,900,0,33300
TATACHEM30Jan20670CE.NFO,07/01/2020,09:22:50,17.1,15.8,1800,17.95,900,0,33300
TATACHEM30Jan20670CE.NFO,07/01/2020,09:22:57,17.1,16.2,900,18.2,900,0,33300
TATACHEM30Jan20670CE.NFO,07/01/2020,09:23:05,17.1,16.2,900,18.05,900,0,33300
TATACHEM30Jan20670CE.NFO,07/01/2020,09:23:12,17.1,16.2,900,18.1,1800,0,33300
TATACHEM30Jan20670CE.NFO,07/01/2020,09:23:19,17.1,16.15,900,18.15,900,0,33300
TATACHEM30Jan20670CE.NFO,07/01/2020,09:23:26,17.1,15.75,1800,18.05,900,0,33300
TATACHEM30Jan20670CE.NFO,07/01/2020,09:23:32,17.1,15.75,1800,18.2,1800,0,33300
TATACHEM30Jan20670CE.NFO,07/01/2020,09:23:44,17.1,15.75,1800,18.15,1800,0,33300
TATACHEM30Jan20670CE.NFO,07/01/2020,09:23:51,17.1,15.75,1800,18.2,900,0,33300
TATACHEM30Jan20670CE.NFO,07/01/2020,09:23:58,17.1,16.1,1800,18.2,900,0,33300
TATACHEM30Jan20670CE.NFO,07/01/2020,09:24:05,17.1,16.1,1800,18.2,1800,0,33300
TATACHEM30Jan20670CE.NFO,07/01/2020,09:24:12,17.1,16.2,900,18.1,900,0,33300
TATACHEM30Jan20670CE.NFO,07/01/2020,09:24:19,17.1,16.3,900,18.1,900,0,33300
TATACHEM30Jan20670CE.NFO,07/01/2020,09:24:26,17.1,16.3,900,18.1,1800,0,33300
TATACHEM30Jan20670CE.NFO,07/01/2020,09:24:39,17.1,16.3,900,18.2,900,0,33300
TATACHEM30Jan20670CE.NFO,07/01/2020,09:24:51,17.1,16.3,900,18.2,1800,0,33300
TATACHEM30Jan20670CE.NFO,07/01/2020,09:25:05,17.1,15.65,900,18.15,900,0,33300
TATACHEM30Jan20670CE.NFO,07/01/2020,09:25:12,17.1,17.05,900,19.45,1800,0,33300
TATACHEM30Jan20670CE.NFO,07/01/2020,09:25:20,17.1,17.05,900,19.4,900,0,33300
TATACHEM30Jan20670CE.NFO,07/01/2020,09:25:26,17.1,17.05,900,19.2,900,0,33300
TATACHEM30Jan20670CE.NFO,07/01/2020,09:25:33,17.1,17.05,900,18.85,900,0,33300
TATACHEM30Jan20670CE.NFO,07/01/2020,09:25:50,17.1,17.05,900,18.9,900,0,33300
TATACHEM30Jan20670CE.NFO,07/01/2020,09:26:03,17.1,16.4,1800,18.75,1800,0,33300
TATACHEM30Jan20670CE.NFO,07/01/2020,09:26:12,17.1,16.4,1800,18.8,900,0,33300
TATACHEM30Jan20670CE.NFO,07/01/2020,09:26:19,17.1,16.5,1800,18.8,900,0,33300
TATACHEM30Jan20670CE.NFO,07/01/2020,09:26:31,17.1,16.7,1800,19.25,900,0,33300
TATACHEM30Jan20670CE.NFO,07/01/2020,09:26:39,17.1,16.7,1800,19.15,900,0,33300
TATACHEM30Jan20670CE.NFO,07/01/2020,09:27:07,17.1,16.7,1800,19.1,900,0,33300
TATACHEM30Jan20670CE.NFO,07/01/2020,09:27:12,17.1,16.7,1800,19.1,1800,0,33300
TATACHEM30Jan20670CE.NFO,07/01/2020,09:27:25,17.1,16.8,900,19.1,1800,0,33300
TATACHEM30Jan20670CE.NFO,07/01/2020,09:27:32,17.1,16.8,900,19.1,900,0,33300
TATACHEM30Jan20670CE.NFO,07/01/2020,09:27:38,17.1,16.8,900,18.9,900,0,33300
TATACHEM30Jan20670CE.NFO,07/01/2020,09:27:44,17.1,16.8,900,18.95,900,0,33300
TATACHEM30Jan20670CE.NFO,07/01/2020,09:28:01,17.1,16.8,900,18.85,900,0,33300
TATACHEM30Jan20670CE.NFO,07/01/2020,09:28:12,17.1,16.8,900,18.6,900,0,33300
TATACHEM30Jan20670CE.NFO,07/01/2020,09:28:14,17.1,16.8,900,18.65,900,0,33300
TATACHEM30Jan20670CE.NFO,07/01/2020,09:28:15,17.1,16.8,900,18.7,900,0,33300
TATACHEM30Jan20670CE.NFO,07/01/2020,09:28:16,17.1,16.8,900,18.65,900,0,33300
TATACHEM30Jan20670CE.NFO,07/01/2020,09:28:17,17.1,16.8,900,18.8,900,0,33300
TATACHEM30Jan20670CE.NFO,07/01/2020,09:28:18,17.1,16.8,900,18.75,900,0,33300
TATACHEM30Jan20670CE.NFO,07/01/2020,09:28:20,17.1,16.8,900,19.1,900,0,33300
TATACHEM30Jan20670CE.NFO,07/01/2020,09:28:21,17.1,16.8,900,18.85,900,0,33300
TATACHEM30Jan20670CE.NFO,07/01/2020,09:28:22,17.1,16.8,900,18.55,900,0,33300
TATACHEM30Jan20670CE.NFO,07/01/2020,09:28:23,17.1,16.8,900,18.6,900,0,33300
TATACHEM30Jan20670CE.NFO,07/01/2020,09:28:24,17.1,16.8,900,18.55,900,0,33300
TATACHEM30Jan20670CE.NFO,07/01/2020,09:28:25,17.1,16.8,900,18.6,900,0,33300
TATACHEM30Jan20670CE.NFO,07/01/2020,09:28:26,17.1,16.8,1800,18.5,900,0,33300
TATACHEM30Jan20670CE.NFO,07/01/2020,09:28:27,17.1,16.8,1800,18.75,900,0,33300
TATACHEM30Jan20670CE.NFO,07/01/2020,09:28:29,17.1,16.8,1800,18.65,900,0,33300
TATACHEM30Jan20670CE.NFO,07/01/2020,09:28:30,17.1,16.8,1800,18.5,900,0,33300
TATACHEM30Jan20670CE.NFO,07/01/2020,09:28:31,17.1,16.8,1800,18.45,900,0,33300
TATACHEM30Jan20670CE.NFO,07/01/2020,09:28:32,17.1,16.8,1800,18.55,900,0,33300
TATACHEM30Jan20670CE.NFO,07/01/2020,09:28:33,17.1,16.8,1800,18.75,900,0,33300
TATACHEM30Jan20670CE.NFO,07/01/2020,09:28:34,17.1,16.8,1800,18.7,1800,0,33300
TATACHEM30Jan20670CE.NFO,07/01/2020,09:28:35,17.1,16.8,1800,18.65,900,0,33300
TATACHEM30Jan20670CE.NFO,07/01/2020,09:28:36,17.1,16.8,1800,18.6,900,0,33300
TATACHEM30Jan20670CE.NFO,07/01/2020,09:28:37,17.1,16.8,1800,18.7,900,0,33300
TATACHEM30Jan20670CE.NFO,07/01/2020,09:28:38,17.1,16.8,1800,18.65,900,0,33300
TATACHEM30Jan20670CE.NFO,07/01/2020,09:28:39,17.1,16.8,1800,18.6,900,0,33300
TATACHEM30Jan20670CE.NFO,07/01/2020,09:28:42,17.1,16.8,1800,18.75,900,0,33300
TATACHEM30Jan20670CE.NFO,07/01/2020,09:28:43,17.1,16.8,1800,18.65,900,0,33300
TATACHEM30Jan20670CE.NFO,07/01/2020,09:28:44,17.1,16.8,1800,18.55,900,0,33300
TATACHEM30Jan20670CE.NFO,07/01/2020,09:28:47,17.1,16.8,1800,18.75,900,0,33300
TATACHEM30Jan20670CE.NFO,07/01/2020,09:28:48,17.1,16.8,1800,18.55,900,0,33300
TATACHEM30Jan20670CE.NFO,07/01/2020,09:28:50,17.1,16.8,1800,18.6,900,0,33300
TATACHEM30Jan20670CE.NFO,07/01/2020,09:28:50,17.1,16.8,1800,18.5,900,0,33300
TATACHEM30Jan20670CE.NFO,07/01/2020,09:28:51,17.1,16.8,1800,18.55,900,0,33300
TATACHEM30Jan20670CE.NFO,07/01/2020,09:28:53,17.1,16.8,1800,18.45,900,0,33300
TATACHEM30Jan20670CE.NFO,07/01/2020,09:28:54,17.1,16.8,1800,18.6,900,0,33300
TATACHEM30Jan20670CE.NFO,07/01/2020,09:28:56,17.1,16.8,1800,18.65,900,0,33300
TATACHEM30Jan20670CE.NFO,07/01/2020,09:28:57,17.1,16.8,1800,18.8,900,0,33300
TATACHEM30Jan20670CE.NFO,07/01/2020,09:28:58,17.1,16.8,1800,18.75,900,0,33300
TATACHEM30Jan20670CE.NFO,07/01/2020,09:28:59,17.1,16.8,1800,18.6,900,0,33300
TATACHEM30Jan20670CE.NFO,07/01/2020,09:29:00,17.1,16.8,1800,18.7,900,0,33300
TATACHEM30Jan20670CE.NFO,07/01/2020,09:29:01,17.1,16.8,1800,18.65,900,0,33300
TATACHEM30Jan20670CE.NFO,07/01/2020,09:29:02,17.1,16.8,1800,18.8,900,0,33300
TATACHEM30Jan20670CE.NFO,07/01/2020,09:29:04,17.1,16.8,1800,18.45,900,0,33300
TATACHEM30Jan20670CE.NFO,07/01/2020,09:29:06,17.1,16.8,1800,18.65,900,0,33300
TATACHEM30Jan20670CE.NFO,07/01/2020,09:29:06,17.1,16.8,1800,18.8,900,0,33300
TATACHEM30Jan20670CE.NFO,07/01/2020,09:29:07,17.1,16.8,1800,18.5,900,0,33300
TATACHEM30Jan20670CE.NFO,07/01/2020,09:29:08,17.1,16.8,1800,18.7,900,0,33300
TATACHEM30Jan20670CE.NFO,07/01/2020,09:29:09,17.1,16.8,1800,18.6,900,0,33300
TATACHEM30Jan20670CE.NFO,07/01/2020,09:29:10,17.1,16.8,1800,18.55,900,0,33300
TATACHEM30Jan20670CE.NFO,07/01/2020,09:29:11,17.1,16.8,1800,18.65,900,0,33300
TATACHEM30Jan20670CE.NFO,07/01/2020,09:29:12,17.1,16.8,1800,18.55,900,0,33300
TATACHEM30Jan20670CE.NFO,07/01/2020,09:29:13,17.1,16.8,1800,18.95,900,0,33300
TATACHEM30Jan20670CE.NFO,07/01/2020,09:29:14,17.1,16.8,1800,18.85,900,0,33300
TATACHEM30Jan20670CE.NFO,07/01/2020,09:29:17,17.1,16.8,1800,18.9,900,0,33300
TATACHEM30Jan20670CE.NFO,07/01/2020,09:29:18,17.1,16.8,1800,18.85,900,0,33300
TATACHEM30Jan20670CE.NFO,07/01/2020,09:29:24,17.1,16.8,1800,18.95,900,0,33300
TATACHEM30Jan20670CE.NFO,07/01/2020,09:29:28,17.1,16.8,1800,18.9,900,0,33300
TATACHEM30Jan20670CE.NFO,07/01/2020,09:29:31,17.1,16.8,1800,18.85,900,0,33300
TATACHEM30Jan20670CE.NFO,07/01/2020,09:29:37,17.1,16.8,1800,18.8,900,0,33300
TATACHEM30Jan20670CE.NFO,07/01/2020,09:29:41,17.1,16.8,1800,18.75,900,0,33300
TATACHEM30Jan20670CE.NFO,07/01/2020,09:29:43,17.1,16.8,1800,18.75,900,0,32400
TATACHEM30Jan20670CE.NFO,07/01/2020,09:29:45,17.1,16.8,1800,18.7,900,0,32400
TATACHEM30Jan20670CE.NFO,07/01/2020,09:29:47,17.1,16.8,1800,18.75,900,0,32400
TATACHEM30Jan20670CE.NFO,07/01/2020,09:29:48,17.1,16.8,1800,18.7,900,0,32400
TATACHEM30Jan20670CE.NFO,07/01/2020,09:29:51,17.1,16.8,1800,18.6,900,0,32400
TATACHEM30Jan20670CE.NFO,07/01/2020,09:29:52,17.1,16.8,1800,18.65,900,0,32400
TATACHEM30Jan20670CE.NFO,07/01/2020,09:29:56,17.1,16.8,1800,18.75,900,0,32400
TATACHEM30Jan20670CE.NFO,07/01/2020,09:30:01,17.1,16.8,1800,18.95,900,0,32400
TATACHEM30Jan20670CE.NFO,07/01/2020,09:30:02,17.1,16.8,1800,19,900,0,32400
TATACHEM30Jan20670CE.NFO,07/01/2020,09:30:03,17.1,16.8,1800,18.7,900,0,32400
TATACHEM30Jan20670CE.NFO,07/01/2020,09:30:04,17.1,16.8,1800,18.85,900,0,32400
TATACHEM30Jan20670CE.NFO,07/01/2020,09:30:07,17.1,16.8,1800,18.95,900,0,32400
TATACHEM30Jan20670CE.NFO,07/01/2020,09:30:07,17.1,16.8,1800,18.7,900,0,32400
TATACHEM30Jan20670CE.NFO,07/01/2020,09:30:08,17.1,16.8,1800,18.85,900,0,32400
TATACHEM30Jan20670CE.NFO,07/01/2020,09:30:12,17.1,16.8,1800,18.95,900,0,32400
TATACHEM30Jan20670CE.NFO,07/01/2020,09:30:18,17.1,16.8,1800,19.1,900,0,32400
TATACHEM30Jan20670CE.NFO,07/01/2020,09:30:24,17.1,16.8,1800,19.05,900,0,32400
TATACHEM30Jan20670CE.NFO,07/01/2020,09:30:29,17.1,16.8,1800,19,900,0,32400
TATACHEM30Jan20670CE.NFO,07/01/2020,09:30:34,17.1,17.2,900,19.4,900,0,32400
TATACHEM30Jan20670CE.NFO,07/01/2020,09:30:40,17.1,17.3,900,19.45,900,0,32400
TATACHEM30Jan20670CE.NFO,07/01/2020,09:30:45,17.1,17.4,1800,19.65,900,0,32400
TATACHEM30Jan20670CE.NFO,07/01/2020,09:30:51,17.1,17.4,1800,19.6,900,0,32400
TATACHEM30Jan20670CE.NFO,07/01/2020,09:30:55,17.1,17.6,1800,19.55,900,0,32400
TATACHEM30Jan20670CE.NFO,07/01/2020,09:31:00,17.1,17.6,1800,19.6,900,0,32400
TATACHEM30Jan20670CE.NFO,07/01/2020,09:31:06,17.1,17.35,900,19.3,900,0,32400
TATACHEM30Jan20670CE.NFO,07/01/2020,09:31:12,17.1,17.55,900,19.2,1800,0,32400
TATACHEM30Jan20670CE.NFO,07/01/2020,09:31:18,17.1,17.25,900,19.15,900,0,32400
TATACHEM30Jan20670CE.NFO,07/01/2020,09:31:24,17.1,17.35,900,18.95,900,0,32400
TATACHEM30Jan20670CE.NFO,07/01/2020,09:31:29,17.1,17.6,900,19.35,900,0,32400
TATACHEM30Jan20670CE.NFO,07/01/2020,09:31:35,17.1,17.7,900,19.25,2700,0,32400
TATACHEM30Jan20670CE.NFO,07/01/2020,09:31:41,17.1,17.5,1800,19.65,900,0,32400
TATACHEM30Jan20670CE.NFO,07/01/2020,09:31:46,17.1,17.5,1800,19.2,900,0,32400
TATACHEM30Jan20670CE.NFO,07/01/2020,09:32:04,17.1,18.3,900,19.8,2700,0,32400
TATACHEM30Jan20670CE.NFO,07/01/2020,09:32:55,19.2,19.65,900,20.4,900,4500,32400
TATACHEM30Jan20670CE.NFO,07/01/2020,09:32:55,19.9,19.65,900,20.4,900,0,32400
TATACHEM30Jan20670CE.NFO,07/01/2020,09:32:55,19.2,19.65,900,20.55,900,0,32400
TATACHEM30Jan20670CE.NFO,07/01/2020,09:32:56,19.2,19.45,1800,20.6,900,0,32400
TATACHEM30Jan20670CE.NFO,07/01/2020,09:32:57,19.2,19.55,2700,20.55,1800,0,32400
TATACHEM30Jan20670CE.NFO,07/01/2020,09:32:58,19.2,19.55,2700,20.55,900,0,32400
TATACHEM30Jan20670CE.NFO,07/01/2020,09:32:59,19.2,18.45,3600,20.1,900,0,32400
TATACHEM30Jan20670CE.NFO,07/01/2020,09:33:00,19.2,18.45,3600,19.95,900,0,32400
TATACHEM30Jan20670CE.NFO,07/01/2020,09:33:02,19.2,18.5,900,19.85,900,0,32400
TATACHEM30Jan20670CE.NFO,07/01/2020,09:33:03,19.2,17.95,4500,19.85,900,0,32400
TATACHEM30Jan20670CE.NFO,07/01/2020,09:33:04,19.2,18.05,4500,19.85,900,0,32400
TATACHEM30Jan20670CE.NFO,07/01/2020,09:33:07,19.2,18.05,1800,19.75,2700,0,32400
TATACHEM30Jan20670CE.NFO,07/01/2020,09:33:08,19.2,18.05,900,19.65,900,0,32400
TATACHEM30Jan20670CE.NFO,07/01/2020,09:33:09,19.2,18.05,900,19.55,900,0,32400
TATACHEM30Jan20670CE.NFO,07/01/2020,09:33:17,19.2,18.15,900,19.55,900,0,32400
TATACHEM30Jan20670CE.NFO,07/01/2020,09:33:18,19.2,17.65,4500,18.5,900,0,32400
TATACHEM30Jan20670CE.NFO,07/01/2020,09:33:20,19.2,17.65,5400,18.5,900,0,32400
TATACHEM30Jan20670CE.NFO,07/01/2020,09:33:22,18,17.65,5400,18.5,900,900,32400
TATACHEM30Jan20670CE.NFO,07/01/2020,09:33:23,18,17.65,5400,18.5,900,0,32400
TATACHEM30Jan20670CE.NFO,07/01/2020,09:33:27,18.5,17.65,2700,19.55,1800,900,32400
TATACHEM30Jan20670CE.NFO,07/01/2020,09:33:28,18.5,17.65,2700,19.55,1800,0,32400
TATACHEM30Jan20670CE.NFO,07/01/2020,09:33:32,18.5,18.1,900,18.9,900,0,32400
TATACHEM30Jan20670CE.NFO,07/01/2020,09:33:32,18.9,18.3,900,19.45,900,900,32400
TATACHEM30Jan20670CE.NFO,07/01/2020,09:33:33,18.9,18.2,900,19.5,900,0,32400
TATACHEM30Jan20670CE.NFO,07/01/2020,09:33:34,18.9,18.4,3600,19.6,900,0,32400
TATACHEM30Jan20670CE.NFO,07/01/2020,09:33:35,18.9,18.45,900,19.6,900,0,32400
TATACHEM30Jan20670CE.NFO,07/01/2020,09:33:36,18.9,17.85,3600,19.6,900,0,32400
TATACHEM30Jan20670CE.NFO,07/01/2020,09:33:42,18.9,18.05,3600,19.75,900,0,32400
TATACHEM30Jan20670CE.NFO,07/01/2020,09:33:43,18.9,18.15,4500,19.85,900,0,32400
TATACHEM30Jan20670CE.NFO,07/01/2020,09:33:44,18.9,18.15,4500,19.75,900,0,32400
TATACHEM30Jan20670CE.NFO,07/01/2020,09:33:45,18.9,18.15,4500,20,900,0,32400
TATACHEM30Jan20670CE.NFO,07/01/2020,09:33:47,18.9,18.15,4500,20,1800,0,32400
TATACHEM30Jan20670CE.NFO,07/01/2020,09:33:49,18.9,18.15,4500,19.8,900,0,32400
TATACHEM30Jan20670CE.NFO,07/01/2020,09:34:01,18.9,18.25,3600,20.05,900,0,32400
TATACHEM30Jan20670CE.NFO,07/01/2020,09:34:02,18.9,18.25,3600,20.05,1800,0,32400
TATACHEM30Jan20670CE.NFO,07/01/2020,09:34:03,18.9,18.25,3600,20.05,900,0,32400
TATACHEM30Jan20670CE.NFO,07/01/2020,09:34:05,18.9,18.55,3600,20.05,900,0,32400
TATACHEM30Jan20670CE.NFO,07/01/2020,09:34:13,18.9,18.55,900,20.05,1800,0,32400
TATACHEM30Jan20670CE.NFO,07/01/2020,09:34:21,18.9,18.55,900,20.1,1800,0,32400
TATACHEM30Jan20670CE.NFO,07/01/2020,09:34:21,18.9,18.55,900,19.9,900,0,32400
TATACHEM30Jan20670CE.NFO,07/01/2020,09:34:29,18.9,18.5,900,19.7,900,0,32400
TATACHEM30Jan20670CE.NFO,07/01/2020,09:34:30,18.9,17.9,4500,19.8,1800,0,32400
TATACHEM30Jan20670CE.NFO,07/01/2020,09:34:31,18.9,18,4500,19.85,900,0,32400
TATACHEM30Jan20670CE.NFO,07/01/2020,09:34:33,18.9,18.2,4500,19.85,900,0,32400
TATACHEM30Jan20670CE.NFO,07/01/2020,09:34:35,18.9,18.2,1800,19.75,900,0,32400
TATACHEM30Jan20670CE.NFO,07/01/2020,09:34:39,18.9,18.6,900,19.75,900,0,32400
TATACHEM30Jan20670CE.NFO,07/01/2020,09:34:41,18.9,17.9,4500,19.75,900,0,32400
TATACHEM30Jan20670CE.NFO,07/01/2020,09:34:43,18.9,18.2,4500,19.75,900,0,32400
TATACHEM30Jan20670CE.NFO,07/01/2020,09:34:45,18.9,18.2,900,19.75,1800,0,32400
TATACHEM30Jan20670CE.NFO,07/01/2020,09:34:45,18.9,18.35,900,19.75,900,0,32400
TATACHEM30Jan20670CE.NFO,07/01/2020,09:34:46,18.9,18.45,900,19.7,900,0,32400
TATACHEM30Jan20670CE.NFO,07/01/2020,09:34:47,18.9,18.45,900,19.75,900,0,32400
TATACHEM30Jan20670CE.NFO,07/01/2020,09:34:48,18.9,18.4,900,19.75,900,0,32400
TATACHEM30Jan20670CE.NFO,07/01/2020,09:34:51,18.9,18.35,900,19.75,900,0,32400
TATACHEM30Jan20670CE.NFO,07/01/2020,09:34:52,18.9,18.4,900,19.75,900,0,32400
TATACHEM30Jan20670CE.NFO,07/01/2020,09:35:05,18.9,18.4,900,19.65,900,0,32400
TATACHEM30Jan20670CE.NFO,07/01/2020,09:35:22,18.9,18.35,900,19.55,900,0,32400
TATACHEM30Jan20670CE.NFO,07/01/2020,09:35:22,18.9,18.35,900,19.75,1800,0,32400
TATACHEM30Jan20670CE.NFO,07/01/2020,09:35:23,18.9,18.4,900,19.75,1800,0,32400
TATACHEM30Jan20670CE.NFO,07/01/2020,09:35:24,18.9,18.4,900,19.65,900,0,32400
TATACHEM30Jan20670CE.NFO,07/01/2020,09:35:32,18.9,18.4,900,19.85,1800,0,32400
TATACHEM30Jan20670CE.NFO,07/01/2020,09:35:44,18.9,18.35,900,19.35,1800,0,32400
TATACHEM30Jan20670CE.NFO,07/01/2020,09:35:45,18.9,17.55,1800,19.25,900,0,32400
TATACHEM30Jan20670CE.NFO,07/01/2020,09:35:48,18.9,17.65,1800,19.25,900,0,32400
TATACHEM30Jan20670CE.NFO,07/01/2020,09:35:50,18.9,17.75,900,19.25,900,0,32400
TATACHEM30Jan20670CE.NFO,07/01/2020,09:35:55,18.9,17.7,900,19.15,900,0,32400
TATACHEM30Jan20670CE.NFO,07/01/2020,09:35:59,18.9,17.7,900,19.05,900,0,32400
TATACHEM30Jan20670CE.NFO,07/01/2020,09:36:12,18.9,17.9,1800,19.05,900,0,32400
TATACHEM30Jan20670CE.NFO,07/01/2020,09:37:55,19.05,18,900,19.5,2700,900,35100
TATACHEM30Jan20670CE.NFO,07/01/2020,09:37:56,19.05,18,900,19.5,2700,0,35100
TATACHEM30Jan20670CE.NFO,07/01/2020,09:38:11,19.05,18.05,900,19.5,2700,0,35100
TATACHEM30Jan20670CE.NFO,07/01/2020,09:38:13,19.05,18.05,1800,19.5,2700,0,35100
TATACHEM30Jan20670CE.NFO,07/01/2020,09:38:19,19.05,18.05,1800,19.5,1800,0,35100
TATACHEM30Jan20670CE.NFO,07/01/2020,09:38:37,19.05,18.1,900,19.5,1800,0,35100
TATACHEM30Jan20670CE.NFO,07/01/2020,09:38:45,19.05,18.05,900,19.45,1800,0,35100
TATACHEM30Jan20670CE.NFO,07/01/2020,09:38:47,19.05,17.9,2700,19.45,1800,0,35100
TATACHEM30Jan20670CE.NFO,07/01/2020,09:38:49,19.05,18,1800,19.5,1800,0,35100
TATACHEM30Jan20670CE.NFO,07/01/2020,09:39:19,19.05,18.5,900,19.65,900,0,35100
TATACHEM30Jan20670CE.NFO,07/01/2020,09:39:24,19.05,18.4,4500,19.7,900,0,35100
TATACHEM30Jan20670CE.NFO,07/01/2020,09:39:29,19.05,18.65,900,19.7,900,0,35100
TATACHEM30Jan20670CE.NFO,07/01/2020,09:39:34,19.05,18.1,4500,19.65,900,0,35100
TATACHEM30Jan20670CE.NFO,07/01/2020,09:39:39,19.05,18.1,4500,19.6,900,0,35100
TATACHEM30Jan20670CE.NFO,07/01/2020,09:39:45,19.05,18.1,4500,19.65,1800,0,35100
TATACHEM30Jan20670CE.NFO,07/01/2020,09:39:50,19.05,18.1,4500,19.65,900,0,35100
TATACHEM30Jan20670CE.NFO,07/01/2020,09:40:00,19.05,18.3,4500,20,900,0,35100
TATACHEM30Jan20670CE.NFO,07/01/2020,09:40:06,19.05,19,2700,20,900,0,35100
TATACHEM30Jan20670CE.NFO,07/01/2020,09:40:18,19.05,18.6,900,19.9,900,0,35100
TATACHEM30Jan20670CE.NFO,07/01/2020,09:40:31,19.05,18.65,900,19.9,900,0,35100
TATACHEM30Jan20670CE.NFO,07/01/2020,09:40:43,19.05,18.5,900,19.9,900,0,35100
TATACHEM30Jan20670CE.NFO,07/01/2020,09:40:46,19.05,18.5,900,19.8,900,0,35100
TATACHEM30Jan20670CE.NFO,07/01/2020,09:40:56,19.05,18.55,900,19.8,900,0,35100
TATACHEM30Jan20670CE.NFO,07/01/2020,09:41:00,19.05,18.5,900,19.7,900,0,35100
TATACHEM30Jan20670CE.NFO,07/01/2020,09:41:03,19.05,18.6,900,19.7,900,0,35100
TATACHEM30Jan20670CE.NFO,07/01/2020,09:41:04,19.7,19.2,2700,20.55,900,900,36000
TATACHEM30Jan20670CE.NFO,07/01/2020,09:41:05,19.7,19.4,2700,20.55,900,0,36000
TATACHEM30Jan20670CE.NFO,07/01/2020,09:41:07,19.7,19.4,2700,20.45,900,0,36000
TATACHEM30Jan20670CE.NFO,07/01/2020,09:41:11,19.7,19.2,1800,20.45,900,0,36000
TATACHEM30Jan20670CE.NFO,07/01/2020,09:41:12,19.7,19.2,1800,20.35,900,0,36000
TATACHEM30Jan20670CE.NFO,07/01/2020,09:41:13,19.7,19.3,1800,20.4,900,0,36000
TATACHEM30Jan20670CE.NFO,07/01/2020,09:41:14,19.7,19.55,900,20.4,900,0,36000
TATACHEM30Jan20670CE.NFO,07/01/2020,09:41:16,19.7,19.25,900,20.4,900,0,36000
TATACHEM30Jan20670CE.NFO,07/01/2020,09:41:18,19.7,18.75,1800,20.45,900,0,36000
TATACHEM30Jan20670CE.NFO,07/01/2020,09:41:19,19.7,19.2,900,20.45,1800,0,36000
TATACHEM30Jan20670CE.NFO,07/01/2020,09:41:20,19.7,19.15,1800,20.25,900,0,36000
TATACHEM30Jan20670CE.NFO,07/01/2020,09:41:21,19.7,19.15,900,20.4,1800,0,36000
TATACHEM30Jan20670CE.NFO,07/01/2020,09:41:22,19.7,19.15,900,20.35,900,0,36000
TATACHEM30Jan20670CE.NFO,07/01/2020,09:41:23,19.7,19.15,1800,20.4,900,0,36000
TATACHEM30Jan20670CE.NFO,07/01/2020,09:41:23,19.7,19.05,1800,20.4,900,0,36000
TATACHEM30Jan20670CE.NFO,07/01/2020,09:41:24,19.7,19.15,2700,20.4,900,0,36000
TATACHEM30Jan20670CE.NFO,07/01/2020,09:41:25,19.7,19.1,900,20.4,1800,0,36000
TATACHEM30Jan20670CE.NFO,07/01/2020,09:41:26,19.7,19.1,900,20.35,900,0,36000
TATACHEM30Jan20670CE.NFO,07/01/2020,09:41:28,19.7,19.1,900,20.4,900,0,36000
TATACHEM30Jan20670CE.NFO,07/01/2020,09:41:28,19.7,19.1,900,20.3,900,0,36000
TATACHEM30Jan20670CE.NFO,07/01/2020,09:41:30,19.7,18.85,900,20.25,900,0,36000
TATACHEM30Jan20670CE.NFO,07/01/2020,09:41:32,19.7,19.05,900,20.25,900,0,36000
TATACHEM30Jan20670CE.NFO,07/01/2020,09:41:43,19.7,19.05,900,20.3,1800,0,36000
TATACHEM30Jan20670CE.NFO,07/01/2020,09:41:44,19.7,19.05,900,20.25,900,0,36000
TATACHEM30Jan20670CE.NFO,07/01/2020,09:41:48,19.7,19.05,900,20.3,900,0,36000
TATACHEM30Jan20670CE.NFO,07/01/2020,09:41:56,19.7,19.05,900,20.1,900,0,36000
TATACHEM30Jan20670CE.NFO,07/01/2020,09:41:57,19.7,19.05,900,20.15,900,0,36000
TATACHEM30Jan20670CE.NFO,07/01/2020,09:41:58,19.7,18.7,900,20.2,900,0,36000
TATACHEM30Jan20670CE.NFO,07/01/2020,09:42:01,19.7,18.7,900,20.15,900,0,36000
TATACHEM30Jan20670CE.NFO,07/01/2020,09:42:02,19.7,18.7,900,20.2,900,0,36000
TATACHEM30Jan20670CE.NFO,07/01/2020,09:42:09,19.7,18.7,900,20.1,1800,0,36000
TATACHEM30Jan20670CE.NFO,07/01/2020,09:42:10,19.7,18.7,900,20.1,900,0,36000
TATACHEM30Jan20670CE.NFO,07/01/2020,09:42:19,19.7,18.7,900,20.05,1800,0,36000
TATACHEM30Jan20670CE.NFO,07/01/2020,09:42:23,19.7,18.7,900,20.1,1800,0,36000
TATACHEM30Jan20670CE.NFO,07/01/2020,09:42:25,19.7,18.7,900,20.05,1800,0,36000
TATACHEM30Jan20670CE.NFO,07/01/2020,09:42:33,19.7,18.7,900,20.05,900,0,36000
TATACHEM30Jan20670CE.NFO,07/01/2020,09:42:34,19.7,18.7,900,20.15,2700,0,36000
TATACHEM30Jan20670CE.NFO,07/01/2020,09:42:36,19.7,18.7,900,20.1,1800,0,36000
TATACHEM30Jan20670CE.NFO,07/01/2020,09:42:37,19.7,18.7,900,20.05,1800,0,36000
TATACHEM30Jan20670CE.NFO,07/01/2020,09:42:41,19.7,18.7,900,20.05,2700,0,36000
TATACHEM30Jan20670CE.NFO,07/01/2020,09:42:43,19.7,18.35,900,19.95,2700,0,36000
TATACHEM30Jan20670CE.NFO,07/01/2020,09:42:46,19.7,18.35,900,19.85,1800,0,36000
TATACHEM30Jan20670CE.NFO,07/01/2020,09:42:50,19.7,18.35,900,19.8,900,0,36000
TATACHEM30Jan20670CE.NFO,07/01/2020,09:42:51,19.7,18.35,900,19.85,1800,0,36000
TATACHEM30Jan20670CE.NFO,07/01/2020,09:42:52,19.7,18.35,900,19.8,900,0,36000
TATACHEM30Jan20670CE.NFO,07/01/2020,09:42:56,19.7,18.35,900,19.9,1800,0,36000
TATACHEM30Jan20670CE.NFO,07/01/2020,09:42:56,19.7,18.35,900,19.85,900,0,36000
TATACHEM30Jan20670CE.NFO,07/01/2020,09:42:59,19.7,18.35,900,19.9,1800,0,36000
TATACHEM30Jan20670CE.NFO,07/01/2020,09:43:00,19.7,18.35,900,19.85,900,0,36000
TATACHEM30Jan20670CE.NFO,07/01/2020,09:43:01,19.7,18.35,900,19.75,900,0,36000
TATACHEM30Jan20670CE.NFO,07/01/2020,09:43:02,19.7,18.35,900,19.7,1800,0,36000
TATACHEM30Jan20670CE.NFO,07/01/2020,09:43:05,19.7,18.35,900,19.75,2700,0,36000
TATACHEM30Jan20670CE.NFO,07/01/2020,09:43:06,19.7,18.35,900,19.75,900,0,36000
TATACHEM30Jan20670CE.NFO,07/01/2020,09:43:07,19.7,18.35,900,19.7,900,0,36000
TATACHEM30Jan20670CE.NFO,07/01/2020,09:43:08,19.7,18.35,900,19.75,900,0,36000
TATACHEM30Jan20670CE.NFO,07/01/2020,09:43:09,19.7,18.35,900,19.75,2700,0,36000
TATACHEM30Jan20670CE.NFO,07/01/2020,09:43:10,19.7,18.35,900,19.75,1800,0,36000
TATACHEM30Jan20670CE.NFO,07/01/2020,09:43:11,19.7,18.35,900,19.75,900,0,36000
TATACHEM30Jan20670CE.NFO,07/01/2020,09:43:12,19.7,18.35,900,19.9,900,0,36000
TATACHEM30Jan20670CE.NFO,07/01/2020,09:43:15,19.7,18.35,900,19.7,900,0,36000
TATACHEM30Jan20670CE.NFO,07/01/2020,09:43:16,19.7,18.35,900,19.8,900,0,36000
TATACHEM30Jan20670CE.NFO,07/01/2020,09:43:18,19.7,18.35,900,19.8,2700,0,36000
TATACHEM30Jan20670CE.NFO,07/01/2020,09:43:19,19.7,18.35,900,19.8,900,0,36000
TATACHEM30Jan20670CE.NFO,07/01/2020,09:43:21,19.7,18.35,900,19.8,1800,0,36000
TATACHEM30Jan20670CE.NFO,07/01/2020,09:43:22,19.7,18.35,900,19.9,900,0,36000
TATACHEM30Jan20670CE.NFO,07/01/2020,09:43:23,19.7,18.35,900,19.8,900,0,36000
TATACHEM30Jan20670CE.NFO,07/01/2020,09:43:26,19.7,18.35,900,19.75,900,0,36000
TATACHEM30Jan20670CE.NFO,07/01/2020,09:43:28,19.7,18.35,900,19.75,1800,0,36000
TATACHEM30Jan20670CE.NFO,07/01/2020,09:43:31,19.7,18.35,900,19.75,900,0,36000
TATACHEM30Jan20670CE.NFO,07/01/2020,09:43:36,19.7,18.35,900,19.7,1800,0,36000
TATACHEM30Jan20670CE.NFO,07/01/2020,09:43:36,19.7,18.35,900,19.7,2700,0,36000
TATACHEM30Jan20670CE.NFO,07/01/2020,09:43:37,19.7,18.05,900,19.55,2700,0,36000
TATACHEM30Jan20670CE.NFO,07/01/2020,09:43:38,19.7,18.05,900,19.5,1800,0,36000
TATACHEM30Jan20670CE.NFO,07/01/2020,09:43:40,19.7,18.05,900,19.55,900,0,36000
TATACHEM30Jan20670CE.NFO,07/01/2020,09:43:41,19.7,18.05,1800,19.55,900,0,36000
TATACHEM30Jan20670CE.NFO,07/01/2020,09:43:43,19.7,18.05,1800,19.65,1800,0,36000
TATACHEM30Jan20670CE.NFO,07/01/2020,09:43:44,19.7,18.05,1800,19.55,900,0,36000
TATACHEM30Jan20670CE.NFO,07/01/2020,09:43:45,19.7,18.05,900,19.55,900,0,36000
TATACHEM30Jan20670CE.NFO,07/01/2020,09:43:48,19.7,18.05,1800,19.55,900,0,36000
TATACHEM30Jan20670CE.NFO,07/01/2020,09:43:52,19.7,18.05,900,19.6,900,0,36000
TATACHEM30Jan20670CE.NFO,07/01/2020,09:43:53,19.7,18.3,900,19.6,900,0,36000
TATACHEM30Jan20670CE.NFO,07/01/2020,09:43:55,19.7,18.25,900,19.6,900,0,36000
TATACHEM30Jan20670CE.NFO,07/01/2020,09:43:57,19.7,18.45,900,19.6,900,0,36000
TATACHEM30Jan20670CE.NFO,07/01/2020,09:43:57,19.7,18.15,900,19.6,900,0,36000
TATACHEM30Jan20670CE.NFO,07/01/2020,09:43:59,19.7,18.2,900,19.6,900,0,36000
TATACHEM30Jan20670CE.NFO,07/01/2020,09:44:02,19.7,18.55,900,19.75,1800,0,36000
TATACHEM30Jan20670CE.NFO,07/01/2020,09:44:03,19.7,18.35,2700,19.75,1800,0,36000
TATACHEM30Jan20670CE.NFO,07/01/2020,09:44:04,19.7,18.35,2700,19.8,900,0,36000
TATACHEM30Jan20670CE.NFO,07/01/2020,09:44:05,19.7,18.45,1800,19.8,900,0,36000
TATACHEM30Jan20670CE.NFO,07/01/2020,09:44:06,19.7,18.05,4500,19.8,900,0,36000
TATACHEM30Jan20670CE.NFO,07/01/2020,09:44:07,19.7,18.05,4500,19.75,1800,0,36000
TATACHEM30Jan20670CE.NFO,07/01/2020,09:44:30,19.7,18.05,4500,19.65,900,0,36000
TATACHEM30Jan20670CE.NFO,07/01/2020,09:44:39,19.7,18.05,4500,19.6,900,0,36000
TATACHEM30Jan20670CE.NFO,07/01/2020,09:44:44,19.7,18.05,4500,19.65,900,0,36000
TATACHEM30Jan20670CE.NFO,07/01/2020,09:44:54,19.7,18.05,4500,19.55,900,0,36000
TATACHEM30Jan20670CE.NFO,07/01/2020,09:45:05,19.7,18.05,4500,19.65,900,0,36000
TATACHEM30Jan20670CE.NFO,07/01/2020,09:45:12,19.7,18.05,4500,19.7,900,0,36000
TATACHEM30Jan20670CE.NFO,07/01/2020,09:46:38,19.7,18.05,4500,19.6,900,0,36000
TATACHEM30Jan20670CE.NFO,07/01/2020,09:46:49,19.7,18.05,4500,19.65,1800,0,36000
TATACHEM30Jan20670CE.NFO,07/01/2020,09:47:05,19.7,18.05,4500,19.65,900,0,36000
TATACHEM30Jan20670CE.NFO,07/01/2020,09:47:09,19.7,18.05,4500,19.55,1800,0,36000
TATACHEM30Jan20670CE.NFO,07/01/2020,09:47:14,19.7,18.05,4500,19.55,900,0,36000
TATACHEM30Jan20670CE.NFO,07/01/2020,09:47:46,19.7,18.05,4500,19.6,1800,0,36000
TATACHEM30Jan20670CE.NFO,07/01/2020,09:48:14,19.7,18.05,3600,19.4,1800,0,36000
TATACHEM30Jan20670CE.NFO,07/01/2020,09:48:19,19.7,18.05,1800,19.4,1800,0,36000
TATACHEM30Jan20670CE.NFO,07/01/2020,09:48:36,19.7,18,1800,19.3,1800,0,36000
TATACHEM30Jan20670CE.NFO,07/01/2020,09:48:42,19.7,18.05,900,19.3,900,0,36000
TATACHEM30Jan20670CE.NFO,07/01/2020,09:48:48,19.7,18.15,900,19.4,1800,0,36000
TATACHEM30Jan20670CE.NFO,07/01/2020,09:48:54,19.7,18.05,900,19.4,1800,0,36000
TATACHEM30Jan20670CE.NFO,07/01/2020,09:49:01,19.7,18.05,900,19.3,1800,0,36000
TATACHEM30Jan20670CE.NFO,07/01/2020,09:49:07,19.7,18.05,900,19.35,900,0,36000
TATACHEM30Jan20670CE.NFO,07/01/2020,09:49:13,19.7,18.05,900,19.3,1800,0,36000
TATACHEM30Jan20670CE.NFO,07/01/2020,09:49:23,19.7,18,1800,19.2,1800,0,36000
TATACHEM30Jan20670CE.NFO,07/01/2020,09:49:29,19.7,18.05,900,19.2,1800,0,36000
TATACHEM30Jan20670CE.NFO,07/01/2020,09:49:36,19.7,18.05,900,19.3,1800,0,36000
TATACHEM30Jan20670CE.NFO,07/01/2020,09:50:05,19.7,18.25,3600,19.4,1800,0,36000
TATACHEM30Jan20670CE.NFO,07/01/2020,09:50:10,19.7,18.05,3600,19.3,900,0,36000
TATACHEM30Jan20670CE.NFO,07/01/2020,09:50:31,19.7,18.05,3600,19.35,2700,0,36000
TATACHEM30Jan20670CE.NFO,07/01/2020,09:50:58,19.7,18.05,3600,19.35,1800,0,36000
TATACHEM30Jan20670CE.NFO,07/01/2020,09:51:03,19.7,18.05,3600,19.35,2700,0,36000
TATACHEM30Jan20670CE.NFO,07/01/2020,09:51:14,19.7,18.05,900,19.2,900,0,36000
TATACHEM30Jan20670CE.NFO,07/01/2020,09:51:22,19.7,18.05,900,19.25,900,0,36000
TATACHEM30Jan20670CE.NFO,07/01/2020,09:51:39,19.7,18.05,900,19.3,900,0,36000
TATACHEM30Jan20670CE.NFO,07/01/2020,09:51:54,19.7,18.05,900,19.25,900,0,36000
TATACHEM30Jan20670CE.NFO,07/01/2020,09:52:03,19.7,18.05,900,19.2,900,0,36000
TATACHEM30Jan20670CE.NFO,07/01/2020,09:52:14,19.7,18.05,900,19.2,1800,0,36000
TATACHEM30Jan20670CE.NFO,07/01/2020,09:52:19,19.7,18.05,900,19.15,900,0,36000
TATACHEM30Jan20670CE.NFO,07/01/2020,09:52:29,19.7,18.05,900,19.05,900,0,36000
TATACHEM30Jan20670CE.NFO,07/01/2020,09:52:35,19.7,18.05,900,19.1,900,0,36000
TATACHEM30Jan20670CE.NFO,07/01/2020,09:52:44,19.7,18.05,900,19.15,900,0,36000
TATACHEM30Jan20670CE.NFO,07/01/2020,09:52:57,19.7,18.05,900,19.1,900,0,36000
TATACHEM30Jan20670CE.NFO,07/01/2020,09:53:02,19.7,18,1800,19,900,0,36000
TATACHEM30Jan20670CE.NFO,07/01/2020,09:53:09,19.7,18,1800,19,1800,0,36000
TATACHEM30Jan20670CE.NFO,07/01/2020,09:53:25,19.7,18,1800,18.9,900,0,36000
TATACHEM30Jan20670CE.NFO,07/01/2020,09:53:40,19.7,18.05,900,18.95,900,0,36000
TATACHEM30Jan20670CE.NFO,07/01/2020,09:53:45,19.7,18.05,900,19.1,1800,0,36000
TATACHEM30Jan20670CE.NFO,07/01/2020,09:53:50,19.7,18.05,900,19.2,3600,0,36000
TATACHEM30Jan20670CE.NFO,07/01/2020,09:53:55,19.7,18.05,900,19.15,900,0,36000
TATACHEM30Jan20670CE.NFO,07/01/2020,09:54:00,19.7,18.05,900,19.1,900,0,36000
TATACHEM30Jan20670CE.NFO,07/01/2020,09:54:05,19.7,18.05,900,19.15,900,0,36000
TATACHEM30Jan20670CE.NFO,07/01/2020,09:54:11,19.7,18.15,1800,19.1,900,0,36000
TATACHEM30Jan20670CE.NFO,07/01/2020,09:54:16,19.7,18.15,1800,19.15,900,0,36000
TATACHEM30Jan20670CE.NFO,07/01/2020,09:54:27,19.7,18.15,900,18.85,900,0,36000
TATACHEM30Jan20670CE.NFO,07/01/2020,09:54:32,19.7,18,900,18.85,2700,0,36000
TATACHEM30Jan20670CE.NFO,07/01/2020,09:54:37,19.7,18,900,18.8,900,0,36000
TATACHEM30Jan20670CE.NFO,07/01/2020,09:54:41,19.7,18,900,18.8,1800,0,36000
TATACHEM30Jan20670CE.NFO,07/01/2020,09:54:46,19.7,18.05,900,19,2700,0,36000
TATACHEM30Jan20670CE.NFO,07/01/2020,09:54:51,19.7,18,900,18.7,900,0,36000
TATACHEM30Jan20670CE.NFO,07/01/2020,09:55:01,19.7,18.05,900,18.75,900,0,36000
TATACHEM30Jan20670CE.NFO,07/01/2020,09:55:07,19.7,18.05,900,19.05,900,0,36000
TATACHEM30Jan20670CE.NFO,07/01/2020,09:55:13,19.7,18.05,900,19.05,1800,0,36000
TATACHEM30Jan20670CE.NFO,07/01/2020,09:55:19,19.7,18.05,900,18.95,900,0,36000
TATACHEM30Jan20670CE.NFO,07/01/2020,09:55:40,19.7,18.05,900,18.9,1800,0,36000
TATACHEM30Jan20670CE.NFO,07/01/2020,09:55:45,19.7,18.05,900,18.9,2700,0,36000
TATACHEM30Jan20670CE.NFO,07/01/2020,09:55:49,19.7,18.05,900,18.85,900,0,36000
TATACHEM30Jan20670CE.NFO,07/01/2020,09:55:53,19.7,18.05,900,18.8,900,0,36000
TATACHEM30Jan20670CE.NFO,07/01/2020,09:56:02,19.7,18.05,900,18.85,1800,0,36000
TATACHEM30Jan20670CE.NFO,07/01/2020,09:56:07,19.7,18,900,18.7,900,0,36000
TATACHEM30Jan20670CE.NFO,07/01/2020,09:56:15,19.7,18,900,18.7,1800,0,36000
TATACHEM30Jan20670CE.NFO,07/01/2020,09:56:21,19.7,18,900,18.65,1800,0,36000
TATACHEM30Jan20670CE.NFO,07/01/2020,09:57:16,19.7,18,900,18.7,900,0,36000
TATACHEM30Jan20670CE.NFO,07/01/2020,09:57:27,19.7,18.05,900,18.7,900,0,36000
TATACHEM30Jan20670CE.NFO,07/01/2020,09:57:38,19.7,18,900,18.7,900,0,36000
TATACHEM30Jan20670CE.NFO,07/01/2020,09:58:15,19.7,18.05,900,18.7,900,0,36000
TATACHEM30Jan20670CE.NFO,07/01/2020,09:58:25,19.7,18,900,18.7,900,0,36000
TATACHEM30Jan20670CE.NFO,07/01/2020,09:58:34,19.7,18.05,900,18.7,900,0,36000
TATACHEM30Jan20670CE.NFO,07/01/2020,09:58:43,19.7,18,900,18.7,900,0,36000
TATACHEM30Jan20670CE.NFO,07/01/2020,09:58:48,19.7,18.05,900,18.7,900,0,36000
TATACHEM30Jan20670CE.NFO,07/01/2020,09:59:34,19.7,18,900,18.75,1800,0,36000
TATACHEM30Jan20670CE.NFO,07/01/2020,09:59:39,19.7,18.05,900,18.75,900,0,36000
TATACHEM30Jan20670CE.NFO,07/01/2020,09:59:57,19.7,18.05,900,18.8,900,0,36000
TATACHEM30Jan20670CE.NFO,07/01/2020,10:00:01,19.7,18,900,18.8,900,0,36000
TATACHEM30Jan20670CE.NFO,07/01/2020,10:00:27,19.7,18,900,18.7,900,0,36000
TATACHEM30Jan20670CE.NFO,07/01/2020,10:00:32,19.7,18,900,18.55,900,0,36000
TATACHEM30Jan20670CE.NFO,07/01/2020,10:00:54,18,17.55,900,18.2,900,900,36900
TATACHEM30Jan20670CE.NFO,07/01/2020,10:01:01,18,17.55,900,18.2,900,0,36900
TATACHEM30Jan20670CE.NFO,07/01/2020,10:01:13,18,17.35,900,18.05,1800,0,36900
TATACHEM30Jan20670CE.NFO,07/01/2020,10:01:20,18,16.85,900,17.75,900,0,36900
TATACHEM30Jan20670CE.NFO,07/01/2020,10:01:26,18,16.25,900,17.55,900,0,36900
TATACHEM30Jan20670CE.NFO,07/01/2020,10:01:32,18,16.65,1800,17.85,900,0,36900
TATACHEM30Jan20670CE.NFO,07/01/2020,10:01:37,18,16.75,900,17.9,900,0,36900
TATACHEM30Jan20670CE.NFO,07/01/2020,10:01:43,18,16.75,900,17.9,1800,0,36900
TATACHEM30Jan20670CE.NFO,07/01/2020,10:01:49,18,16.75,900,17.8,900,0,36900
TATACHEM30Jan20670CE.NFO,07/01/2020,10:01:55,18,16.75,900,17.8,1800,0,36900
TATACHEM30Jan20670CE.NFO,07/01/2020,10:02:01,18,16.75,900,17.65,900,0,36900
TATACHEM30Jan20670CE.NFO,07/01/2020,10:02:06,18,16.2,900,17.5,2700,0,36900
TATACHEM30Jan20670CE.NFO,07/01/2020,10:02:12,18,16.4,900,17.6,900,0,36900
TATACHEM30Jan20670CE.NFO,07/01/2020,10:02:13,18,16.4,900,17.5,900,0,36900
TATACHEM30Jan20670CE.NFO,07/01/2020,10:02:13,18,16.4,900,17.55,900,0,36900
TATACHEM30Jan20670CE.NFO,07/01/2020,10:02:14,18,16.4,900,17.55,1800,0,36900
TATACHEM30Jan20670CE.NFO,07/01/2020,10:02:18,18,16.4,900,17.55,900,0,36900
TATACHEM30Jan20670CE.NFO,07/01/2020,10:02:19,18,16.4,900,17.55,1800,0,36900
TATACHEM30Jan20670CE.NFO,07/01/2020,10:02:25,18,16.4,900,17.45,1800,0,36900
TATACHEM30Jan20670CE.NFO,07/01/2020,10:02:28,18,16.4,900,17.5,1800,0,36900
TATACHEM30Jan20670CE.NFO,07/01/2020,10:02:30,18,16.4,900,17.5,900,0,36900
TATACHEM30Jan20670CE.NFO,07/01/2020,10:02:31,18,16.4,900,17.5,1800,0,36900
TATACHEM30Jan20670CE.NFO,07/01/2020,10:02:34,18,16.4,900,17.6,1800,0,36900
TATACHEM30Jan20670CE.NFO,07/01/2020,10:02:38,18,16.4,900,17.5,1800,0,36900
TATACHEM30Jan20670CE.NFO,07/01/2020,10:02:39,18,16.4,900,17.55,900,0,36900
TATACHEM30Jan20670CE.NFO,07/01/2020,10:02:39,18,16.4,900,17.5,1800,0,36900
TATACHEM30Jan20670CE.NFO,07/01/2020,10:02:49,18,16.4,900,17.65,1800,0,36900
TATACHEM30Jan20670CE.NFO,07/01/2020,10:02:50,18,16.4,900,17.55,1800,0,36900
TATACHEM30Jan20670CE.NFO,07/01/2020,10:02:58,18,16.4,900,17.55,900,0,36900
TATACHEM30Jan20670CE.NFO,07/01/2020,10:03:09,18,16.4,900,17.55,1800,0,36900
TATACHEM30Jan20670CE.NFO,07/01/2020,10:03:11,18,16.4,900,17.45,900,0,36900
TATACHEM30Jan20670CE.NFO,07/01/2020,10:03:12,18,16.4,900,17.45,1800,0,36900
TATACHEM30Jan20670CE.NFO,07/01/2020,10:03:14,18,16.4,900,17.35,900,0,36900
TATACHEM30Jan20670CE.NFO,07/01/2020,10:03:18,18,16.35,900,17.35,900,0,36900
TATACHEM30Jan20670CE.NFO,07/01/2020,10:03:23,18,16.1,3600,17.3,900,0,36900
TATACHEM30Jan20670CE.NFO,07/01/2020,10:03:24,18,16.25,900,17.2,900,0,36900
TATACHEM30Jan20670CE.NFO,07/01/2020,10:03:31,18,16.25,900,17.15,900,0,36900
TATACHEM30Jan20670CE.NFO,07/01/2020,10:03:43,18,16.25,900,17.1,900,0,36900
TATACHEM30Jan20670CE.NFO,07/01/2020,10:03:43,18,16.25,900,17.2,1800,0,36900
TATACHEM30Jan20670CE.NFO,07/01/2020,10:03:51,18,16.25,900,17.15,1800,0,36900
TATACHEM30Jan20670CE.NFO,07/01/2020,10:03:52,18,16,3600,17.1,900,0,36900
TATACHEM30Jan20670CE.NFO,07/01/2020,10:03:54,18,16.1,3600,17.1,900,0,36900
TATACHEM30Jan20670CE.NFO,07/01/2020,10:03:56,18,16.25,900,17.25,1800,0,36900
TATACHEM30Jan20670CE.NFO,07/01/2020,10:03:58,18,16.25,900,17.25,900,0,36900
TATACHEM30Jan20670CE.NFO,07/01/2020,10:03:58,18,16.25,900,17.25,1800,0,36900
TATACHEM30Jan20670CE.NFO,07/01/2020,10:04:00,18,16.25,900,17.15,1800,0,36900
TATACHEM30Jan20670CE.NFO,07/01/2020,10:04:07,18,16.2,2700,17.15,2700,0,36900
TATACHEM30Jan20670CE.NFO,07/01/2020,10:04:08,18,16.1,1800,17,900,0,36900
TATACHEM30Jan20670CE.NFO,07/01/2020,10:04:09,18,16.05,900,16.95,900,0,36900
TATACHEM30Jan20670CE.NFO,07/01/2020,10:04:19,18,16,2700,16.9,900,0,36900
TATACHEM30Jan20670CE.NFO,07/01/2020,10:04:25,18,16.35,900,17.2,900,0,36900
TATACHEM30Jan20670CE.NFO,07/01/2020,10:04:40,18,16.35,900,17.25,900,0,36900
TATACHEM30Jan20670CE.NFO,07/01/2020,10:04:45,18,16.15,2700,17.25,1800,0,36900
TATACHEM30Jan20670CE.NFO,07/01/2020,10:04:51,18,16.25,900,17.25,1800,0,36900
TATACHEM30Jan20670CE.NFO,07/01/2020,10:05:01,18,16.2,900,17.15,1800,0,36900
TATACHEM30Jan20670CE.NFO,07/01/2020,10:05:07,18,16.2,900,17.2,900,0,36900
TATACHEM30Jan20670CE.NFO,07/01/2020,10:05:12,18,16.2,900,17.25,1800,0,36900
TATACHEM30Jan20670CE.NFO,07/01/2020,10:05:31,18,15.85,3600,17.05,1800,0,36900
TATACHEM30Jan20670CE.NFO,07/01/2020,10:05:38,18,16,900,17.05,1800,0,36900
TATACHEM30Jan20670CE.NFO,07/01/2020,10:05:44,18,16,900,17.05,900,0,36900
TATACHEM30Jan20670CE.NFO,07/01/2020,10:05:50,18,16,900,17,2700,0,36900
TATACHEM30Jan20670CE.NFO,07/01/2020,10:06:02,18,15.7,900,16.7,900,0,36900
TATACHEM30Jan20670CE.NFO,07/01/2020,10:06:08,18,15.6,900,16.65,2700,0,36900
TATACHEM30Jan20670CE.NFO,07/01/2020,10:06:12,18,15.65,900,16.6,1800,0,36900
TATACHEM30Jan20670CE.NFO,07/01/2020,10:06:13,18,15.7,1800,16.6,1800,0,36900
TATACHEM30Jan20670CE.NFO,07/01/2020,10:06:14,18,15.7,1800,16.6,900,0,36900
TATACHEM30Jan20670CE.NFO,07/01/2020,10:06:17,18,15.7,1800,16.55,2700,0,36900
TATACHEM30Jan20670CE.NFO,07/01/2020,10:06:17,18,15.7,1800,16.65,2700,0,36900
TATACHEM30Jan20670CE.NFO,07/01/2020,10:06:23,18,15.7,1800,16.65,1800,0,36900
TATACHEM30Jan20670CE.NFO,07/01/2020,10:06:24,18,15.7,1800,16.7,900,0,36900
TATACHEM30Jan20670CE.NFO,07/01/2020,10:06:25,18,15.7,1800,16.55,1800,0,36900
TATACHEM30Jan20670CE.NFO,07/01/2020,10:06:25,18,15.7,1800,16.5,900,0,36900
TATACHEM30Jan20670CE.NFO,07/01/2020,10:06:32,18,15.8,2700,16.75,1800,0,36900
TATACHEM30Jan20670CE.NFO,07/01/2020,10:06:33,18,15.8,900,16.75,1800,0,36900
TATACHEM30Jan20670CE.NFO,07/01/2020,10:06:34,18,15.9,900,16.75,1800,0,36900
TATACHEM30Jan20670CE.NFO,07/01/2020,10:06:35,18,15.9,1800,16.75,2700,0,36900
TATACHEM30Jan20670CE.NFO,07/01/2020,10:06:37,18,15.9,1800,16.75,1800,0,36900
TATACHEM30Jan20670CE.NFO,07/01/2020,10:06:39,18,15.9,1800,16.75,2700,0,36900
TATACHEM30Jan20670CE.NFO,07/01/2020,10:06:41,18,15.9,1800,16.65,900,0,36900
TATACHEM30Jan20670CE.NFO,07/01/2020,10:06:42,18,15.7,900,16.65,1800,0,36900
TATACHEM30Jan20670CE.NFO,07/01/2020,10:06:43,18,15.6,900,16.65,1800,0,36900
TATACHEM30Jan20670CE.NFO,07/01/2020,10:06:45,18,15.7,1800,16.65,1800,0,36900
TATACHEM30Jan20670CE.NFO,07/01/2020,10:06:45,18,15.7,1800,16.6,900,0,36900
TATACHEM30Jan20670CE.NFO,07/01/2020,10:06:49,18,15.7,1800,16.65,1800,0,36900
TATACHEM30Jan20670CE.NFO,07/01/2020,10:06:52,18,15.7,1800,16.65,900,0,36900
TATACHEM30Jan20670CE.NFO,07/01/2020,10:06:52,18,15.7,1800,16.7,1800,0,36900
TATACHEM30Jan20670CE.NFO,07/01/2020,10:06:53,18,15.75,900,16.75,2700,0,36900
TATACHEM30Jan20670CE.NFO,07/01/2020,10:06:55,18,15.85,900,16.75,2700,0,36900
TATACHEM30Jan20670CE.NFO,07/01/2020,10:06:58,18,15.85,1800,16.75,2700,0,36900
TATACHEM30Jan20670CE.NFO,07/01/2020,10:06:58,18,15.85,1800,16.75,1800,0,36900
TATACHEM30Jan20670CE.NFO,07/01/2020,10:06:59,18,15.85,1800,16.75,2700,0,36900
TATACHEM30Jan20670CE.NFO,07/01/2020,10:07:02,18,15.85,1800,16.75,1800,0,36900
TATACHEM30Jan20670CE.NFO,07/01/2020,10:07:04,18,15.85,1800,16.6,900,0,36900
TATACHEM30Jan20670CE.NFO,07/01/2020,10:07:08,18,15.85,1800,16.7,900,0,36900
TATACHEM30Jan20670CE.NFO,07/01/2020,10:07:10,18,15.85,1800,16.7,1800,0,36900
TATACHEM30Jan20670CE.NFO,07/01/2020,10:07:14,18,15.85,1800,16.65,900,0,36900
TATACHEM30Jan20670CE.NFO,07/01/2020,10:07:15,18,15.8,900,16.6,900,0,36900
TATACHEM30Jan20670CE.NFO,07/01/2020,10:07:16,18,15.75,900,16.6,900,0,36900
TATACHEM30Jan20670CE.NFO,07/01/2020,10:07:17,18,15.9,900,16.65,900,0,36900
TATACHEM30Jan20670CE.NFO,07/01/2020,10:07:18,18,15.8,1800,16.65,900,0,36900
TATACHEM30Jan20670CE.NFO,07/01/2020,10:07:19,18,15.8,1800,16.7,1800,0,36900
TATACHEM30Jan20670CE.NFO,07/01/2020,10:07:29,18,15.8,1800,16.7,900,0,36900
TATACHEM30Jan20670CE.NFO,07/01/2020,10:07:31,18,15.8,1800,16.7,1800,0,36900
TATACHEM30Jan20670CE.NFO,07/01/2020,10:07:32,18,15.8,1800,16.6,900,0,36900
TATACHEM30Jan20670CE.NFO,07/01/2020,10:07:39,18,15.85,900,16.75,1800,0,36900
TATACHEM30Jan20670CE.NFO,07/01/2020,10:07:41,18,15.9,900,16.7,900,0,36900
TATACHEM30Jan20670CE.NFO,07/01/2020,10:07:42,18,16,900,16.75,1800,0,36900
TATACHEM30Jan20670CE.NFO,07/01/2020,10:07:43,18,16.2,900,16.85,900,0,36900
TATACHEM30Jan20670CE.NFO,07/01/2020,10:07:45,18,16.35,900,17.1,1800,0,36900
TATACHEM30Jan20670CE.NFO,07/01/2020,10:07:48,18,16.2,900,17.05,1800,0,36900
TATACHEM30Jan20670CE.NFO,07/01/2020,10:07:49,18,15.6,3600,17,1800,0,36900
TATACHEM30Jan20670CE.NFO,07/01/2020,10:07:50,18,16.15,900,16.95,900,0,36900
TATACHEM30Jan20670CE.NFO,07/01/2020,10:07:54,18,16.2,900,17.05,1800,0,36900
TATACHEM30Jan20670CE.NFO,07/01/2020,10:07:55,18,16.45,2700,17.2,900,0,36900
TATACHEM30Jan20670CE.NFO,07/01/2020,10:07:56,18,16.4,2700,17.25,1800,0,36900
TATACHEM30Jan20670CE.NFO,07/01/2020,10:08:00,18,16.4,2700,17.15,900,0,36900
TATACHEM30Jan20670CE.NFO,07/01/2020,10:08:01,18,16.4,2700,17.2,1800,0,36900
TATACHEM30Jan20670CE.NFO,07/01/2020,10:08:11,18,16.4,2700,17.25,1800,0,36900
TATACHEM30Jan20670CE.NFO,07/01/2020,10:08:12,18,16.4,2700,17.25,900,0,36900
TATACHEM30Jan20670CE.NFO,07/01/2020,10:08:14,18,16.7,2700,17.6,900,0,36900
TATACHEM30Jan20670CE.NFO,07/01/2020,10:08:16,16.9,16.55,900,17.3,900,900,36900
TATACHEM30Jan20670CE.NFO,07/01/2020,10:08:16,16.9,16.55,900,17.3,900,0,36900
TATACHEM30Jan20670CE.NFO,07/01/2020,10:08:17,16.9,16.45,900,17.25,900,0,36900
TATACHEM30Jan20670CE.NFO,07/01/2020,10:08:18,16.9,16.2,900,17.2,900,0,36900
TATACHEM30Jan20670CE.NFO,07/01/2020,10:08:19,16.9,16.4,900,17.2,900,0,36900
TATACHEM30Jan20670CE.NFO,07/01/2020,10:08:33,16.9,16.45,900,17.25,900,0,36900
TATACHEM30Jan20670CE.NFO,07/01/2020,10:08:34,16.9,16.25,1800,17.3,900,0,36900
TATACHEM30Jan20670CE.NFO,07/01/2020,10:08:35,16.9,16.3,900,17.25,900,0,36900
TATACHEM30Jan20670CE.NFO,07/01/2020,10:08:36,16.9,16.4,900,17.25,900,0,36900
TATACHEM30Jan20670CE.NFO,07/01/2020,10:08:38,16.9,16.45,900,17.25,900,0,36900
TATACHEM30Jan20670CE.NFO,07/01/2020,10:08:40,16.9,16.45,900,17.2,900,0,36900
TATACHEM30Jan20670CE.NFO,07/01/2020,10:08:44,16.9,16.45,900,17.3,900,0,36900
TATACHEM30Jan20670CE.NFO,07/01/2020,10:08:45,16.9,16.45,900,17.2,900,0,36900
TATACHEM30Jan20670CE.NFO,07/01/2020,10:08:52,16.9,16.45,900,17.25,900,0,36900
TATACHEM30Jan20670CE.NFO,07/01/2020,10:08:59,16.9,16.45,900,17.2,900,0,36900
TATACHEM30Jan20670CE.NFO,07/01/2020,10:09:18,16.9,16.45,900,17.25,900,0,36900
TATACHEM30Jan20670CE.NFO,07/01/2020,10:09:23,16.9,16.5,900,17.3,900,0,36900
TATACHEM30Jan20670CE.NFO,07/01/2020,10:09:28,16.9,16.5,900,17.4,1800,0,36900
TATACHEM30Jan20670CE.NFO,07/01/2020,10:09:39,16.9,16.5,900,17.35,1800,0,36900
TATACHEM30Jan20670CE.NFO,07/01/2020,10:09:44,16.9,16.5,900,17.3,900,0,36900
TATACHEM30Jan20670CE.NFO,07/01/2020,10:09:49,16.9,16.5,900,17.35,900,0,36900
TATACHEM30Jan20670CE.NFO,07/01/2020,10:09:53,16.9,16.85,900,17.65,1800,0,36900
TATACHEM30Jan20670CE.NFO,07/01/2020,10:09:59,16.9,16.95,900,17.7,900,0,36900
TATACHEM30Jan20670CE.NFO,07/01/2020,10:10:29,16.9,16.85,900,17.6,900,0,36900
TATACHEM30Jan20670CE.NFO,07/01/2020,10:10:38,16.9,17.05,900,17.65,900,0,36900
TATACHEM30Jan20670CE.NFO,07/01/2020,10:10:43,16.9,16.55,2700,17.6,900,0,36900
TATACHEM30Jan20670CE.NFO,07/01/2020,10:11:07,16.9,16.55,2700,17.65,900,0,36900
TATACHEM30Jan20670CE.NFO,07/01/2020,10:11:12,16.9,16.55,2700,17.95,900,0,36900
TATACHEM30Jan20670CE.NFO,07/01/2020,10:11:18,16.9,16.55,2700,18,1800,0,36900
TATACHEM30Jan20670CE.NFO,07/01/2020,10:11:24,16.9,16.55,2700,17.95,900,0,36900
TATACHEM30Jan20670CE.NFO,07/01/2020,10:11:29,16.9,16.55,2700,17.95,1800,0,36900
TATACHEM30Jan20670CE.NFO,07/01/2020,10:11:34,16.9,16.55,2700,18.05,900,0,36900
TATACHEM30Jan20670CE.NFO,07/01/2020,10:11:40,16.9,16.65,2700,18.3,900,0,36900
TATACHEM30Jan20670CE.NFO,07/01/2020,10:11:45,16.9,16.65,2700,18.2,900,0,36900
TATACHEM30Jan20670CE.NFO,07/01/2020,10:11:51,16.9,16.65,2700,18.35,900,0,36900
TATACHEM30Jan20670CE.NFO,07/01/2020,10:11:58,16.9,16.65,2700,18.3,900,0,36900
TATACHEM30Jan20670CE.NFO,07/01/2020,10:12:04,16.9,16.65,2700,18.4,900,0,36900
TATACHEM30Jan20670CE.NFO,07/01/2020,10:12:10,16.9,16.65,2700,18.35,900,0,36900
TATACHEM30Jan20670CE.NFO,07/01/2020,10:12:11,16.9,16.65,2700,18.35,1800,0,36900
TATACHEM30Jan20670CE.NFO,07/01/2020,10:12:13,16.9,16.65,2700,18.3,900,0,36900
TATACHEM30Jan20670CE.NFO,07/01/2020,10:12:14,16.9,16.65,2700,18.25,900,0,36900
TATACHEM30Jan20670CE.NFO,07/01/2020,10:12:18,16.9,16.65,2700,18.25,1800,0,36900
TATACHEM30Jan20670CE.NFO,07/01/2020,10:12:25,16.9,16.65,2700,18.15,900,0,36900
TATACHEM30Jan20670CE.NFO,07/01/2020,10:12:28,16.9,16.65,2700,17.95,900,0,36900
TATACHEM30Jan20670CE.NFO,07/01/2020,10:12:30,16.9,16.65,2700,17.95,1800,0,36900
TATACHEM30Jan20670CE.NFO,07/01/2020,10:12:40,16.9,16.65,2700,17.9,1800,0,36900
TATACHEM30Jan20670CE.NFO,07/01/2020,10:12:42,16.9,16.65,2700,17.9,900,0,36900
TATACHEM30Jan20670CE.NFO,07/01/2020,10:12:49,16.9,16.65,2700,17.9,1800,0,36900
TATACHEM30Jan20670CE.NFO,07/01/2020,10:12:52,16.9,16.65,2700,17.9,900,0,36900
TATACHEM30Jan20670CE.NFO,07/01/2020,10:13:16,16.9,16.65,2700,17.9,1800,0,36900
TATACHEM30Jan20670CE.NFO,07/01/2020,10:13:29,16.9,16.65,2700,17.9,900,0,36900
TATACHEM30Jan20670CE.NFO,07/01/2020,10:14:25,16.9,16.75,900,17.85,1800,0,36900
TATACHEM30Jan20670CE.NFO,07/01/2020,10:14:30,16.9,17.2,900,17.7,900,0,36900
TATACHEM30Jan20670CE.NFO,07/01/2020,10:14:36,16.9,17.15,900,18.05,900,0,36900
TATACHEM30Jan20670CE.NFO,07/01/2020,10:14:47,16.9,17.15,900,18.05,1800,0,36900
TATACHEM30Jan20670CE.NFO,07/01/2020,10:14:53,16.9,17.15,900,18.05,900,0,36900
TATACHEM30Jan20670CE.NFO,07/01/2020,10:15:05,16.9,17.15,900,18.15,900,0,36900
TATACHEM30Jan20670CE.NFO,07/01/2020,10:15:10,16.9,17.25,1800,18.15,1800,0,36900
TATACHEM30Jan20670CE.NFO,07/01/2020,10:15:21,16.9,17.25,1800,18.15,900,0,36900
TATACHEM30Jan20670CE.NFO,07/01/2020,10:15:25,16.9,17.4,900,18.15,900,0,36900
TATACHEM30Jan20670CE.NFO,07/01/2020,10:15:41,16.9,17.4,900,18.05,900,0,36900
TATACHEM30Jan20670CE.NFO,07/01/2020,10:15:53,16.9,17.4,900,18,1800,0,36900
TATACHEM30Jan20670CE.NFO,07/01/2020,10:15:59,16.9,17.4,900,18,900,0,36900
TATACHEM30Jan20670CE.NFO,07/01/2020,10:16:12,16.9,17.4,900,18,1800,0,36900
TATACHEM30Jan20670CE.NFO,07/01/2020,10:16:25,16.9,17.4,900,18,900,0,36900
TATACHEM30Jan20670CE.NFO,07/01/2020,10:16:41,16.9,17.4,900,18.05,900,0,36900
TATACHEM30Jan20670CE.NFO,07/01/2020,10:16:50,16.9,17.4,900,18.1,900,0,36900
TATACHEM30Jan20670CE.NFO,07/01/2020,10:17:01,16.9,17.45,900,18.15,900,0,36900
TATACHEM30Jan20670CE.NFO,07/01/2020,10:17:13,16.9,17.65,900,18.15,900,0,36900
TATACHEM30Jan20670CE.NFO,07/01/2020,10:17:23,16.9,17.05,2700,18.15,900,0,36900
TATACHEM30Jan20670CE.NFO,07/01/2020,10:17:27,16.9,17.4,900,18.15,900,0,36900
TATACHEM30Jan20670CE.NFO,07/01/2020,10:17:33,16.9,17.4,900,18,900,0,36900
TATACHEM30Jan20670CE.NFO,07/01/2020,10:17:47,16.9,17.4,900,18.05,900,0,36900
TATACHEM30Jan20670CE.NFO,07/01/2020,10:17:55,17.8,16.9,4500,18.1,900,900,36000
TATACHEM30Jan20670CE.NFO,07/01/2020,10:17:59,17.8,16.9,4500,18.1,900,0,36000
TATACHEM30Jan20670CE.NFO,07/01/2020,10:18:18,17.8,16.9,5400,18.1,900,0,36000
TATACHEM30Jan20670CE.NFO,07/01/2020,10:18:49,17.8,16.9,5400,18.2,900,0,36000
TATACHEM30Jan20670CE.NFO,07/01/2020,10:19:15,17.8,16.9,5400,18.25,900,0,36000
TATACHEM30Jan20670CE.NFO,07/01/2020,10:19:26,17.8,16.9,5400,18.35,900,0,36000
TATACHEM30Jan20670CE.NFO,07/01/2020,10:19:30,17.8,17.35,900,18.4,900,0,36000
TATACHEM30Jan20670CE.NFO,07/01/2020,10:19:34,17.8,16.55,4500,18.35,900,0,36000
TATACHEM30Jan20670CE.NFO,07/01/2020,10:19:43,17.8,16.55,4500,18.5,900,0,36000
TATACHEM30Jan20670CE.NFO,07/01/2020,10:19:53,17.8,16.55,4500,18.4,900,0,36000
TATACHEM30Jan20670CE.NFO,07/01/2020,10:20:44,17.8,16.55,4500,18.4,1800,0,36000
TATACHEM30Jan20670CE.NFO,07/01/2020,10:20:57,17.8,16.75,3600,18.95,1800,0,36000
TATACHEM30Jan20670CE.NFO,07/01/2020,10:21:02,17.8,17.05,4500,18.6,900,0,36000
TATACHEM30Jan20670CE.NFO,07/01/2020,10:21:11,17.8,17.25,2700,18.6,900,0,36000
TATACHEM30Jan20670CE.NFO,07/01/2020,10:21:16,17.8,17.25,2700,18.7,1800,0,36000
TATACHEM30Jan20670CE.NFO,07/01/2020,10:21:26,17.8,17.45,900,18.7,1800,0,36000
TATACHEM30Jan20670CE.NFO,07/01/2020,10:21:49,17.8,16.8,4500,18.6,900,0,36000
TATACHEM30Jan20670CE.NFO,07/01/2020,10:21:54,17.8,16.8,4500,18.6,1800,0,36000
TATACHEM30Jan20670CE.NFO,07/01/2020,10:21:59,17.8,16.8,4500,18.5,1800,0,36000
TATACHEM30Jan20670CE.NFO,07/01/2020,10:22:13,17.8,16.8,4500,18.4,900,0,36000
TATACHEM30Jan20670CE.NFO,07/01/2020,10:22:17,17.8,16.8,4500,18.4,1800,0,36000
TATACHEM30Jan20670CE.NFO,07/01/2020,10:22:26,17.8,16.8,4500,18.45,900,0,36000
TATACHEM30Jan20670CE.NFO,07/01/2020,10:22:44,17.8,16.8,4500,18.45,1800,0,36000
TATACHEM30Jan20670CE.NFO,07/01/2020,10:22:51,17.8,16.55,900,17.95,900,0,36000
TATACHEM30Jan20670CE.NFO,07/01/2020,10:22:57,17.8,15.95,5400,18.05,900,0,36000
TATACHEM30Jan20670CE.NFO,07/01/2020,10:23:07,17.8,15.95,5400,18,900,0,36000
TATACHEM30Jan20670CE.NFO,07/01/2020,10:23:13,17.8,15.55,5400,18,900,0,36000
TATACHEM30Jan20670CE.NFO,07/01/2020,10:23:18,17.8,15.95,4500,18,900,0,36000
TATACHEM30Jan20670CE.NFO,07/01/2020,10:23:22,17.8,16.05,5400,18,900,0,36000
TATACHEM30Jan20670CE.NFO,07/01/2020,10:23:27,17.8,16.05,5400,18.05,900,0,36000
TATACHEM30Jan20670CE.NFO,07/01/2020,10:23:32,17.8,16.05,5400,18,1800,0,36000
TATACHEM30Jan20670CE.NFO,07/01/2020,10:23:36,17.8,16.05,5400,17.9,900,0,36000
TATACHEM30Jan20670CE.NFO,07/01/2020,10:23:41,17.8,16.25,2700,17.9,900,0,36000
TATACHEM30Jan20670CE.NFO,07/01/2020,10:23:47,17.8,16.4,900,17.9,900,0,36000
TATACHEM30Jan20670CE.NFO,07/01/2020,10:23:51,17.8,16.3,1800,17.95,2700,0,36000
TATACHEM30Jan20670CE.NFO,07/01/2020,10:24:12,17.8,16.4,1800,17.8,900,0,36000
TATACHEM30Jan20670CE.NFO,07/01/2020,10:24:16,17.8,15.7,4500,17.65,900,0,36000
TATACHEM30Jan20670CE.NFO,07/01/2020,10:24:21,17.8,15.7,4500,17.65,1800,0,36000
TATACHEM30Jan20670CE.NFO,07/01/2020,10:24:25,17.8,15.9,4500,17.8,1800,0,36000
TATACHEM30Jan20670CE.NFO,07/01/2020,10:24:32,17.8,16,3600,17.8,900,0,36000
TATACHEM30Jan20670CE.NFO,07/01/2020,10:24:35,17.8,16.2,1800,17.8,1800,0,36000
TATACHEM30Jan20670CE.NFO,07/01/2020,10:24:47,17.8,16.2,1800,17.75,900,0,36000
TATACHEM30Jan20670CE.NFO,07/01/2020,10:24:51,17.8,16.2,1800,17.7,900,0,36000
TATACHEM30Jan20670CE.NFO,07/01/2020,10:24:56,17.8,16.2,1800,17.65,1800,0,36000
TATACHEM30Jan20670CE.NFO,07/01/2020,10:25:00,17.8,16.2,1800,17.45,1800,0,36000
TATACHEM30Jan20670CE.NFO,07/01/2020,10:25:05,17.8,16.2,1800,17.35,900,0,36000
TATACHEM30Jan20670CE.NFO,07/01/2020,10:25:09,17.8,16.2,1800,17.3,900,0,36000
TATACHEM30Jan20670CE.NFO,07/01/2020,10:25:12,17.8,16.3,2700,17.7,900,0,36000
TATACHEM30Jan20670CE.NFO,07/01/2020,10:25:16,17.8,16.05,1800,17.45,900,0,36000
TATACHEM30Jan20670CE.NFO,07/01/2020,10:25:20,17.8,16.05,1800,17.55,1800,0,36000
TATACHEM30Jan20670CE.NFO,07/01/2020,10:25:24,17.8,16.05,1800,17.45,900,0,36000
TATACHEM30Jan20670CE.NFO,07/01/2020,10:25:28,17.8,16.05,1800,17.55,1800,0,36000
TATACHEM30Jan20670CE.NFO,07/01/2020,10:25:33,17.8,16.05,1800,17.5,1800,0,36000
TATACHEM30Jan20670CE.NFO,07/01/2020,10:25:37,17.8,16.05,1800,17.4,900,0,36000
TATACHEM30Jan20670CE.NFO,07/01/2020,10:25:41,17.8,16.05,1800,17.3,900,0,36000
TATACHEM30Jan20670CE.NFO,07/01/2020,10:25:51,17.8,16.05,1800,17.5,900,0,36000
TATACHEM30Jan20670CE.NFO,07/01/2020,10:26:01,17.8,16.05,1800,17.4,900,0,36000
TATACHEM30Jan20670CE.NFO,07/01/2020,10:26:06,17.8,16.05,1800,17.5,1800,0,36000
TATACHEM30Jan20670CE.NFO,07/01/2020,10:26:16,17.8,16.05,1800,17.4,900,0,36000
TATACHEM30Jan20670CE.NFO,07/01/2020,10:26:20,17.8,16.05,1800,17.45,900,0,36000
TATACHEM30Jan20670CE.NFO,07/01/2020,10:26:24,17.8,16.05,2700,17.45,1800,0,36000
TATACHEM30Jan20670CE.NFO,07/01/2020,10:26:28,17.8,16.25,1800,17.65,900,0,36000
TATACHEM30Jan20670CE.NFO,07/01/2020,10:26:31,17.8,16.4,900,17.6,900,0,36000
TATACHEM30Jan20670CE.NFO,07/01/2020,10:26:34,17.8,16.4,2700,17.6,900,0,36000
TATACHEM30Jan20670CE.NFO,07/01/2020,10:26:38,17.8,16.55,900,17.8,1800,0,36000
TATACHEM30Jan20670CE.NFO,07/01/2020,10:26:43,17.8,16.55,1800,17.75,900,0,36000
TATACHEM30Jan20670CE.NFO,07/01/2020,10:26:47,17.8,16.5,900,17.65,900,0,36000
TATACHEM30Jan20670CE.NFO,07/01/2020,10:26:51,17.8,16.7,1800,17.9,900,0,36000
TATACHEM30Jan20670CE.NFO,07/01/2020,10:26:56,17.8,16,4500,17.9,900,0,36000
TATACHEM30Jan20670CE.NFO,07/01/2020,10:26:59,17.8,16,3600,17.85,900,0,36000
TATACHEM30Jan20670CE.NFO,07/01/2020,10:27:04,17.8,16.75,900,17.85,1800,0,36000
TATACHEM30Jan20670CE.NFO,07/01/2020,10:27:09,17.8,16.5,2700,17.8,900,0,36000
TATACHEM30Jan20670CE.NFO,07/01/2020,10:27:12,17.8,16.7,1800,17.85,1800,0,36000
TATACHEM30Jan20670CE.NFO,07/01/2020,10:27:18,17.8,16.65,900,17.85,1800,0,36000
TATACHEM30Jan20670CE.NFO,07/01/2020,10:27:19,17.8,16.05,1800,17.85,1800,0,36000
TATACHEM30Jan20670CE.NFO,07/01/2020,10:27:21,17.8,16.15,2700,17.85,1800,0,36000
TATACHEM30Jan20670CE.NFO,07/01/2020,10:27:22,17.8,16.8,900,17.8,900,0,36000
TATACHEM30Jan20670CE.NFO,07/01/2020,10:27:23,17.8,16.9,900,17.8,900,0,36000
TATACHEM30Jan20670CE.NFO,07/01/2020,10:27:24,17.8,16,4500,17.8,900,0,36000
TATACHEM30Jan20670CE.NFO,07/01/2020,10:27:25,17.8,16,4500,17.95,900,0,36000
TATACHEM30Jan20670CE.NFO,07/01/2020,10:27:28,17.8,16,4500,17.85,900,0,36000
TATACHEM30Jan20670CE.NFO,07/01/2020,10:27:31,17.8,16,4500,17.8,900,0,36000
TATACHEM30Jan20670CE.NFO,07/01/2020,10:27:34,17.8,16,4500,18,900,0,36000
TATACHEM30Jan20670CE.NFO,07/01/2020,10:27:34,17.8,16,4500,17.95,900,0,36000
TATACHEM30Jan20670CE.NFO,07/01/2020,10:27:37,17.8,16,4500,17.85,900,0,36000
TATACHEM30Jan20670CE.NFO,07/01/2020,10:27:38,17.8,16.1,4500,17.95,1800,0,36000
TATACHEM30Jan20670CE.NFO,07/01/2020,10:27:40,17.8,16.2,4500,17.95,1800,0,36000
TATACHEM30Jan20670CE.NFO,07/01/2020,10:27:50,17.8,16.55,1800,18.1,900,0,36000
TATACHEM30Jan20670CE.NFO,07/01/2020,10:27:51,17.8,16.55,2700,18,900,0,36000
TATACHEM30Jan20670CE.NFO,07/01/2020,10:27:52,17.8,16.55,2700,17.95,900,0,36000
TATACHEM30Jan20670CE.NFO,07/01/2020,10:27:53,17.8,16.55,2700,17.9,900,0,36000
TATACHEM30Jan20670CE.NFO,07/01/2020,10:27:56,17.8,16.55,2700,17.8,900,0,36000
TATACHEM30Jan20670CE.NFO,07/01/2020,10:27:59,17.8,16.55,1800,17.75,900,0,36000
TATACHEM30Jan20670CE.NFO,07/01/2020,10:28:00,17.8,16.6,900,17.85,900,0,36000
TATACHEM30Jan20670CE.NFO,07/01/2020,10:28:06,17.8,16.1,2700,17.85,900,0,36000
TATACHEM30Jan20670CE.NFO,07/01/2020,10:28:07,17.8,16.65,1800,18,900,0,36000
TATACHEM30Jan20670CE.NFO,07/01/2020,10:28:09,17.8,16.65,1800,17.9,900,0,36000
TATACHEM30Jan20670CE.NFO,07/01/2020,10:28:10,17.8,16.65,900,17.9,900,0,36000
TATACHEM30Jan20670CE.NFO,07/01/2020,10:28:11,17.8,15.9,4500,18,900,0,36000
TATACHEM30Jan20670CE.NFO,07/01/2020,10:28:12,17.8,16,4500,18,900,0,36000
TATACHEM30Jan20670CE.NFO,07/01/2020,10:28:19,17.8,16,4500,17.85,900,0,36000
TATACHEM30Jan20670CE.NFO,07/01/2020,10:28:38,17.8,16,4500,17.9,1800,0,36000
TATACHEM30Jan20670CE.NFO,07/01/2020,10:29:05,17.8,16,4500,17.9,900,0,36000
TATACHEM30Jan20670CE.NFO,07/01/2020,10:29:06,17.8,16,4500,17.95,900,0,36000
TATACHEM30Jan20670CE.NFO,07/01/2020,10:29:09,17.8,16,4500,17.95,1800,0,36000
TATACHEM30Jan20670CE.NFO,07/01/2020,10:29:19,17.8,16,4500,17.95,900,0,36000
TATACHEM30Jan20670CE.NFO,07/01/2020,10:29:31,17.8,16,4500,17.95,1800,0,36000
TATACHEM30Jan20670CE.NFO,07/01/2020,10:29:35,17.8,16,4500,17.95,900,0,36000
TATACHEM30Jan20670CE.NFO,07/01/2020,10:29:45,17.8,16,4500,17.85,900,0,36000
TATACHEM30Jan20670CE.NFO,07/01/2020,10:29:54,17.8,16,4500,17.95,900,0,36000
TATACHEM30Jan20670CE.NFO,07/01/2020,10:30:04,17.8,16.2,4500,17.95,900,0,36000
TATACHEM30Jan20670CE.NFO,07/01/2020,10:30:27,17.8,16.2,4500,17.9,900,0,36000
TATACHEM30Jan20670CE.NFO,07/01/2020,10:30:46,17.8,16.2,4500,17.85,900,0,36000
TATACHEM30Jan20670CE.NFO,07/01/2020,10:31:23,17.8,16.4,4500,17.9,900,0,36000
TATACHEM30Jan20670CE.NFO,07/01/2020,10:31:27,17.8,16.4,1800,18.05,900,0,36000
TATACHEM30Jan20670CE.NFO,07/01/2020,10:31:30,17.8,16.3,4500,18,900,0,36000
TATACHEM30Jan20670CE.NFO,07/01/2020,10:31:34,17.8,16.3,4500,17.9,900,0,36000
TATACHEM30Jan20670CE.NFO,07/01/2020,10:31:46,17.8,16.3,1800,18,900,0,36000
TATACHEM30Jan20670CE.NFO,07/01/2020,10:31:54,17.8,16.45,2700,18,900,0,36000
TATACHEM30Jan20670CE.NFO,07/01/2020,10:32:04,17.8,17.1,2700,18.35,900,0,36000
TATACHEM30Jan20670CE.NFO,07/01/2020,10:32:08,17.8,17.4,2700,18.65,900,0,36000
TATACHEM30Jan20670CE.NFO,07/01/2020,10:32:12,17.8,17.5,2700,18.7,900,0,36000
TATACHEM30Jan20670CE.NFO,07/01/2020,10:32:12,17.8,17.5,2700,18.7,1800,0,36000
TATACHEM30Jan20670CE.NFO,07/01/2020,10:32:13,17.8,17.5,2700,18.7,900,0,36000
TATACHEM30Jan20670CE.NFO,07/01/2020,10:32:18,17.8,17.5,2700,18.65,900,0,36000
TATACHEM30Jan20670CE.NFO,07/01/2020,10:32:24,17.8,18,900,18.7,900,0,36000
TATACHEM30Jan20670CE.NFO,07/01/2020,10:32:25,17.8,17.05,3600,18.85,900,0,36000
TATACHEM30Jan20670CE.NFO,07/01/2020,10:32:28,17.8,17.05,3600,18.75,1800,0,36000
TATACHEM30Jan20670CE.NFO,07/01/2020,10:32:29,17.8,16.4,2700,18.15,900,0,36000
TATACHEM30Jan20670CE.NFO,07/01/2020,10:32:30,17.8,16.5,3600,18.15,900,0,36000
TATACHEM30Jan20670CE.NFO,07/01/2020,10:32:31,17.8,16.6,3600,18.15,1800,0,36000
TATACHEM30Jan20670CE.NFO,07/01/2020,10:32:32,17.8,16.7,3600,18.15,1800,0,36000
TATACHEM30Jan20670CE.NFO,07/01/2020,10:32:33,17.8,16.85,900,18.05,900,0,36000
TATACHEM30Jan20670CE.NFO,07/01/2020,10:32:34,17.8,16.35,4500,18.05,900,0,36000
TATACHEM30Jan20670CE.NFO,07/01/2020,10:32:36,17.8,16.65,4500,18.25,900,0,36000
TATACHEM30Jan20670CE.NFO,07/01/2020,10:32:38,17.8,16.85,4500,18.25,900,0,36000
TATACHEM30Jan20670CE.NFO,07/01/2020,10:32:39,17.8,16.95,900,18.25,900,0,36000
TATACHEM30Jan20670CE.NFO,07/01/2020,10:32:40,17.8,17.25,900,18.25,900,0,36000
TATACHEM30Jan20670CE.NFO,07/01/2020,10:32:41,17.8,17.3,900,18.25,900,0,36000
TATACHEM30Jan20670CE.NFO,07/01/2020,10:32:42,17.8,16.55,4500,18.25,900,0,36000
TATACHEM30Jan20670CE.NFO,07/01/2020,10:32:43,17.8,16.65,4500,18.25,900,0,36000
TATACHEM30Jan20670CE.NFO,07/01/2020,10:32:44,17.8,16.85,4500,18.25,900,0,36000
TATACHEM30Jan20670CE.NFO,07/01/2020,10:32:46,17.8,17.15,2700,18.25,900,0,36000
TATACHEM30Jan20670CE.NFO,07/01/2020,10:32:48,17.8,17.25,900,18.25,900,0,36000
TATACHEM30Jan20670CE.NFO,07/01/2020,10:32:49,17.8,17.4,900,18.25,900,0,36000
TATACHEM30Jan20670CE.NFO,07/01/2020,10:32:51,17.8,16.7,4500,18.25,900,0,36000
TATACHEM30Jan20670CE.NFO,07/01/2020,10:32:52,17.8,16.8,4500,18.25,900,0,36000
TATACHEM30Jan20670CE.NFO,07/01/2020,10:32:53,17.8,16.9,4500,18.25,900,0,36000
TATACHEM30Jan20670CE.NFO,07/01/2020,10:32:54,17.8,17,4500,18.25,900,0,36000
TATACHEM30Jan20670CE.NFO,07/01/2020,10:32:55,17.8,17.1,4500,18.25,900,0,36000
TATACHEM30Jan20670CE.NFO,07/01/2020,10:32:57,17.8,17.2,2700,18.25,900,0,36000
TATACHEM30Jan20670CE.NFO,07/01/2020,10:32:58,17.8,17.4,900,18.25,900,0,36000
TATACHEM30Jan20670CE.NFO,07/01/2020,10:32:59,17.8,17.45,900,18.25,900,0,36000
TATACHEM30Jan20670CE.NFO,07/01/2020,10:33:00,17.8,16.6,4500,18.25,900,0,36000
TATACHEM30Jan20670CE.NFO,07/01/2020,10:33:01,17.8,16.7,4500,18.25,900,0,36000
TATACHEM30Jan20670CE.NFO,07/01/2020,10:33:02,17.8,16.8,4500,18.25,900,0,36000
TATACHEM30Jan20670CE.NFO,07/01/2020,10:33:03,17.8,16.9,2700,18.25,900,0,36000
TATACHEM30Jan20670CE.NFO,07/01/2020,10:33:04,17.8,17,900,18.25,900,0,36000
TATACHEM30Jan20670CE.NFO,07/01/2020,10:33:05,17.8,16.45,1800,18.25,1800,0,36000
TATACHEM30Jan20670CE.NFO,07/01/2020,10:33:07,17.8,16.65,1800,18.15,1800,0,36000
TATACHEM30Jan20670CE.NFO,07/01/2020,10:33:08,17.8,16.75,1800,18.15,1800,0,36000
TATACHEM30Jan20670CE.NFO,07/01/2020,10:33:09,17.8,16.8,900,18.15,1800,0,36000
TATACHEM30Jan20670CE.NFO,07/01/2020,10:33:10,17.8,16.45,3600,18.15,1800,0,36000
TATACHEM30Jan20670CE.NFO,07/01/2020,10:33:11,17.8,16.65,1800,18.15,1800,0,36000
TATACHEM30Jan20670CE.NFO,07/01/2020,10:33:12,17.8,16.75,1800,18.15,2700,0,36000
TATACHEM30Jan20670CE.NFO,07/01/2020,10:33:14,17.8,16.8,900,18.15,2700,0,36000
TATACHEM30Jan20670CE.NFO,07/01/2020,10:33:16,17.8,16.75,900,18.15,2700,0,36000
TATACHEM30Jan20670CE.NFO,07/01/2020,10:33:17,17.8,16.45,4500,18.15,2700,0,36000
TATACHEM30Jan20670CE.NFO,07/01/2020,10:33:18,17.8,16.55,1800,18.15,2700,0,36000
TATACHEM30Jan20670CE.NFO,07/01/2020,10:33:18,17.8,16.65,1800,18.15,2700,0,36000
TATACHEM30Jan20670CE.NFO,07/01/2020,10:33:19,17.8,16.75,1800,18.15,2700,0,36000
TATACHEM30Jan20670CE.NFO,07/01/2020,10:33:20,17.8,16.8,900,18.15,2700,0,36000
TATACHEM30Jan20670CE.NFO,07/01/2020,10:33:21,17.8,16.45,3600,18.15,2700,0,36000
TATACHEM30Jan20670CE.NFO,07/01/2020,10:33:23,17.8,16.75,1800,18.15,3600,0,36000
TATACHEM30Jan20670CE.NFO,07/01/2020,10:33:24,17.8,16.75,1800,18.15,1800,0,36000
TATACHEM30Jan20670CE.NFO,07/01/2020,10:33:25,17.8,16.5,1800,18.15,1800,0,36000
TATACHEM30Jan20670CE.NFO,07/01/2020,10:33:26,17.8,16.7,1800,18.15,1800,0,36000
TATACHEM30Jan20670CE.NFO,07/01/2020,10:33:27,17.8,16.8,1800,18.15,1800,0,36000
TATACHEM30Jan20670CE.NFO,07/01/2020,10:33:28,17.8,16.85,900,18.15,1800,0,36000
TATACHEM30Jan20670CE.NFO,07/01/2020,10:33:29,17.8,16.4,3600,18.15,1800,0,36000
TATACHEM30Jan20670CE.NFO,07/01/2020,10:33:30,17.8,16.7,1800,18.15,1800,0,36000
TATACHEM30Jan20670CE.NFO,07/01/2020,10:33:31,17.8,16.8,1800,18.15,1800,0,36000
TATACHEM30Jan20670CE.NFO,07/01/2020,10:33:32,17.8,16.85,900,18.15,900,0,36000
TATACHEM30Jan20670CE.NFO,07/01/2020,10:33:33,17.8,16.45,4500,18.15,900,0,36000
TATACHEM30Jan20670CE.NFO,07/01/2020,10:33:34,17.8,16.55,4500,18.15,900,0,36000
TATACHEM30Jan20670CE.NFO,07/01/2020,10:33:35,17.8,16.65,1800,18.05,900,0,36000
TATACHEM30Jan20670CE.NFO,07/01/2020,10:33:36,17.8,16.75,1800,18.05,900,0,36000
TATACHEM30Jan20670CE.NFO,07/01/2020,10:33:37,17.8,16.65,1800,18.05,900,0,36000
TATACHEM30Jan20670CE.NFO,07/01/2020,10:33:39,17.8,16.75,1800,18.05,900,0,36000
TATACHEM30Jan20670CE.NFO,07/01/2020,10:33:40,17.8,16.65,1800,18.05,900,0,36000
TATACHEM30Jan20670CE.NFO,07/01/2020,10:33:41,17.8,16.75,1800,18.05,900,0,36000
TATACHEM30Jan20670CE.NFO,07/01/2020,10:33:42,17.8,16.8,900,18.05,900,0,36000
TATACHEM30Jan20670CE.NFO,07/01/2020,10:33:43,17.8,16.5,1800,18.05,900,0,36000
TATACHEM30Jan20670CE.NFO,07/01/2020,10:33:44,17.8,16.8,900,18.05,900,0,36000
TATACHEM30Jan20670CE.NFO,07/01/2020,10:33:46,17.8,16.4,5400,18.05,900,0,36000
TATACHEM30Jan20670CE.NFO,07/01/2020,10:33:47,17.8,16.5,4500,18.05,900,0,36000
TATACHEM30Jan20670CE.NFO,07/01/2020,10:33:48,17.8,16.7,4500,18.05,900,0,36000
TATACHEM30Jan20670CE.NFO,07/01/2020,10:33:49,17.8,16.7,3600,18.05,900,0,36000
TATACHEM30Jan20670CE.NFO,07/01/2020,10:33:50,17.8,16.8,3600,18.05,900,0,36000
TATACHEM30Jan20670CE.NFO,07/01/2020,10:33:51,17.8,16.45,4500,18.05,900,0,36000
TATACHEM30Jan20670CE.NFO,07/01/2020,10:33:52,17.8,16.55,4500,18.05,900,0,36000
TATACHEM30Jan20670CE.NFO,07/01/2020,10:33:54,17.8,16.75,4500,18.05,900,0,36000
TATACHEM30Jan20670CE.NFO,07/01/2020,10:33:55,17.8,16.8,900,18.05,900,0,36000
TATACHEM30Jan20670CE.NFO,07/01/2020,10:33:56,17.8,16.55,1800,18.05,1800,0,36000
TATACHEM30Jan20670CE.NFO,07/01/2020,10:33:57,17.8,16.65,900,18.05,1800,0,36000
TATACHEM30Jan20670CE.NFO,07/01/2020,10:33:58,17.8,16.75,1800,18.05,2700,0,36000
TATACHEM30Jan20670CE.NFO,07/01/2020,10:33:59,17.8,16.8,900,18.05,2700,0,36000
TATACHEM30Jan20670CE.NFO,07/01/2020,10:34:00,17.8,16.3,4500,18.05,2700,0,36000
TATACHEM30Jan20670CE.NFO,07/01/2020,10:34:01,17.8,16.4,1800,18.05,1800,0,36000
TATACHEM30Jan20670CE.NFO,07/01/2020,10:34:02,17.8,16.6,1800,18.05,1800,0,36000
TATACHEM30Jan20670CE.NFO,07/01/2020,10:34:03,17.8,16.7,1800,18.05,1800,0,36000
TATACHEM30Jan20670CE.NFO,07/01/2020,10:34:04,17.8,16.75,900,18.05,1800,0,36000
TATACHEM30Jan20670CE.NFO,07/01/2020,10:34:05,17.8,16.25,5400,18.05,1800,0,36000
TATACHEM30Jan20670CE.NFO,07/01/2020,10:34:06,17.8,16.35,4500,18.05,1800,0,36000
TATACHEM30Jan20670CE.NFO,07/01/2020,10:34:07,17.8,16.45,2700,18.05,1800,0,36000
TATACHEM30Jan20670CE.NFO,07/01/2020,10:34:08,17.8,16.55,1800,18.05,1800,0,36000
TATACHEM30Jan20670CE.NFO,07/01/2020,10:34:09,17.8,16.65,1800,18.05,1800,0,36000
TATACHEM30Jan20670CE.NFO,07/01/2020,10:34:11,17.8,16.8,900,18.05,900,0,36000
TATACHEM30Jan20670CE.NFO,07/01/2020,10:34:12,17.8,16.35,5400,18.05,900,0,36000
TATACHEM30Jan20670CE.NFO,07/01/2020,10:34:13,17.8,16.55,4500,18.05,900,0,36000
TATACHEM30Jan20670CE.NFO,07/01/2020,10:34:14,17.8,16.65,4500,18.05,900,0,36000
TATACHEM30Jan20670CE.NFO,07/01/2020,10:34:15,17.8,16.65,2700,18.05,900,0,36000
TATACHEM30Jan20670CE.NFO,07/01/2020,10:34:16,17.8,16.75,2700,18.05,900,0,36000
TATACHEM30Jan20670CE.NFO,07/01/2020,10:34:17,17.8,16.9,900,18.05,900,0,36000
TATACHEM30Jan20670CE.NFO,07/01/2020,10:34:18,17.8,16.55,4500,18.05,900,0,36000
TATACHEM30Jan20670CE.NFO,07/01/2020,10:34:19,17.8,16.65,4500,18.05,900,0,36000
TATACHEM30Jan20670CE.NFO,07/01/2020,10:34:20,17.8,16.75,3600,18.05,900,0,36000
TATACHEM30Jan20670CE.NFO,07/01/2020,10:34:21,17.8,16.85,900,18.05,900,0,36000
TATACHEM30Jan20670CE.NFO,07/01/2020,10:34:22,17.8,16.9,900,17.95,900,0,36000
TATACHEM30Jan20670CE.NFO,07/01/2020,10:34:23,17.8,16.4,4500,17.95,900,0,36000
TATACHEM30Jan20670CE.NFO,07/01/2020,10:34:24,17.8,16.5,4500,17.95,900,0,36000
TATACHEM30Jan20670CE.NFO,07/01/2020,10:34:25,17.8,16.6,1800,17.95,900,0,36000
TATACHEM30Jan20670CE.NFO,07/01/2020,10:34:26,17.8,16.65,900,17.95,900,0,36000
TATACHEM30Jan20670CE.NFO,07/01/2020,10:34:27,17.8,16.35,5400,17.95,900,0,36000
TATACHEM30Jan20670CE.NFO,07/01/2020,10:34:28,17.8,16.45,4500,17.95,900,0,36000
TATACHEM30Jan20670CE.NFO,07/01/2020,10:34:29,17.8,16.55,2700,17.95,900,0,36000
TATACHEM30Jan20670CE.NFO,07/01/2020,10:34:30,17.8,16.65,1800,17.95,900,0,36000
TATACHEM30Jan20670CE.NFO,07/01/2020,10:34:31,17.8,16.7,900,17.95,900,0,36000
TATACHEM30Jan20670CE.NFO,07/01/2020,10:34:32,17.8,16.4,5400,17.95,900,0,36000
TATACHEM30Jan20670CE.NFO,07/01/2020,10:34:33,17.8,16.5,4500,17.95,900,0,36000
TATACHEM30Jan20670CE.NFO,07/01/2020,10:34:34,17.8,16.6,4500,17.95,900,0,36000
TATACHEM30Jan20670CE.NFO,07/01/2020,10:34:35,17.8,16.7,3600,17.95,900,0,36000
TATACHEM30Jan20670CE.NFO,07/01/2020,10:34:36,17.8,17.15,1800,18.05,900,0,36000
TATACHEM30Jan20670CE.NFO,07/01/2020,10:34:37,17.8,16.4,4500,18.05,900,0,36000
TATACHEM30Jan20670CE.NFO,07/01/2020,10:34:38,17.8,16.5,4500,18.15,1800,0,36000
TATACHEM30Jan20670CE.NFO,07/01/2020,10:34:39,17.8,16.6,4500,18.15,1800,0,36000
TATACHEM30Jan20670CE.NFO,07/01/2020,10:34:40,17.8,16.8,900,18.15,900,0,36000
TATACHEM30Jan20670CE.NFO,07/01/2020,10:34:41,17.8,16.9,900,18.15,900,0,36000
TATACHEM30Jan20670CE.NFO,07/01/2020,10:34:42,17.8,16.45,4500,18.15,900,0,36000
TATACHEM30Jan20670CE.NFO,07/01/2020,10:34:43,17.8,16.55,1800,18.15,1800,0,36000
TATACHEM30Jan20670CE.NFO,07/01/2020,10:34:44,17.8,16.75,1800,18.15,1800,0,36000
TATACHEM30Jan20670CE.NFO,07/01/2020,10:34:45,17.8,16.8,900,18.15,1800,0,36000
TATACHEM30Jan20670CE.NFO,07/01/2020,10:34:46,17.8,16.4,5400,18.15,1800,0,36000
TATACHEM30Jan20670CE.NFO,07/01/2020,10:34:47,17.8,16.5,4500,18.15,1800,0,36000
TATACHEM30Jan20670CE.NFO,07/01/2020,10:34:48,17.8,16.7,1800,18.05,1800,0,36000
TATACHEM30Jan20670CE.NFO,07/01/2020,10:34:49,17.8,16.8,1800,18.05,1800,0,36000
TATACHEM30Jan20670CE.NFO,07/01/2020,10:34:50,17.8,16.4,4500,18.05,1800,0,36000
TATACHEM30Jan20670CE.NFO,07/01/2020,10:34:51,17.8,16.5,1800,17.95,900,0,36000
TATACHEM30Jan20670CE.NFO,07/01/2020,10:34:52,17.8,16.55,900,17.95,900,0,36000
TATACHEM30Jan20670CE.NFO,07/01/2020,10:34:53,17.8,16.05,4500,17.95,1800,0,36000
TATACHEM30Jan20670CE.NFO,07/01/2020,10:34:54,17.8,16.15,4500,17.85,900,0,36000
TATACHEM30Jan20670CE.NFO,07/01/2020,10:34:55,17.8,16.35,4500,17.85,900,0,36000
TATACHEM30Jan20670CE.NFO,07/01/2020,10:34:56,17.8,16.45,1800,17.85,900,0,36000
TATACHEM30Jan20670CE.NFO,07/01/2020,10:34:57,17.8,16.5,900,17.85,900,0,36000
TATACHEM30Jan20670CE.NFO,07/01/2020,10:34:58,17.8,16.05,5400,17.85,900,0,36000
TATACHEM30Jan20670CE.NFO,07/01/2020,10:34:59,17.8,16.15,4500,17.85,900,0,36000
TATACHEM30Jan20670CE.NFO,07/01/2020,10:35:00,17.8,16.25,4500,17.85,900,0,36000
TATACHEM30Jan20670CE.NFO,07/01/2020,10:35:01,17.8,16.35,3600,17.85,900,0,36000
TATACHEM30Jan20670CE.NFO,07/01/2020,10:35:02,17.8,16.45,1800,17.85,900,0,36000
TATACHEM30Jan20670CE.NFO,07/01/2020,10:35:04,17.8,16.65,1800,17.85,900,0,36000
TATACHEM30Jan20670CE.NFO,07/01/2020,10:35:05,17.8,16.7,900,17.9,900,0,36000
TATACHEM30Jan20670CE.NFO,07/01/2020,10:35:06,17.8,16.2,4500,17.9,900,0,36000
TATACHEM30Jan20670CE.NFO,07/01/2020,10:35:08,17.8,16.4,4500,17.95,900,0,36000
TATACHEM30Jan20670CE.NFO,07/01/2020,10:35:09,17.8,16.6,3600,17.95,900,0,36000
TATACHEM30Jan20670CE.NFO,07/01/2020,10:35:10,17.8,16.7,1800,17.95,900,0,36000
TATACHEM30Jan20670CE.NFO,07/01/2020,10:35:11,17.8,16.75,900,17.95,900,0,36000
TATACHEM30Jan20670CE.NFO,07/01/2020,10:35:12,17.8,16.15,5400,17.95,900,0,36000
TATACHEM30Jan20670CE.NFO,07/01/2020,10:35:13,17.8,16.25,4500,17.95,900,0,36000
TATACHEM30Jan20670CE.NFO,07/01/2020,10:35:14,17.8,16.35,4500,17.95,900,0,36000
TATACHEM30Jan20670CE.NFO,07/01/2020,10:35:15,17.8,16.45,4500,17.95,900,0,36000
TATACHEM30Jan20670CE.NFO,07/01/2020,10:35:16,17.8,16.55,3600,17.95,900,0,36000
TATACHEM30Jan20670CE.NFO,07/01/2020,10:35:17,17.8,16.65,1800,17.95,900,0,36000
TATACHEM30Jan20670CE.NFO,07/01/2020,10:35:18,17.8,16.7,900,17.95,900,0,36000
TATACHEM30Jan20670CE.NFO,07/01/2020,10:35:19,17.8,16.35,4500,17.95,900,0,36000
TATACHEM30Jan20670CE.NFO,07/01/2020,10:35:20,17.8,16.45,3600,17.95,900,0,36000
TATACHEM30Jan20670CE.NFO,07/01/2020,10:35:22,17.8,16.55,1800,17.95,900,0,36000
TATACHEM30Jan20670CE.NFO,07/01/2020,10:35:23,17.8,16.7,900,17.95,1800,0,36000
TATACHEM30Jan20670CE.NFO,07/01/2020,10:35:25,17.8,16.4,4500,17.95,1800,0,36000
TATACHEM30Jan20670CE.NFO,07/01/2020,10:35:26,17.8,16.5,4500,17.95,1800,0,36000
TATACHEM30Jan20670CE.NFO,07/01/2020,10:35:27,17.8,16.6,3600,17.95,1800,0,36000
TATACHEM30Jan20670CE.NFO,07/01/2020,10:35:28,17.8,16.65,900,17.95,1800,0,36000
TATACHEM30Jan20670CE.NFO,07/01/2020,10:35:29,17.8,16.3,4500,17.95,1800,0,36000
TATACHEM30Jan20670CE.NFO,07/01/2020,10:35:30,17.8,16.4,4500,17.95,1800,0,36000
TATACHEM30Jan20670CE.NFO,07/01/2020,10:35:31,17.8,16.5,4500,17.95,1800,0,36000
TATACHEM30Jan20670CE.NFO,07/01/2020,10:35:33,17.8,16.65,900,17.95,1800,0,36000
TATACHEM30Jan20670CE.NFO,07/01/2020,10:35:34,17.8,16.75,900,17.95,1800,0,36000
TATACHEM30Jan20670CE.NFO,07/01/2020,10:35:35,17.8,16.35,5400,17.95,1800,0,36000
TATACHEM30Jan20670CE.NFO,07/01/2020,10:35:36,17.8,16.45,4500,17.95,900,0,36000
TATACHEM30Jan20670CE.NFO,07/01/2020,10:35:37,17.8,16.55,4500,18.05,900,0,36000
TATACHEM30Jan20670CE.NFO,07/01/2020,10:35:39,17.8,16.75,2700,18.05,900,0,36000
TATACHEM30Jan20670CE.NFO,07/01/2020,10:35:40,17.8,16.85,1800,18.05,900,0,36000
TATACHEM30Jan20670CE.NFO,07/01/2020,10:35:41,17.8,16.1,5400,18.05,1800,0,36000
TATACHEM30Jan20670CE.NFO,07/01/2020,10:35:42,17.8,16.1,4500,17.95,1800,0,36000
TATACHEM30Jan20670CE.NFO,07/01/2020,10:35:43,17.8,16.3,4500,18.05,900,0,36000
TATACHEM30Jan20670CE.NFO,07/01/2020,10:35:44,17.8,16.4,4500,18.05,900,0,36000
TATACHEM30Jan20670CE.NFO,07/01/2020,10:35:45,17.8,16.5,4500,18.05,900,0,36000
TATACHEM30Jan20670CE.NFO,07/01/2020,10:35:46,17.8,16.8,2700,18.05,900,0,36000
TATACHEM30Jan20670CE.NFO,07/01/2020,10:35:47,17.8,16.9,900,18.05,900,0,36000
TATACHEM30Jan20670CE.NFO,07/01/2020,10:35:48,17.8,16.2,4500,18.05,900,0,36000
TATACHEM30Jan20670CE.NFO,07/01/2020,10:35:49,17.8,16.4,4500,18.05,900,0,36000
TATACHEM30Jan20670CE.NFO,07/01/2020,10:35:50,17.8,16.5,4500,18.05,900,0,36000
TATACHEM30Jan20670CE.NFO,07/01/2020,10:35:51,17.8,16.6,4500,18.05,900,0,36000
TATACHEM30Jan20670CE.NFO,07/01/2020,10:35:52,17.8,16.7,3600,18.05,900,0,36000
TATACHEM30Jan20670CE.NFO,07/01/2020,10:35:53,17.8,16.8,3600,18.05,900,0,36000
TATACHEM30Jan20670CE.NFO,07/01/2020,10:35:54,17.8,16.9,900,18.05,900,0,36000
TATACHEM30Jan20670CE.NFO,07/01/2020,10:35:55,17.8,17,900,18.05,900,0,36000
TATACHEM30Jan20670CE.NFO,07/01/2020,10:35:56,17.8,17.05,900,18.05,900,0,36000
TATACHEM30Jan20670CE.NFO,07/01/2020,10:35:57,17.8,16.95,900,18.05,900,0,36000
TATACHEM30Jan20670CE.NFO,07/01/2020,10:35:58,17.8,16.9,900,17.95,900,0,36000
TATACHEM30Jan20670CE.NFO,07/01/2020,10:35:59,17.8,16.3,4500,17.95,900,0,36000
TATACHEM30Jan20670CE.NFO,07/01/2020,10:36:00,17.8,16.4,1800,17.9,1800,0,36000
TATACHEM30Jan20670CE.NFO,07/01/2020,10:36:01,17.8,16.6,1800,17.8,900,0,36000
TATACHEM30Jan20670CE.NFO,07/01/2020,10:36:02,17.8,16.6,1800,17.9,1800,0,36000
TATACHEM30Jan20670CE.NFO,07/01/2020,10:36:03,17.8,16,4500,17.9,1800,0,36000
TATACHEM30Jan20670CE.NFO,07/01/2020,10:36:05,17.8,16.2,4500,17.8,900,0,36000
TATACHEM30Jan20670CE.NFO,07/01/2020,10:36:06,17.8,16.3,4500,17.8,900,0,36000
TATACHEM30Jan20670CE.NFO,07/01/2020,10:36:07,17.8,16.4,3600,17.8,900,0,36000
TATACHEM30Jan20670CE.NFO,07/01/2020,10:36:08,17.8,16.5,1800,17.8,900,0,36000
TATACHEM30Jan20670CE.NFO,07/01/2020,10:36:09,17.8,16.6,1800,17.8,900,0,36000
TATACHEM30Jan20670CE.NFO,07/01/2020,10:36:10,17.8,16.65,900,17.8,900,0,36000
TATACHEM30Jan20670CE.NFO,07/01/2020,10:36:11,17.8,15.95,2700,17.85,1800,0,36000
TATACHEM30Jan20670CE.NFO,07/01/2020,10:36:13,17.8,16.3,1800,17.85,2700,0,36000
TATACHEM30Jan20670CE.NFO,07/01/2020,10:36:14,17.8,16.4,1800,17.85,2700,0,36000
TATACHEM30Jan20670CE.NFO,07/01/2020,10:36:15,17.8,16.5,1800,17.85,2700,0,36000
TATACHEM30Jan20670CE.NFO,07/01/2020,10:36:16,17.8,16.55,900,17.85,1800,0,36000
TATACHEM30Jan20670CE.NFO,07/01/2020,10:36:17,17.8,16.15,1800,17.8,900,0,36000
TATACHEM30Jan20670CE.NFO,07/01/2020,10:36:18,17.8,16.25,1800,17.8,900,0,36000
TATACHEM30Jan20670CE.NFO,07/01/2020,10:36:19,17.8,16.45,1800,17.85,1800,0,36000
TATACHEM30Jan20670CE.NFO,07/01/2020,10:36:21,17.8,16.55,1800,17.9,1800,0,36000
TATACHEM30Jan20670CE.NFO,07/01/2020,10:36:22,17.8,16.25,1800,17.9,1800,0,36000
TATACHEM30Jan20670CE.NFO,07/01/2020,10:36:23,17.8,16.45,1800,17.9,1800,0,36000
TATACHEM30Jan20670CE.NFO,07/01/2020,10:36:24,17.8,16.55,1800,17.9,1800,0,36000
TATACHEM30Jan20670CE.NFO,07/01/2020,10:36:25,17.8,16.65,900,17.9,1800,0,36000
TATACHEM30Jan20670CE.NFO,07/01/2020,10:36:26,17.8,16.65,900,17.9,900,0,36000
TATACHEM30Jan20670CE.NFO,07/01/2020,10:36:27,17.8,16.7,900,17.9,900,0,36000
TATACHEM30Jan20670CE.NFO,07/01/2020,10:36:28,17.8,15.95,5400,17.9,900,0,36000
TATACHEM30Jan20670CE.NFO,07/01/2020,10:36:29,17.8,16.05,4500,17.9,900,0,36000
TATACHEM30Jan20670CE.NFO,07/01/2020,10:36:30,17.8,16.15,4500,17.95,1800,0,36000
TATACHEM30Jan20670CE.NFO,07/01/2020,10:36:31,17.8,16.35,1800,17.95,1800,0,36000
TATACHEM30Jan20670CE.NFO,07/01/2020,10:36:32,17.8,16.45,1800,17.95,1800,0,36000
TATACHEM30Jan20670CE.NFO,07/01/2020,10:36:34,17.8,16.55,900,17.95,1800,0,36000
TATACHEM30Jan20670CE.NFO,07/01/2020,10:36:35,17.8,16.1,1800,17.95,1800,0,36000
TATACHEM30Jan20670CE.NFO,07/01/2020,10:36:36,17.8,16.3,1800,17.95,2700,0,36000
TATACHEM30Jan20670CE.NFO,07/01/2020,10:36:37,17.8,16.4,1800,17.95,1800,0,36000
TATACHEM30Jan20670CE.NFO,07/01/2020,10:36:38,17.8,16.5,1800,17.95,1800,0,36000
TATACHEM30Jan20670CE.NFO,07/01/2020,10:36:39,17.8,16.55,900,17.95,1800,0,36000
TATACHEM30Jan20670CE.NFO,07/01/2020,10:36:40,17.8,16.25,1800,17.95,1800,0,36000
TATACHEM30Jan20670CE.NFO,07/01/2020,10:36:41,17.8,16.45,1800,17.95,1800,0,36000
TATACHEM30Jan20670CE.NFO,07/01/2020,10:36:42,17.8,16.5,900,17.95,1800,0,36000
TATACHEM30Jan20670CE.NFO,07/01/2020,10:36:44,17.8,16.6,900,17.85,900,0,36000
TATACHEM30Jan20670CE.NFO,07/01/2020,10:36:46,17.8,16,4500,17.85,900,0,36000
TATACHEM30Jan20670CE.NFO,07/01/2020,10:36:46,17.8,16.1,4500,17.85,900,0,36000
TATACHEM30Jan20670CE.NFO,07/01/2020,10:36:47,17.8,16.2,4500,17.85,900,0,36000
TATACHEM30Jan20670CE.NFO,07/01/2020,10:36:48,17.8,16.2,1800,17.75,900,0,36000
TATACHEM30Jan20670CE.NFO,07/01/2020,10:36:49,17.8,16.3,1800,17.75,900,0,36000
TATACHEM30Jan20670CE.NFO,07/01/2020,10:36:50,17.8,16.4,1800,17.75,900,0,36000
TATACHEM30Jan20670CE.NFO,07/01/2020,10:36:51,17.8,16.55,900,17.75,900,0,36000
TATACHEM30Jan20670CE.NFO,07/01/2020,10:36:52,17.8,15.95,5400,17.75,900,0,36000
TATACHEM30Jan20670CE.NFO,07/01/2020,10:36:53,17.8,16.05,5400,17.8,1800,0,36000
TATACHEM30Jan20670CE.NFO,07/01/2020,10:36:54,17.8,16.05,5400,17.85,900,0,36000
TATACHEM30Jan20670CE.NFO,07/01/2020,10:36:55,17.8,16.25,4500,17.85,900,0,36000
TATACHEM30Jan20670CE.NFO,07/01/2020,10:36:56,17.8,16.35,4500,17.85,900,0,36000
TATACHEM30Jan20670CE.NFO,07/01/2020,10:36:57,17.8,16.45,1800,17.85,900,0,36000
TATACHEM30Jan20670CE.NFO,07/01/2020,10:36:58,17.8,16.7,1800,17.85,900,0,36000
TATACHEM30Jan20670CE.NFO,07/01/2020,10:36:59,17.8,16.05,5400,17.9,900,0,36000
TATACHEM30Jan20670CE.NFO,07/01/2020,10:37:00,17.8,16.25,4500,17.9,900,0,36000
TATACHEM30Jan20670CE.NFO,07/01/2020,10:37:01,17.8,16.35,1800,17.9,1800,0,36000
TATACHEM30Jan20670CE.NFO,07/01/2020,10:37:02,17.8,16.45,1800,17.8,900,0,36000
TATACHEM30Jan20670CE.NFO,07/01/2020,10:37:03,17.8,16.45,1800,17.85,900,0,36000
TATACHEM30Jan20670CE.NFO,07/01/2020,10:37:04,17.8,16.6,900,17.85,900,0,36000
TATACHEM30Jan20670CE.NFO,07/01/2020,10:37:06,17.8,16.4,1800,17.85,900,0,36000
TATACHEM30Jan20670CE.NFO,07/01/2020,10:37:08,17.8,16.5,1800,17.85,900,0,36000
TATACHEM30Jan20670CE.NFO,07/01/2020,10:37:08,17.8,16.6,900,17.85,900,0,36000
TATACHEM30Jan20670CE.NFO,07/01/2020,10:37:09,17.8,16.65,900,17.85,900,0,36000
TATACHEM30Jan20670CE.NFO,07/01/2020,10:37:10,17.8,16.4,1800,17.85,900,0,36000
TATACHEM30Jan20670CE.NFO,07/01/2020,10:37:11,17.8,16.6,900,17.85,900,0,36000
TATACHEM30Jan20670CE.NFO,07/01/2020,10:37:12,17.8,16.15,4500,17.85,900,0,36000
TATACHEM30Jan20670CE.NFO,07/01/2020,10:37:13,17.8,16.25,1800,17.75,900,0,36000
TATACHEM30Jan20670CE.NFO,07/01/2020,10:37:14,17.8,16.35,900,17.75,1800,0,36000
TATACHEM30Jan20670CE.NFO,07/01/2020,10:37:15,17.8,16.4,900,17.65,1800,0,36000
TATACHEM30Jan20670CE.NFO,07/01/2020,10:37:16,17.8,16.2,900,17.55,900,0,36000
TATACHEM30Jan20670CE.NFO,07/01/2020,10:37:18,17.8,15.75,3600,17.45,900,0,36000
TATACHEM30Jan20670CE.NFO,07/01/2020,10:37:20,17.8,16.05,1800,17.45,900,0,36000
TATACHEM30Jan20670CE.NFO,07/01/2020,10:37:37,17.8,16.05,1800,17.3,1800,0,36000
TATACHEM30Jan20670CE.NFO,07/01/2020,10:37:51,17.8,16.05,1800,17.2,900,0,36000
TATACHEM30Jan20670CE.NFO,07/01/2020,10:37:53,17.8,16.05,1800,17.2,1800,0,36000
TATACHEM30Jan20670CE.NFO,07/01/2020,10:38:07,17.8,16.05,1800,17.25,900,0,36000
TATACHEM30Jan20670CE.NFO,07/01/2020,10:38:09,17.8,16.05,1800,17.25,1800,0,36000
TATACHEM30Jan20670CE.NFO,07/01/2020,10:38:10,17.8,16.05,1800,17.25,900,0,36000
TATACHEM30Jan20670CE.NFO,07/01/2020,10:38:14,17.8,16.05,1800,17.25,1800,0,36000
TATACHEM30Jan20670CE.NFO,07/01/2020,10:38:17,17.8,16.05,1800,17.2,900,0,36000
TATACHEM30Jan20670CE.NFO,07/01/2020,10:38:20,17.8,16.05,1800,17.2,1800,0,36000
TATACHEM30Jan20670CE.NFO,07/01/2020,10:38:44,17.8,16.05,1800,17.35,900,0,36000
TATACHEM30Jan20670CE.NFO,07/01/2020,10:38:47,17.8,16.05,1800,17.25,1800,0,36000
TATACHEM30Jan20670CE.NFO,07/01/2020,10:38:50,17.8,16.05,1800,17.15,900,0,36000
TATACHEM30Jan20670CE.NFO,07/01/2020,10:38:54,17.8,16.05,1800,17.25,1800,0,36000
TATACHEM30Jan20670CE.NFO,07/01/2020,10:38:57,17.8,16.05,1800,17.2,900,0,36000
TATACHEM30Jan20670CE.NFO,07/01/2020,10:39:01,17.8,16.05,1800,17.15,900,0,36000
TATACHEM30Jan20670CE.NFO,07/01/2020,10:39:06,17.8,16.05,1800,17.2,900,0,36000
TATACHEM30Jan20670CE.NFO,07/01/2020,10:39:10,17.8,16.05,1800,17.2,1800,0,36000
TATACHEM30Jan20670CE.NFO,07/01/2020,10:39:15,17.8,16.05,1800,17.2,900,0,36000
TATACHEM30Jan20670CE.NFO,07/01/2020,10:39:19,17.8,16.05,1800,17.2,1800,0,36000
TATACHEM30Jan20670CE.NFO,07/01/2020,10:39:23,17.8,16.05,1800,17.15,900,0,36000
TATACHEM30Jan20670CE.NFO,07/01/2020,10:39:30,17.8,16.05,1800,17.2,1800,0,36000
TATACHEM30Jan20670CE.NFO,07/01/2020,10:39:34,17.8,16.05,1800,17.2,900,0,36000
TATACHEM30Jan20670CE.NFO,07/01/2020,10:40:05,17.8,16.05,1800,17.25,900,0,36000
TATACHEM30Jan20670CE.NFO,07/01/2020,10:40:10,17.8,16.05,1800,17.2,900,0,36000
TATACHEM30Jan20670CE.NFO,07/01/2020,10:40:16,17.8,16.05,1800,17.15,900,0,36000
TATACHEM30Jan20670CE.NFO,07/01/2020,10:40:20,17.8,16.05,1800,17.1,900,0,36000
TATACHEM30Jan20670CE.NFO,07/01/2020,10:40:24,17.8,16.05,1800,17.05,1800,0,36000
TATACHEM30Jan20670CE.NFO,07/01/2020,10:40:28,17.8,16.05,1800,17.3,900,0,36000
TATACHEM30Jan20670CE.NFO,07/01/2020,10:40:32,17.8,16.15,4500,17.5,900,0,36000
TATACHEM30Jan20670CE.NFO,07/01/2020,10:40:35,17.8,16.6,900,17.5,900,0,36000
TATACHEM30Jan20670CE.NFO,07/01/2020,10:40:39,17.8,16.35,1800,17.4,900,0,36000
TATACHEM30Jan20670CE.NFO,07/01/2020,10:40:43,17.8,16.05,4500,17.4,900,0,36000
TATACHEM30Jan20670CE.NFO,07/01/2020,10:40:47,17.8,16.55,2700,17.6,900,0,36000
TATACHEM30Jan20670CE.NFO,07/01/2020,10:40:52,17.8,16.4,2700,17.55,900,0,36000
TATACHEM30Jan20670CE.NFO,07/01/2020,10:40:55,17.8,16.1,4500,17.5,900,0,36000
TATACHEM30Jan20670CE.NFO,07/01/2020,10:40:59,17.8,16.5,3600,17.55,900,0,36000
TATACHEM30Jan20670CE.NFO,07/01/2020,10:41:02,17.8,15.9,4500,17.55,900,0,36000
TATACHEM30Jan20670CE.NFO,07/01/2020,10:41:06,17.8,16.3,2700,17.45,900,0,36000
TATACHEM30Jan20670CE.NFO,07/01/2020,10:41:09,17.8,16,4500,17.5,900,0,36000
TATACHEM30Jan20670CE.NFO,07/01/2020,10:41:12,17.8,16.3,4500,17.45,900,0,36000
TATACHEM30Jan20670CE.NFO,07/01/2020,10:41:12,17.8,16.3,3600,17.5,900,0,36000
TATACHEM30Jan20670CE.NFO,07/01/2020,10:41:13,17.8,16.4,2700,17.5,900,0,36000
TATACHEM30Jan20670CE.NFO,07/01/2020,10:41:14,17.8,16.6,900,17.5,900,0,36000
TATACHEM30Jan20670CE.NFO,07/01/2020,10:41:16,17.8,16.65,900,17.5,900,0,36000
TATACHEM30Jan20670CE.NFO,07/01/2020,10:41:17,17.8,16.1,4500,17.55,900,0,36000
TATACHEM30Jan20670CE.NFO,07/01/2020,10:41:18,17.8,16.2,4500,17.55,900,0,36000
TATACHEM30Jan20670CE.NFO,07/01/2020,10:41:20,17.8,16.4,2700,17.55,900,0,36000
TATACHEM30Jan20670CE.NFO,07/01/2020,10:41:20,17.8,16.5,2700,17.65,1800,0,36000
TATACHEM30Jan20670CE.NFO,07/01/2020,10:41:22,17.8,16.75,900,17.6,900,0,36000
TATACHEM30Jan20670CE.NFO,07/01/2020,10:41:23,17.8,16,4500,17.65,1800,0,36000
TATACHEM30Jan20670CE.NFO,07/01/2020,10:41:24,17.8,16.1,4500,17.6,900,0,36000
TATACHEM30Jan20670CE.NFO,07/01/2020,10:41:25,17.8,16.2,4500,17.6,900,0,36000
TATACHEM30Jan20670CE.NFO,07/01/2020,10:41:26,17.8,16.3,4500,17.6,900,0,36000
TATACHEM30Jan20670CE.NFO,07/01/2020,10:41:27,17.8,16.5,2700,17.6,900,0,36000
TATACHEM30Jan20670CE.NFO,07/01/2020,10:41:28,17.8,16.6,2700,17.65,900,0,36000
TATACHEM30Jan20670CE.NFO,07/01/2020,10:41:31,17.8,16,4500,17.65,900,0,36000
TATACHEM30Jan20670CE.NFO,07/01/2020,10:41:31,17.8,16.1,4500,17.65,1800,0,36000
TATACHEM30Jan20670CE.NFO,07/01/2020,10:41:32,17.8,16.2,4500,17.65,1800,0,36000
TATACHEM30Jan20670CE.NFO,07/01/2020,10:41:33,17.8,16.3,2700,17.6,900,0,36000
TATACHEM30Jan20670CE.NFO,07/01/2020,10:41:34,17.8,16.4,2700,17.6,900,0,36000
TATACHEM30Jan20670CE.NFO,07/01/2020,10:41:35,17.8,16.5,2700,17.6,900,0,36000
TATACHEM30Jan20670CE.NFO,07/01/2020,10:41:37,17.8,16.55,900,17.6,900,0,36000
TATACHEM30Jan20670CE.NFO,07/01/2020,10:41:37,17.8,15.8,4500,17.6,900,0,36000
TATACHEM30Jan20670CE.NFO,07/01/2020,10:41:38,17.8,15.9,4500,17.6,900,0,36000
TATACHEM30Jan20670CE.NFO,07/01/2020,10:41:39,17.8,16,4500,17.6,900,0,36000
TATACHEM30Jan20670CE.NFO,07/01/2020,10:41:40,17.8,16.2,4500,17.6,900,0,36000
TATACHEM30Jan20670CE.NFO,07/01/2020,10:41:41,17.8,16.3,4500,17.6,900,0,36000
TATACHEM30Jan20670CE.NFO,07/01/2020,10:41:42,17.8,16.4,4500,17.6,900,0,36000
TATACHEM30Jan20670CE.NFO,07/01/2020,10:41:43,17.8,16.5,2700,17.6,900,0,36000
TATACHEM30Jan20670CE.NFO,07/01/2020,10:41:44,17.8,16.55,900,17.6,900,0,36000
TATACHEM30Jan20670CE.NFO,07/01/2020,10:41:45,17.8,15.85,4500,17.55,900,0,36000
TATACHEM30Jan20670CE.NFO,07/01/2020,10:41:46,17.8,15.95,4500,17.55,900,0,36000
TATACHEM30Jan20670CE.NFO,07/01/2020,10:41:48,17.8,16.15,4500,17.55,900,0,36000
TATACHEM30Jan20670CE.NFO,07/01/2020,10:41:48,17.8,16.25,4500,17.55,900,0,36000
TATACHEM30Jan20670CE.NFO,07/01/2020,10:41:50,17.8,16.45,2700,17.55,900,0,36000
TATACHEM30Jan20670CE.NFO,07/01/2020,10:41:51,17.8,16.55,1800,17.6,900,0,36000
TATACHEM30Jan20670CE.NFO,07/01/2020,10:41:52,17.8,16.6,900,17.6,900,0,36000
TATACHEM30Jan20670CE.NFO,07/01/2020,10:41:53,17.8,15.8,5400,17.6,900,0,36000
TATACHEM30Jan20670CE.NFO,07/01/2020,10:41:54,17.8,16,4500,17.6,900,0,36000
TATACHEM30Jan20670CE.NFO,07/01/2020,10:41:55,17.8,16.2,4500,17.6,900,0,36000
TATACHEM30Jan20670CE.NFO,07/01/2020,10:41:57,17.8,16.3,4500,17.6,900,0,36000
TATACHEM30Jan20670CE.NFO,07/01/2020,10:41:58,17.8,16.5,2700,17.6,900,0,36000
TATACHEM30Jan20670CE.NFO,07/01/2020,10:42:00,17.8,16.55,900,17.6,900,0,36000
TATACHEM30Jan20670CE.NFO,07/01/2020,10:42:01,17.8,16,4500,17.55,900,0,36000
TATACHEM30Jan20670CE.NFO,07/01/2020,10:42:02,17.8,16.1,4500,17.6,900,0,36000
TATACHEM30Jan20670CE.NFO,07/01/2020,10:42:03,17.8,16.2,4500,17.6,900,0,36000
TATACHEM30Jan20670CE.NFO,07/01/2020,10:42:04,17.8,16.3,4500,17.6,900,0,36000
TATACHEM30Jan20670CE.NFO,07/01/2020,10:42:06,17.8,16.5,2700,17.6,900,0,36000
TATACHEM30Jan20670CE.NFO,07/01/2020,10:42:08,17.8,16.55,900,17.65,900,0,36000
TATACHEM30Jan20670CE.NFO,07/01/2020,10:42:08,17.8,15.95,4500,17.65,900,0,36000
TATACHEM30Jan20670CE.NFO,07/01/2020,10:42:09,17.8,16.05,4500,17.65,900,0,36000
TATACHEM30Jan20670CE.NFO,07/01/2020,10:42:10,17.8,16.15,4500,17.65,900,0,36000
TATACHEM30Jan20670CE.NFO,07/01/2020,10:42:11,17.8,16.25,4500,17.6,900,0,36000
TATACHEM30Jan20670CE.NFO,07/01/2020,10:42:12,17.8,16.35,4500,17.6,900,0,36000
TATACHEM30Jan20670CE.NFO,07/01/2020,10:42:13,17.8,16.45,2700,17.6,900,0,36000
TATACHEM30Jan20670CE.NFO,07/01/2020,10:42:14,17.8,15.7,4500,17.6,900,0,36000
TATACHEM30Jan20670CE.NFO,07/01/2020,10:42:15,17.8,16,4500,17.65,900,0,36000
TATACHEM30Jan20670CE.NFO,07/01/2020,10:42:17,17.8,16.1,4500,17.65,900,0,36000
TATACHEM30Jan20670CE.NFO,07/01/2020,10:42:19,17.8,16.3,4500,17.65,900,0,36000
TATACHEM30Jan20670CE.NFO,07/01/2020,10:42:19,17.8,16.4,2700,17.7,900,0,36000
TATACHEM30Jan20670CE.NFO,07/01/2020,10:42:20,17.8,16.4,2700,17.75,900,0,36000
TATACHEM30Jan20670CE.NFO,07/01/2020,10:42:21,17.8,16.5,1800,17.65,900,0,36000
TATACHEM30Jan20670CE.NFO,07/01/2020,10:42:22,17.8,16.55,900,17.6,900,0,36000
TATACHEM30Jan20670CE.NFO,07/01/2020,10:42:25,17.8,16.1,4500,17.6,900,0,36000
TATACHEM30Jan20670CE.NFO,07/01/2020,10:42:26,17.8,16.3,4500,17.6,900,0,36000
TATACHEM30Jan20670CE.NFO,07/01/2020,10:42:27,17.8,16.3,1800,17.6,900,0,36000
TATACHEM30Jan20670CE.NFO,07/01/2020,10:42:28,17.8,16.45,900,17.6,900,0,36000
TATACHEM30Jan20670CE.NFO,07/01/2020,10:42:29,17.8,15.8,5400,17.6,900,0,36000
TATACHEM30Jan20670CE.NFO,07/01/2020,10:42:31,17.8,15.9,4500,17.6,900,0,36000
TATACHEM30Jan20670CE.NFO,07/01/2020,10:42:31,17.8,16,4500,17.6,900,0,36000
TATACHEM30Jan20670CE.NFO,07/01/2020,10:42:32,17.8,16.1,4500,17.6,900,0,36000
TATACHEM30Jan20670CE.NFO,07/01/2020,10:42:33,17.8,16.2,4500,17.6,900,0,36000
TATACHEM30Jan20670CE.NFO,07/01/2020,10:42:34,17.8,16.3,4500,17.6,900,0,36000
TATACHEM30Jan20670CE.NFO,07/01/2020,10:42:35,17.8,16.4,4500,17.6,900,0,36000
TATACHEM30Jan20670CE.NFO,07/01/2020,10:42:36,17.8,16.45,900,17.5,900,0,36000
TATACHEM30Jan20670CE.NFO,07/01/2020,10:42:37,17.8,15.85,4500,17.4,900,0,36000
TATACHEM30Jan20670CE.NFO,07/01/2020,10:42:38,17.8,15.95,4500,17.45,900,0,36000
TATACHEM30Jan20670CE.NFO,07/01/2020,10:42:40,17.8,16.15,4500,17.4,900,0,36000
TATACHEM30Jan20670CE.NFO,07/01/2020,10:42:40,17.8,16.25,1800,17.45,900,0,36000
TATACHEM30Jan20670CE.NFO,07/01/2020,10:42:42,17.8,16.35,1800,17.45,900,0,36000
TATACHEM30Jan20670CE.NFO,07/01/2020,10:42:42,17.8,16.4,900,17.45,900,0,36000
TATACHEM30Jan20670CE.NFO,07/01/2020,10:42:43,17.8,16.15,900,17.45,900,0,36000
TATACHEM30Jan20670CE.NFO,07/01/2020,10:42:44,17.8,16.25,1800,17.45,900,0,36000
TATACHEM30Jan20670CE.NFO,07/01/2020,10:42:45,17.8,16.35,1800,17.45,900,0,36000
TATACHEM30Jan20670CE.NFO,07/01/2020,10:42:46,17.8,15.75,5400,17.45,900,0,36000
TATACHEM30Jan20670CE.NFO,07/01/2020,10:42:47,17.8,15.75,4500,17.45,900,0,36000
TATACHEM30Jan20670CE.NFO,07/01/2020,10:42:48,17.8,15.95,4500,17.45,900,0,36000
TATACHEM30Jan20670CE.NFO,07/01/2020,10:42:49,17.8,16.05,3600,17.45,900,0,36000
TATACHEM30Jan20670CE.NFO,07/01/2020,10:42:50,17.8,16.15,1800,17.45,900,0,36000
TATACHEM30Jan20670CE.NFO,07/01/2020,10:42:51,17.8,16.25,1800,17.45,900,0,36000
TATACHEM30Jan20670CE.NFO,07/01/2020,10:42:52,17.8,16.35,1800,17.45,900,0,36000
TATACHEM30Jan20670CE.NFO,07/01/2020,10:42:53,17.8,16.4,900,17.45,900,0,36000
TATACHEM30Jan20670CE.NFO,07/01/2020,10:42:54,17.8,15.85,4500,17.45,900,0,36000
TATACHEM30Jan20670CE.NFO,07/01/2020,10:42:55,17.8,15.95,4500,17.45,900,0,36000
TATACHEM30Jan20670CE.NFO,07/01/2020,10:42:56,17.8,16.05,4500,17.45,900,0,36000
TATACHEM30Jan20670CE.NFO,07/01/2020,10:42:57,17.8,16.15,1800,17.45,900,0,36000
TATACHEM30Jan20670CE.NFO,07/01/2020,10:42:58,17.8,16.25,1800,17.45,900,0,36000
TATACHEM30Jan20670CE.NFO,07/01/2020,10:42:59,17.8,16.35,1800,17.45,900,0,36000
TATACHEM30Jan20670CE.NFO,07/01/2020,10:43:01,17.8,15.85,4500,17.4,900,0,36000
TATACHEM30Jan20670CE.NFO,07/01/2020,10:43:02,17.8,16.05,1800,17.3,900,0,36000
TATACHEM30Jan20670CE.NFO,07/01/2020,10:43:03,17.8,16.05,1800,17.25,900,0,36000
TATACHEM30Jan20670CE.NFO,07/01/2020,10:43:04,17.8,16.05,1800,17.2,900,0,36000
TATACHEM30Jan20670CE.NFO,07/01/2020,10:43:06,17.8,16.05,1800,17.3,900,0,36000
TATACHEM30Jan20670CE.NFO,07/01/2020,10:43:08,17.8,16.05,1800,17.35,900,0,36000
TATACHEM30Jan20670CE.NFO,07/01/2020,10:43:10,17.8,16.05,1800,17.3,900,0,36000
TATACHEM30Jan20670CE.NFO,07/01/2020,10:43:11,17.8,16.35,1800,17.45,900,0,36000
TATACHEM30Jan20670CE.NFO,07/01/2020,10:43:12,17.8,16.4,900,17.4,900,0,36000
TATACHEM30Jan20670CE.NFO,07/01/2020,10:43:13,17.8,15.85,2700,17.35,900,0,36000
TATACHEM30Jan20670CE.NFO,07/01/2020,10:43:14,17.8,15.95,1800,17.35,900,0,36000
TATACHEM30Jan20670CE.NFO,07/01/2020,10:43:16,17.8,16.05,1800,17.3,900,0,36000
TATACHEM30Jan20670CE.NFO,07/01/2020,10:43:17,17.8,16.15,1800,17.3,900,0,36000
TATACHEM30Jan20670CE.NFO,07/01/2020,10:43:18,17.8,16.25,1800,17.25,1800,0,36000
TATACHEM30Jan20670CE.NFO,07/01/2020,10:43:19,17.8,16.3,900,17.25,900,0,36000
TATACHEM30Jan20670CE.NFO,07/01/2020,10:43:20,17.8,15.95,2700,17.25,900,0,36000
TATACHEM30Jan20670CE.NFO,07/01/2020,10:43:21,17.8,16.05,1800,17.25,900,0,36000
TATACHEM30Jan20670CE.NFO,07/01/2020,10:43:23,17.8,16.35,1800,17.4,900,0,36000
TATACHEM30Jan20670CE.NFO,07/01/2020,10:43:25,17.8,16.55,900,17.4,900,0,36000
TATACHEM30Jan20670CE.NFO,07/01/2020,10:43:26,17.8,16.15,3600,17.3,900,0,36000
TATACHEM30Jan20670CE.NFO,07/01/2020,10:43:27,17.8,16.25,1800,17.5,900,0,36000
TATACHEM30Jan20670CE.NFO,07/01/2020,10:43:28,17.8,16.35,1800,17.5,900,0,36000
TATACHEM30Jan20670CE.NFO,07/01/2020,10:43:29,17.8,16.45,1800,17.45,900,0,36000
TATACHEM30Jan20670CE.NFO,07/01/2020,10:43:30,17.8,16.5,900,17.5,900,0,36000
TATACHEM30Jan20670CE.NFO,07/01/2020,10:43:31,17.8,16,5400,17.5,900,0,36000
TATACHEM30Jan20670CE.NFO,07/01/2020,10:43:31,17.8,16.1,4500,17.45,900,0,36000
TATACHEM30Jan20670CE.NFO,07/01/2020,10:43:32,17.8,16.2,3600,17.4,900,0,36000
TATACHEM30Jan20670CE.NFO,07/01/2020,10:43:33,17.8,16.3,1800,17.35,900,0,36000
TATACHEM30Jan20670CE.NFO,07/01/2020,10:43:34,17.8,16.4,1800,17.55,900,0,36000
TATACHEM30Jan20670CE.NFO,07/01/2020,10:43:35,17.8,16.45,900,17.55,900,0,36000
TATACHEM30Jan20670CE.NFO,07/01/2020,10:43:36,17.8,16.15,900,17.55,900,0,36000
TATACHEM30Jan20670CE.NFO,07/01/2020,10:43:37,17.8,16.35,1800,17.55,900,0,36000
TATACHEM30Jan20670CE.NFO,07/01/2020,10:43:38,17.8,16.45,1800,17.55,900,0,36000
TATACHEM30Jan20670CE.NFO,07/01/2020,10:43:39,17.8,16.5,900,17.55,900,0,36000
TATACHEM30Jan20670CE.NFO,07/01/2020,10:43:40,17.8,16.1,2700,17.55,900,0,36000
TATACHEM30Jan20670CE.NFO,07/01/2020,10:43:41,17.8,16.2,1800,17.4,900,0,36000
TATACHEM30Jan20670CE.NFO,07/01/2020,10:43:42,17.8,16.3,1800,17.45,900,0,36000
TATACHEM30Jan20670CE.NFO,07/01/2020,10:43:43,17.8,16.35,900,17.4,900,0,36000
TATACHEM30Jan20670CE.NFO,07/01/2020,10:43:44,17.8,15.7,4500,17.35,900,0,36000
TATACHEM30Jan20670CE.NFO,07/01/2020,10:43:45,17.8,15.8,4500,17.3,900,0,36000
TATACHEM30Jan20670CE.NFO,07/01/2020,10:43:46,17.8,15.9,4500,17.5,900,0,36000
TATACHEM30Jan20670CE.NFO,07/01/2020,10:43:47,17.8,16,4500,17.45,900,0,36000
TATACHEM30Jan20670CE.NFO,07/01/2020,10:43:48,17.8,16.2,3600,17.45,900,0,36000
TATACHEM30Jan20670CE.NFO,07/01/2020,10:43:49,17.8,16.3,2700,17.45,900,0,36000
TATACHEM30Jan20670CE.NFO,07/01/2020,10:43:51,17.8,16.45,900,17.55,900,0,36000
TATACHEM30Jan20670CE.NFO,07/01/2020,10:43:51,17.8,15.75,4500,17.55,900,0,36000
TATACHEM30Jan20670CE.NFO,07/01/2020,10:43:53,17.8,15.95,4500,17.5,900,0,36000
TATACHEM30Jan20670CE.NFO,07/01/2020,10:43:54,17.8,16.05,4500,17.45,900,0,36000
TATACHEM30Jan20670CE.NFO,07/01/2020,10:43:55,17.8,16.15,4500,17.5,900,0,36000
TATACHEM30Jan20670CE.NFO,07/01/2020,10:43:56,17.8,16.25,2700,17.5,900,0,36000
TATACHEM30Jan20670CE.NFO,07/01/2020,10:43:57,17.8,15.45,9000,17.5,900,0,36000
TATACHEM30Jan20670CE.NFO,07/01/2020,10:43:58,17.8,16.3,900,17.5,900,0,36000
TATACHEM30Jan20670CE.NFO,07/01/2020,10:43:59,17.8,16.35,900,17.5,900,0,36000
TATACHEM30Jan20670CE.NFO,07/01/2020,10:44:00,17.8,15.7,4500,17.4,900,0,36000
TATACHEM30Jan20670CE.NFO,07/01/2020,10:44:01,17.8,15.8,4500,17.4,900,0,36000
TATACHEM30Jan20670CE.NFO,07/01/2020,10:44:02,17.8,16,4500,17.5,900,0,36000
TATACHEM30Jan20670CE.NFO,07/01/2020,10:44:03,17.8,16.1,4500,17.5,900,0,36000
TATACHEM30Jan20670CE.NFO,07/01/2020,10:44:04,17.8,16.2,4500,17.5,900,0,36000
TATACHEM30Jan20670CE.NFO,07/01/2020,10:44:05,17.8,16.3,2700,17.5,900,0,36000
TATACHEM30Jan20670CE.NFO,07/01/2020,10:44:06,17.8,16.35,900,17.5,900,0,36000
TATACHEM30Jan20670CE.NFO,07/01/2020,10:44:07,17.8,15.75,4500,17.5,900,0,36000
TATACHEM30Jan20670CE.NFO,07/01/2020,10:44:08,17.8,15.85,4500,17.5,900,0,36000
TATACHEM30Jan20670CE.NFO,07/01/2020,10:44:09,17.8,15.95,4500,17.5,900,0,36000
TATACHEM30Jan20670CE.NFO,07/01/2020,10:44:10,17.8,16.05,4500,17.5,900,0,36000
TATACHEM30Jan20670CE.NFO,07/01/2020,10:44:11,17.8,16.15,4500,17.5,900,0,36000
TATACHEM30Jan20670CE.NFO,07/01/2020,10:44:12,17.8,16.25,4500,17.5,900,0,36000
TATACHEM30Jan20670CE.NFO,07/01/2020,10:44:13,17.8,16.4,900,17.5,900,0,36000
TATACHEM30Jan20670CE.NFO,07/01/2020,10:44:14,17.8,15.75,4500,17.5,900,0,36000
TATACHEM30Jan20670CE.NFO,07/01/2020,10:44:15,17.8,15.95,4500,17.45,900,0,36000
TATACHEM30Jan20670CE.NFO,07/01/2020,10:44:16,17.8,16.05,4500,17.45,900,0,36000
TATACHEM30Jan20670CE.NFO,07/01/2020,10:44:18,17.8,16.25,4500,17.45,900,0,36000
TATACHEM30Jan20670CE.NFO,07/01/2020,10:44:18,17.8,16.25,1800,17.25,900,0,36000
TATACHEM30Jan20670CE.NFO,07/01/2020,10:44:19,17.8,16.3,900,17.3,900,0,36000
TATACHEM30Jan20670CE.NFO,07/01/2020,10:44:21,17.8,15.8,4500,17.25,900,0,36000
TATACHEM30Jan20670CE.NFO,07/01/2020,10:44:22,17.8,15.9,4500,17.4,900,0,36000
TATACHEM30Jan20670CE.NFO,07/01/2020,10:44:23,17.8,16,1800,17.35,900,0,36000
TATACHEM30Jan20670CE.NFO,07/01/2020,10:44:23,17.8,16,1800,17.3,900,0,36000
TATACHEM30Jan20670CE.NFO,07/01/2020,10:44:24,17.8,16.2,1800,17.25,900,0,36000
TATACHEM30Jan20670CE.NFO,07/01/2020,10:44:25,17.8,16.5,1800,17.35,900,0,36000
TATACHEM30Jan20670CE.NFO,07/01/2020,10:44:26,17.8,16.5,1800,17.25,900,0,36000
TATACHEM30Jan20670CE.NFO,07/01/2020,10:44:27,17.8,16.5,1800,17.5,1800,0,36000
TATACHEM30Jan20670CE.NFO,07/01/2020,10:44:29,17.8,16.55,900,17.45,900,0,36000
TATACHEM30Jan20670CE.NFO,07/01/2020,10:44:30,17.8,16.6,900,17.6,900,0,36000
TATACHEM30Jan20670CE.NFO,07/01/2020,10:44:31,17.8,16.15,4500,17.6,1800,0,36000
TATACHEM30Jan20670CE.NFO,07/01/2020,10:44:32,17.8,16.25,4500,17.55,1800,0,36000
TATACHEM30Jan20670CE.NFO,07/01/2020,10:44:33,17.8,16.45,2700,17.65,900,0,36000
TATACHEM30Jan20670CE.NFO,07/01/2020,10:44:35,17.8,16.55,900,17.6,1800,0,36000
TATACHEM30Jan20670CE.NFO,07/01/2020,10:44:35,17.8,16.55,900,17.55,900,0,36000
TATACHEM30Jan20670CE.NFO,07/01/2020,10:44:36,17.8,16.6,900,17.6,900,0,36000
TATACHEM30Jan20670CE.NFO,07/01/2020,10:44:37,17.8,16,4500,17.6,900,0,36000
TATACHEM30Jan20670CE.NFO,07/01/2020,10:44:39,17.8,16.2,4500,17.6,900,0,36000
TATACHEM30Jan20670CE.NFO,07/01/2020,10:44:40,17.8,16.2,4500,17.65,900,0,36000
TATACHEM30Jan20670CE.NFO,07/01/2020,10:44:42,17.8,16.4,2700,17.6,900,0,36000
TATACHEM30Jan20670CE.NFO,07/01/2020,10:44:43,17.8,15.75,4500,17.6,900,0,36000
TATACHEM30Jan20670CE.NFO,07/01/2020,10:44:44,17.8,16.05,4500,17.6,900,0,36000
TATACHEM30Jan20670CE.NFO,07/01/2020,10:44:45,17.8,16.15,4500,17.6,900,0,36000
TATACHEM30Jan20670CE.NFO,07/01/2020,10:44:47,17.8,16.25,4500,17.6,900,0,36000
TATACHEM30Jan20670CE.NFO,07/01/2020,10:44:47,17.8,16.35,4500,17.6,900,0,36000
TATACHEM30Jan20670CE.NFO,07/01/2020,10:44:48,17.8,16.45,3600,17.6,900,0,36000
TATACHEM30Jan20670CE.NFO,07/01/2020,10:44:49,17.8,16.55,900,17.6,900,0,36000
TATACHEM30Jan20670CE.NFO,07/01/2020,10:44:50,17.8,16.6,900,17.6,900,0,36000
TATACHEM30Jan20670CE.NFO,07/01/2020,10:44:51,17.8,16,4500,17.5,900,0,36000
TATACHEM30Jan20670CE.NFO,07/01/2020,10:44:52,17.8,16.1,4500,17.5,900,0,36000
TATACHEM30Jan20670CE.NFO,07/01/2020,10:44:53,17.8,16.4,900,17.35,1800,0,36000
TATACHEM30Jan20670CE.NFO,07/01/2020,10:44:54,17.8,16.45,1800,17.55,900,0,36000
TATACHEM30Jan20670CE.NFO,07/01/2020,10:44:55,17.8,16.45,1800,17.4,900,0,36000
TATACHEM30Jan20670CE.NFO,07/01/2020,10:44:57,17.8,16.45,1800,17.55,900,0,36000
TATACHEM30Jan20670CE.NFO,07/01/2020,10:44:58,17.8,16.45,900,17.4,1800,0,36000
TATACHEM30Jan20670CE.NFO,07/01/2020,10:44:59,17.8,16.5,900,17.55,900,0,36000
TATACHEM30Jan20670CE.NFO,07/01/2020,10:45:01,17.8,15.9,4500,17.5,900,0,36000
TATACHEM30Jan20670CE.NFO,07/01/2020,10:45:02,17.8,16,4500,17.5,900,0,36000
TATACHEM30Jan20670CE.NFO,07/01/2020,10:45:03,17.8,16.1,4500,17.5,900,0,36000
TATACHEM30Jan20670CE.NFO,07/01/2020,10:45:04,17.8,16.2,4500,17.6,900,0,36000
TATACHEM30Jan20670CE.NFO,07/01/2020,10:45:05,17.8,16.3,4500,17.6,900,0,36000
TATACHEM30Jan20670CE.NFO,07/01/2020,10:45:06,17.8,16.4,2700,17.6,900,0,36000
TATACHEM30Jan20670CE.NFO,07/01/2020,10:45:07,17.8,15.9,2700,17.6,900,0,36000
TATACHEM30Jan20670CE.NFO,07/01/2020,10:45:08,17.8,16.5,900,17.6,900,0,36000
TATACHEM30Jan20670CE.NFO,07/01/2020,10:45:09,17.8,15.75,5400,17.55,900,0,36000
TATACHEM30Jan20670CE.NFO,07/01/2020,10:45:10,17.8,15.95,4500,17.45,900,0,36000
TATACHEM30Jan20670CE.NFO,07/01/2020,10:45:11,17.8,15.95,4500,17.65,900,0,36000
