Ticker,Date,Time,LTP,BuyPrice,BuyQty,SellPrice,SellQty,LTQ,OpenInterest
TATAMOTORS30Jan20195CE.NFO,07/01/2020,09:15:30,5.6,5.55,4300,5.95,8600,4300,1453400
TATAMOTORS30Jan20195CE.NFO,07/01/2020,09:15:30,5.6,5.55,4300,5.95,8600,0,1453400
TATAMOTORS30Jan20195CE.NFO,07/01/2020,09:15:30,5.6,5.55,4300,5.95,8600,0,1453400
TATAMOTORS30Jan20195CE.NFO,07/01/2020,09:15:30,5.6,5.55,4300,5.95,8600,0,1453400
TATAMOTORS30Jan20195CE.NFO,07/01/2020,09:15:42,5.6,5.55,12900,5.95,8600,0,1453400
TATAMOTORS30Jan20195CE.NFO,07/01/2020,09:15:55,5.5,5.5,4300,5.95,8600,17200,1453400
TATAMOTORS30Jan20195CE.NFO,07/01/2020,09:15:55,5.5,5.5,4300,5.95,8600,0,1453400
TATAMOTORS30Jan20195CE.NFO,07/01/2020,09:16:07,5.75,5.6,4300,5.9,21500,21500,1453400
TATAMOTORS30Jan20195CE.NFO,07/01/2020,09:16:07,5.75,5.6,4300,5.9,21500,0,1453400
TATAMOTORS30Jan20195CE.NFO,07/01/2020,09:16:19,5.75,5.75,4300,5.9,17200,0,1453400
TATAMOTORS30Jan20195CE.NFO,07/01/2020,09:16:30,5.75,5.8,4300,6,17200,0,1453400
TATAMOTORS30Jan20195CE.NFO,07/01/2020,09:16:39,5.75,5.8,4300,5.95,8600,0,1453400
TATAMOTORS30Jan20195CE.NFO,07/01/2020,09:16:49,5.75,5.85,4300,5.95,4300,0,1453400
TATAMOTORS30Jan20195CE.NFO,07/01/2020,09:16:59,5.95,5.85,4300,6,12900,4300,1453400
TATAMOTORS30Jan20195CE.NFO,07/01/2020,09:16:59,5.95,5.85,4300,6,12900,0,1453400
TATAMOTORS30Jan20195CE.NFO,07/01/2020,09:17:08,5.95,5.9,17200,6,12900,0,1453400
TATAMOTORS30Jan20195CE.NFO,07/01/2020,09:17:17,5.95,5.95,8600,6,12900,0,1453400
TATAMOTORS30Jan20195CE.NFO,07/01/2020,09:17:27,5.95,5.75,4300,6,17200,25800,1449100
TATAMOTORS30Jan20195CE.NFO,07/01/2020,09:17:38,5.95,5.75,4300,6,17200,0,1449100
TATAMOTORS30Jan20195CE.NFO,07/01/2020,09:17:48,5.75,5.5,4300,5.9,8600,4300,1449100
TATAMOTORS30Jan20195CE.NFO,07/01/2020,09:17:59,5.75,5.55,8600,5.9,8600,0,1449100
TATAMOTORS30Jan20195CE.NFO,07/01/2020,09:18:08,5.75,5.8,25800,5.9,4300,0,1449100
TATAMOTORS30Jan20195CE.NFO,07/01/2020,09:18:17,5.75,5.8,21500,5.9,12900,0,1449100
TATAMOTORS30Jan20195CE.NFO,07/01/2020,09:18:26,5.75,5.8,21500,5.95,25800,0,1449100
TATAMOTORS30Jan20195CE.NFO,07/01/2020,09:18:35,5.8,5.75,34400,5.85,12900,8600,1449100
TATAMOTORS30Jan20195CE.NFO,07/01/2020,09:18:44,5.75,5.75,4300,5.8,25800,8600,1449100
TATAMOTORS30Jan20195CE.NFO,07/01/2020,09:18:53,5.65,5.65,17200,5.75,25800,12900,1449100
TATAMOTORS30Jan20195CE.NFO,07/01/2020,09:19:02,5.65,5.6,8600,5.7,30100,0,1449100
TATAMOTORS30Jan20195CE.NFO,07/01/2020,09:19:10,5.7,5.65,8600,5.75,21500,21500,1449100
TATAMOTORS30Jan20195CE.NFO,07/01/2020,09:19:19,5.75,5.75,17200,5.85,30100,8600,1449100
TATAMOTORS30Jan20195CE.NFO,07/01/2020,09:19:28,5.85,5.75,30100,5.9,34400,4300,1449100
TATAMOTORS30Jan20195CE.NFO,07/01/2020,09:19:36,5.85,5.75,25800,5.85,30100,4300,1449100
TATAMOTORS30Jan20195CE.NFO,07/01/2020,09:19:45,5.85,5.8,4300,5.9,21500,0,1449100
TATAMOTORS30Jan20195CE.NFO,07/01/2020,09:19:52,5.85,5.85,25800,5.95,34400,4300,1449100
TATAMOTORS30Jan20195CE.NFO,07/01/2020,09:20:00,5.85,5.85,21500,5.95,21500,0,1449100
TATAMOTORS30Jan20195CE.NFO,07/01/2020,09:20:08,5.95,5.9,25800,6,30100,4300,1449100
TATAMOTORS30Jan20195CE.NFO,07/01/2020,09:20:16,5.9,5.85,12900,5.95,30100,4300,1453400
TATAMOTORS30Jan20195CE.NFO,07/01/2020,09:20:24,6.05,6,12900,6.1,4300,77400,1453400
TATAMOTORS30Jan20195CE.NFO,07/01/2020,09:20:24,6.15,6,12900,6.1,4300,0,1453400
TATAMOTORS30Jan20195CE.NFO,07/01/2020,09:20:31,6,6,8600,6.05,4300,4300,1453400
TATAMOTORS30Jan20195CE.NFO,07/01/2020,09:20:39,6,6,17200,6.1,12900,0,1453400
TATAMOTORS30Jan20195CE.NFO,07/01/2020,09:20:46,6,6,17200,6.1,25800,0,1453400
TATAMOTORS30Jan20195CE.NFO,07/01/2020,09:20:54,6.05,6.05,17200,6.1,4300,8600,1453400
TATAMOTORS30Jan20195CE.NFO,07/01/2020,09:21:02,6.05,6.05,4300,6.15,25800,0,1453400
TATAMOTORS30Jan20195CE.NFO,07/01/2020,09:21:10,6.05,6,4300,6.05,8600,4300,1453400
TATAMOTORS30Jan20195CE.NFO,07/01/2020,09:21:18,6.05,5.95,21500,6.05,25800,0,1453400
TATAMOTORS30Jan20195CE.NFO,07/01/2020,09:21:25,6.05,5.95,25800,6.05,25800,0,1453400
TATAMOTORS30Jan20195CE.NFO,07/01/2020,09:21:33,6.05,5.85,12900,5.95,21500,0,1453400
TATAMOTORS30Jan20195CE.NFO,07/01/2020,09:21:41,5.95,5.85,12900,5.95,12900,4300,1453400
TATAMOTORS30Jan20195CE.NFO,07/01/2020,09:21:49,5.95,5.85,17200,5.95,25800,0,1453400
TATAMOTORS30Jan20195CE.NFO,07/01/2020,09:21:57,5.95,5.85,30100,5.95,25800,4300,1453400
TATAMOTORS30Jan20195CE.NFO,07/01/2020,09:22:05,5.95,5.95,17200,6.05,30100,0,1453400
TATAMOTORS30Jan20195CE.NFO,07/01/2020,09:22:13,5.95,5.9,17200,6,25800,0,1453400
TATAMOTORS30Jan20195CE.NFO,07/01/2020,09:22:21,5.95,5.95,4300,6,25800,0,1453400
TATAMOTORS30Jan20195CE.NFO,07/01/2020,09:22:36,5.95,5.85,30100,5.95,12900,4300,1453400
TATAMOTORS30Jan20195CE.NFO,07/01/2020,09:22:43,5.95,5.8,12900,5.9,21500,0,1453400
TATAMOTORS30Jan20195CE.NFO,07/01/2020,09:22:50,5.95,5.8,25800,5.9,21500,0,1453400
TATAMOTORS30Jan20195CE.NFO,07/01/2020,09:22:57,5.95,5.8,21500,5.9,30100,0,1453400
TATAMOTORS30Jan20195CE.NFO,07/01/2020,09:23:05,5.95,5.8,30100,5.9,4300,0,1453400
TATAMOTORS30Jan20195CE.NFO,07/01/2020,09:23:13,5.9,5.85,4300,5.9,17200,8600,1453400
TATAMOTORS30Jan20195CE.NFO,07/01/2020,09:23:19,5.9,5.8,25800,5.9,34400,0,1453400
TATAMOTORS30Jan20195CE.NFO,07/01/2020,09:23:26,5.9,5.85,12900,5.95,34400,0,1453400
TATAMOTORS30Jan20195CE.NFO,07/01/2020,09:23:38,5.9,5.8,17200,5.9,25800,0,1453400
TATAMOTORS30Jan20195CE.NFO,07/01/2020,09:23:45,5.8,5.7,4300,5.8,30100,4300,1462000
TATAMOTORS30Jan20195CE.NFO,07/01/2020,09:23:51,5.8,5.7,21500,5.8,25800,0,1462000
TATAMOTORS30Jan20195CE.NFO,07/01/2020,09:23:58,5.8,5.7,30100,5.8,30100,0,1462000
TATAMOTORS30Jan20195CE.NFO,07/01/2020,09:24:05,5.8,5.75,21500,5.85,34400,0,1462000
TATAMOTORS30Jan20195CE.NFO,07/01/2020,09:24:19,5.8,5.75,25800,5.85,38700,0,1462000
TATAMOTORS30Jan20195CE.NFO,07/01/2020,09:24:26,5.8,5.75,25800,5.85,30100,0,1462000
TATAMOTORS30Jan20195CE.NFO,07/01/2020,09:24:33,5.8,5.75,25800,5.85,25800,0,1462000
TATAMOTORS30Jan20195CE.NFO,07/01/2020,09:24:39,5.8,5.75,21500,5.85,34400,0,1462000
TATAMOTORS30Jan20195CE.NFO,07/01/2020,09:24:45,5.8,5.75,21500,5.85,30100,0,1462000
TATAMOTORS30Jan20195CE.NFO,07/01/2020,09:24:51,5.8,5.75,21500,5.85,43000,0,1462000
TATAMOTORS30Jan20195CE.NFO,07/01/2020,09:25:05,5.8,5.7,25800,5.8,25800,0,1462000
TATAMOTORS30Jan20195CE.NFO,07/01/2020,09:25:20,5.8,5.65,4300,5.7,17200,0,1462000
TATAMOTORS30Jan20195CE.NFO,07/01/2020,09:25:26,5.8,5.65,4300,5.7,25800,0,1462000
TATAMOTORS30Jan20195CE.NFO,07/01/2020,09:25:33,5.8,5.65,4300,5.7,34400,0,1462000
TATAMOTORS30Jan20195CE.NFO,07/01/2020,09:25:40,5.65,5.6,12900,5.7,51600,4300,1462000
TATAMOTORS30Jan20195CE.NFO,07/01/2020,09:25:50,5.65,5.6,21500,5.7,34400,0,1462000
TATAMOTORS30Jan20195CE.NFO,07/01/2020,09:26:04,5.6,5.55,30100,5.65,25800,12900,1462000
TATAMOTORS30Jan20195CE.NFO,07/01/2020,09:26:12,5.6,5.55,17200,5.65,38700,0,1462000
TATAMOTORS30Jan20195CE.NFO,07/01/2020,09:26:19,5.6,5.6,30100,5.7,38700,0,1462000
TATAMOTORS30Jan20195CE.NFO,07/01/2020,09:26:25,5.7,5.6,8600,5.7,38700,4300,1457700
TATAMOTORS30Jan20195CE.NFO,07/01/2020,09:26:32,5.7,5.6,34400,5.7,30100,0,1457700
TATAMOTORS30Jan20195CE.NFO,07/01/2020,09:26:39,5.7,5.6,43000,5.7,34400,0,1457700
TATAMOTORS30Jan20195CE.NFO,07/01/2020,09:26:45,5.7,5.6,38700,5.7,34400,0,1457700
TATAMOTORS30Jan20195CE.NFO,07/01/2020,09:26:51,5.7,5.6,17200,5.7,38700,0,1457700
TATAMOTORS30Jan20195CE.NFO,07/01/2020,09:26:57,5.6,5.55,30100,5.65,21500,8600,1457700
TATAMOTORS30Jan20195CE.NFO,07/01/2020,09:27:02,5.6,5.6,30100,5.7,38700,0,1457700
TATAMOTORS30Jan20195CE.NFO,07/01/2020,09:27:07,5.6,5.6,30100,5.7,34400,0,1457700
TATAMOTORS30Jan20195CE.NFO,07/01/2020,09:27:38,5.6,5.6,30100,5.7,38700,0,1457700
TATAMOTORS30Jan20195CE.NFO,07/01/2020,09:27:44,5.6,5.55,30100,5.65,30100,4300,1457700
TATAMOTORS30Jan20195CE.NFO,07/01/2020,09:27:49,5.6,5.6,4300,5.65,21500,0,1457700
TATAMOTORS30Jan20195CE.NFO,07/01/2020,09:28:01,5.6,5.55,25800,5.65,34400,8600,1457700
TATAMOTORS30Jan20195CE.NFO,07/01/2020,09:28:14,5.6,5.6,12900,5.65,4300,0,1457700
TATAMOTORS30Jan20195CE.NFO,07/01/2020,09:28:33,5.6,5.55,25800,5.65,34400,0,1457700
TATAMOTORS30Jan20195CE.NFO,07/01/2020,09:28:38,5.6,5.6,4300,5.65,25800,0,1457700
TATAMOTORS30Jan20195CE.NFO,07/01/2020,09:28:44,5.6,5.6,34400,5.7,34400,0,1457700
TATAMOTORS30Jan20195CE.NFO,07/01/2020,09:28:50,5.6,5.6,30100,5.7,43000,0,1457700
TATAMOTORS30Jan20195CE.NFO,07/01/2020,09:29:01,5.6,5.55,25800,5.65,34400,4300,1457700
TATAMOTORS30Jan20195CE.NFO,07/01/2020,09:29:08,5.65,5.6,38700,5.7,43000,4300,1457700
TATAMOTORS30Jan20195CE.NFO,07/01/2020,09:29:14,5.65,5.6,30100,5.7,51600,0,1457700
TATAMOTORS30Jan20195CE.NFO,07/01/2020,09:29:20,5.65,5.55,25800,5.65,43000,0,1457700
TATAMOTORS30Jan20195CE.NFO,07/01/2020,09:29:26,5.5,5.45,38700,5.55,21500,8600,1466300
TATAMOTORS30Jan20195CE.NFO,07/01/2020,09:29:32,5.5,5.45,25800,5.55,30100,0,1466300
TATAMOTORS30Jan20195CE.NFO,07/01/2020,09:29:38,5.5,5.45,34400,5.55,34400,0,1466300
TATAMOTORS30Jan20195CE.NFO,07/01/2020,09:29:45,5.5,5.45,25800,5.55,38700,0,1466300
TATAMOTORS30Jan20195CE.NFO,07/01/2020,09:29:51,5.5,5.45,38700,5.55,34400,0,1466300
TATAMOTORS30Jan20195CE.NFO,07/01/2020,09:29:56,5.5,5.5,12900,5.55,4300,0,1466300
TATAMOTORS30Jan20195CE.NFO,07/01/2020,09:30:01,5.5,5.5,25800,5.6,25800,4300,1466300
TATAMOTORS30Jan20195CE.NFO,07/01/2020,09:30:06,5.6,5.6,30100,5.7,43000,4300,1466300
TATAMOTORS30Jan20195CE.NFO,07/01/2020,09:30:13,5.6,5.6,25800,5.7,43000,0,1466300
TATAMOTORS30Jan20195CE.NFO,07/01/2020,09:30:18,5.6,5.6,34400,5.7,38700,0,1466300
TATAMOTORS30Jan20195CE.NFO,07/01/2020,09:30:24,5.6,5.6,12900,5.7,43000,0,1466300
TATAMOTORS30Jan20195CE.NFO,07/01/2020,09:30:29,5.6,5.6,12900,5.65,8600,0,1466300
TATAMOTORS30Jan20195CE.NFO,07/01/2020,09:30:35,5.6,5.6,21500,5.7,38700,0,1466300
TATAMOTORS30Jan20195CE.NFO,07/01/2020,09:30:46,5.6,5.6,34400,5.7,38700,0,1466300
TATAMOTORS30Jan20195CE.NFO,07/01/2020,09:30:51,5.6,5.6,38700,5.7,38700,0,1466300
TATAMOTORS30Jan20195CE.NFO,07/01/2020,09:30:56,5.6,5.6,47300,5.7,34400,0,1466300
TATAMOTORS30Jan20195CE.NFO,07/01/2020,09:31:06,5.6,5.65,12900,5.7,4300,0,1466300
TATAMOTORS30Jan20195CE.NFO,07/01/2020,09:31:12,5.6,5.65,12900,5.7,8600,0,1466300
TATAMOTORS30Jan20195CE.NFO,07/01/2020,09:31:18,5.7,5.65,43000,5.75,17200,4300,1466300
TATAMOTORS30Jan20195CE.NFO,07/01/2020,09:31:24,5.7,5.65,4300,5.75,47300,0,1466300
TATAMOTORS30Jan20195CE.NFO,07/01/2020,09:31:30,5.7,5.65,4300,5.75,43000,0,1466300
TATAMOTORS30Jan20195CE.NFO,07/01/2020,09:31:35,5.7,5.6,21500,5.7,30100,0,1466300
TATAMOTORS30Jan20195CE.NFO,07/01/2020,09:31:41,5.7,5.55,47300,5.65,8600,0,1466300
TATAMOTORS30Jan20195CE.NFO,07/01/2020,09:31:47,5.7,5.6,30100,5.7,30100,0,1466300
TATAMOTORS30Jan20195CE.NFO,07/01/2020,09:31:52,5.7,5.6,34400,5.7,30100,0,1466300
TATAMOTORS30Jan20195CE.NFO,07/01/2020,09:32:04,5.7,5.65,17200,5.7,4300,0,1466300
TATAMOTORS30Jan20195CE.NFO,07/01/2020,09:32:11,5.7,5.55,43000,5.7,47300,0,1466300
TATAMOTORS30Jan20195CE.NFO,07/01/2020,09:32:18,5.7,5.6,30100,5.7,30100,0,1466300
TATAMOTORS30Jan20195CE.NFO,07/01/2020,09:32:25,5.7,5.65,38700,5.75,25800,0,1466300
TATAMOTORS30Jan20195CE.NFO,07/01/2020,09:32:31,5.7,5.65,43000,5.75,25800,0,1466300
TATAMOTORS30Jan20195CE.NFO,07/01/2020,09:32:38,5.7,5.65,21500,5.75,34400,0,1466300
TATAMOTORS30Jan20195CE.NFO,07/01/2020,09:32:44,5.7,5.65,34400,5.75,30100,0,1466300
TATAMOTORS30Jan20195CE.NFO,07/01/2020,09:32:50,5.7,5.7,8600,5.8,34400,0,1466300
TATAMOTORS30Jan20195CE.NFO,07/01/2020,09:32:56,5.7,5.7,21500,5.8,34400,0,1466300
TATAMOTORS30Jan20195CE.NFO,07/01/2020,09:33:01,5.7,5.7,4300,5.75,12900,0,1466300
TATAMOTORS30Jan20195CE.NFO,07/01/2020,09:33:07,5.7,5.65,34400,5.75,38700,4300,1466300
TATAMOTORS30Jan20195CE.NFO,07/01/2020,09:33:14,5.7,5.65,34400,5.75,25800,0,1466300
TATAMOTORS30Jan20195CE.NFO,07/01/2020,09:33:27,5.7,5.65,8600,5.7,17200,0,1466300
TATAMOTORS30Jan20195CE.NFO,07/01/2020,09:33:33,5.7,5.65,34400,5.75,34400,0,1466300
TATAMOTORS30Jan20195CE.NFO,07/01/2020,09:33:49,5.7,5.65,30100,5.7,8600,0,1466300
TATAMOTORS30Jan20195CE.NFO,07/01/2020,09:33:54,5.7,5.7,21500,5.8,34400,0,1466300
TATAMOTORS30Jan20195CE.NFO,07/01/2020,09:33:59,5.7,5.7,25800,5.8,47300,0,1466300
TATAMOTORS30Jan20195CE.NFO,07/01/2020,09:34:05,5.7,5.7,4300,5.75,12900,0,1466300
TATAMOTORS30Jan20195CE.NFO,07/01/2020,09:34:10,5.7,5.65,43000,5.75,34400,0,1466300
TATAMOTORS30Jan20195CE.NFO,07/01/2020,09:34:16,5.7,5.7,21500,5.75,4300,0,1466300
TATAMOTORS30Jan20195CE.NFO,07/01/2020,09:34:22,5.7,5.65,12900,5.7,8600,4300,1466300
TATAMOTORS30Jan20195CE.NFO,07/01/2020,09:34:28,5.7,5.65,34400,5.7,8600,0,1466300
TATAMOTORS30Jan20195CE.NFO,07/01/2020,09:34:34,5.65,5.6,8600,5.65,12900,12900,1466300
TATAMOTORS30Jan20195CE.NFO,07/01/2020,09:34:41,5.65,5.6,38700,5.7,30100,0,1466300
TATAMOTORS30Jan20195CE.NFO,07/01/2020,09:34:47,5.65,5.6,34400,5.7,38700,0,1466300
TATAMOTORS30Jan20195CE.NFO,07/01/2020,09:34:52,5.65,5.6,34400,5.7,34400,0,1466300
TATAMOTORS30Jan20195CE.NFO,07/01/2020,09:34:58,5.65,5.6,38700,5.7,34400,0,1466300
TATAMOTORS30Jan20195CE.NFO,07/01/2020,09:35:03,5.65,5.6,34400,5.7,34400,0,1466300
TATAMOTORS30Jan20195CE.NFO,07/01/2020,09:35:08,5.65,5.6,38700,5.7,34400,0,1466300
TATAMOTORS30Jan20195CE.NFO,07/01/2020,09:35:14,5.65,5.6,34400,5.7,34400,0,1466300
TATAMOTORS30Jan20195CE.NFO,07/01/2020,09:35:25,5.65,5.6,25800,5.7,38700,4300,1474900
TATAMOTORS30Jan20195CE.NFO,07/01/2020,09:35:30,5.65,5.6,21500,5.65,4300,0,1474900
TATAMOTORS30Jan20195CE.NFO,07/01/2020,09:35:37,5.65,5.6,4300,5.65,30100,0,1474900
TATAMOTORS30Jan20195CE.NFO,07/01/2020,09:35:44,5.6,5.5,25800,5.6,34400,4300,1474900
TATAMOTORS30Jan20195CE.NFO,07/01/2020,09:35:53,5.6,5.55,30100,5.65,38700,8600,1474900
TATAMOTORS30Jan20195CE.NFO,07/01/2020,09:36:00,5.6,5.55,38700,5.65,34400,0,1474900
TATAMOTORS30Jan20195CE.NFO,07/01/2020,09:36:07,5.6,5.55,30100,5.65,12900,0,1474900
TATAMOTORS30Jan20195CE.NFO,07/01/2020,09:36:13,5.6,5.55,38700,5.65,34400,0,1474900
TATAMOTORS30Jan20195CE.NFO,07/01/2020,09:36:25,5.55,5.55,34400,5.65,38700,4300,1474900
TATAMOTORS30Jan20195CE.NFO,07/01/2020,09:36:30,5.55,5.55,34400,5.65,38700,0,1474900
TATAMOTORS30Jan20195CE.NFO,07/01/2020,09:36:36,5.55,5.6,43000,5.7,17200,0,1474900
TATAMOTORS30Jan20195CE.NFO,07/01/2020,09:36:41,5.55,5.6,17200,5.7,38700,0,1474900
TATAMOTORS30Jan20195CE.NFO,07/01/2020,09:36:47,5.55,5.6,17200,5.7,47300,0,1474900
TATAMOTORS30Jan20195CE.NFO,07/01/2020,09:36:52,5.55,5.6,34400,5.7,21500,0,1474900
TATAMOTORS30Jan20195CE.NFO,07/01/2020,09:36:58,5.7,5.6,43000,5.7,17200,4300,1474900
TATAMOTORS30Jan20195CE.NFO,07/01/2020,09:37:03,5.7,5.6,30100,5.7,30100,0,1474900
TATAMOTORS30Jan20195CE.NFO,07/01/2020,09:37:09,5.7,5.6,30100,5.7,38700,0,1474900
TATAMOTORS30Jan20195CE.NFO,07/01/2020,09:37:14,5.7,5.6,34400,5.7,17200,0,1474900
TATAMOTORS30Jan20195CE.NFO,07/01/2020,09:37:19,5.7,5.6,25800,5.7,30100,0,1474900
TATAMOTORS30Jan20195CE.NFO,07/01/2020,09:37:24,5.7,5.6,30100,5.7,30100,0,1474900
TATAMOTORS30Jan20195CE.NFO,07/01/2020,09:37:34,5.7,5.6,34400,5.7,30100,0,1474900
TATAMOTORS30Jan20195CE.NFO,07/01/2020,09:37:39,5.7,5.6,34400,5.7,34400,0,1474900
TATAMOTORS30Jan20195CE.NFO,07/01/2020,09:37:44,5.7,5.65,12900,5.75,51600,0,1474900
TATAMOTORS30Jan20195CE.NFO,07/01/2020,09:37:49,5.7,5.6,34400,5.7,34400,0,1474900
TATAMOTORS30Jan20195CE.NFO,07/01/2020,09:37:53,5.7,5.65,17200,5.7,4300,0,1474900
TATAMOTORS30Jan20195CE.NFO,07/01/2020,09:38:04,5.7,5.65,4300,5.7,8600,0,1474900
TATAMOTORS30Jan20195CE.NFO,07/01/2020,09:38:09,5.7,5.65,25800,5.7,4300,0,1474900
TATAMOTORS30Jan20195CE.NFO,07/01/2020,09:38:15,5.7,5.65,34400,5.75,47300,4300,1474900
TATAMOTORS30Jan20195CE.NFO,07/01/2020,09:38:20,5.7,5.65,34400,5.75,43000,0,1474900
TATAMOTORS30Jan20195CE.NFO,07/01/2020,09:38:38,5.7,5.7,12900,5.75,8600,0,1474900
TATAMOTORS30Jan20195CE.NFO,07/01/2020,09:38:43,5.7,5.65,47300,5.75,30100,0,1474900
TATAMOTORS30Jan20195CE.NFO,07/01/2020,09:38:48,5.7,5.65,43000,5.75,38700,0,1474900
TATAMOTORS30Jan20195CE.NFO,07/01/2020,09:38:58,5.7,5.65,30100,5.75,47300,0,1474900
TATAMOTORS30Jan20195CE.NFO,07/01/2020,09:39:03,5.75,5.65,43000,5.75,34400,4300,1466300
TATAMOTORS30Jan20195CE.NFO,07/01/2020,09:39:08,5.75,5.65,38700,5.75,38700,0,1466300
TATAMOTORS30Jan20195CE.NFO,07/01/2020,09:39:19,5.75,5.65,51600,5.75,34400,0,1466300
TATAMOTORS30Jan20195CE.NFO,07/01/2020,09:39:24,5.75,5.65,43000,5.75,38700,0,1466300
TATAMOTORS30Jan20195CE.NFO,07/01/2020,09:39:29,5.75,5.65,43000,5.75,34400,0,1466300
TATAMOTORS30Jan20195CE.NFO,07/01/2020,09:39:39,5.75,5.65,30100,5.75,38700,0,1466300
TATAMOTORS30Jan20195CE.NFO,07/01/2020,09:39:45,5.75,5.65,43000,5.75,43000,0,1466300
TATAMOTORS30Jan20195CE.NFO,07/01/2020,09:40:01,5.75,5.65,34400,5.75,47300,0,1466300
TATAMOTORS30Jan20195CE.NFO,07/01/2020,09:40:06,5.75,5.65,51600,5.75,43000,0,1466300
TATAMOTORS30Jan20195CE.NFO,07/01/2020,09:40:13,5.75,5.65,43000,5.75,51600,4300,1466300
TATAMOTORS30Jan20195CE.NFO,07/01/2020,09:40:19,5.75,5.65,30100,5.75,55900,0,1466300
TATAMOTORS30Jan20195CE.NFO,07/01/2020,09:40:25,5.65,5.6,43000,5.7,34400,4300,1466300
TATAMOTORS30Jan20195CE.NFO,07/01/2020,09:40:30,5.65,5.65,30100,5.75,55900,0,1466300
TATAMOTORS30Jan20195CE.NFO,07/01/2020,09:40:36,5.65,5.65,34400,5.75,55900,0,1466300
TATAMOTORS30Jan20195CE.NFO,07/01/2020,09:40:42,5.65,5.65,17200,5.7,4300,0,1466300
TATAMOTORS30Jan20195CE.NFO,07/01/2020,09:40:47,5.65,5.65,25800,5.75,60200,0,1466300
TATAMOTORS30Jan20195CE.NFO,07/01/2020,09:40:52,5.65,5.65,43000,5.75,51600,0,1466300
TATAMOTORS30Jan20195CE.NFO,07/01/2020,09:41:03,5.65,5.65,34400,5.75,51600,0,1466300
TATAMOTORS30Jan20195CE.NFO,07/01/2020,09:41:09,5.65,5.65,43000,5.75,51600,0,1466300
TATAMOTORS30Jan20195CE.NFO,07/01/2020,09:41:14,5.65,5.65,38700,5.75,51600,0,1466300
TATAMOTORS30Jan20195CE.NFO,07/01/2020,09:41:19,5.65,5.65,34400,5.75,47300,0,1466300
TATAMOTORS30Jan20195CE.NFO,07/01/2020,09:41:45,5.65,5.65,43000,5.75,47300,0,1466300
TATAMOTORS30Jan20195CE.NFO,07/01/2020,09:41:57,5.65,5.65,34400,5.75,51600,0,1466300
TATAMOTORS30Jan20195CE.NFO,07/01/2020,09:42:18,5.65,5.65,38700,5.75,51600,0,1466300
TATAMOTORS30Jan20195CE.NFO,07/01/2020,09:42:39,5.65,5.65,34400,5.75,38700,0,1466300
TATAMOTORS30Jan20195CE.NFO,07/01/2020,09:42:46,5.65,5.65,4300,5.7,21500,0,1466300
TATAMOTORS30Jan20195CE.NFO,07/01/2020,09:42:53,5.65,5.6,38700,5.7,30100,0,1466300
TATAMOTORS30Jan20195CE.NFO,07/01/2020,09:42:59,5.65,5.65,8600,5.7,30100,0,1466300
TATAMOTORS30Jan20195CE.NFO,07/01/2020,09:43:05,5.65,5.6,38700,5.7,34400,0,1466300
TATAMOTORS30Jan20195CE.NFO,07/01/2020,09:43:10,5.65,5.6,38700,5.7,12900,0,1466300
TATAMOTORS30Jan20195CE.NFO,07/01/2020,09:43:15,5.65,5.6,38700,5.7,17200,0,1466300
TATAMOTORS30Jan20195CE.NFO,07/01/2020,09:43:19,5.65,5.6,38700,5.7,25800,0,1466300
TATAMOTORS30Jan20195CE.NFO,07/01/2020,09:43:25,5.65,5.6,43000,5.7,25800,0,1466300
TATAMOTORS30Jan20195CE.NFO,07/01/2020,09:43:31,5.65,5.6,47300,5.7,30100,0,1466300
TATAMOTORS30Jan20195CE.NFO,07/01/2020,09:43:35,5.65,5.6,30100,5.7,38700,0,1466300
TATAMOTORS30Jan20195CE.NFO,07/01/2020,09:43:41,5.65,5.55,64500,5.65,12900,4300,1466300
TATAMOTORS30Jan20195CE.NFO,07/01/2020,09:43:46,5.65,5.6,30100,5.7,51600,0,1466300
TATAMOTORS30Jan20195CE.NFO,07/01/2020,09:43:51,5.65,5.6,30100,5.65,8600,0,1466300
TATAMOTORS30Jan20195CE.NFO,07/01/2020,09:43:56,5.65,5.6,25800,5.7,47300,0,1466300
TATAMOTORS30Jan20195CE.NFO,07/01/2020,09:44:08,5.65,5.6,34400,5.7,47300,0,1466300
TATAMOTORS30Jan20195CE.NFO,07/01/2020,09:44:14,5.65,5.6,30100,5.7,47300,0,1466300
TATAMOTORS30Jan20195CE.NFO,07/01/2020,09:44:20,5.65,5.6,38700,5.7,47300,0,1466300
TATAMOTORS30Jan20195CE.NFO,07/01/2020,09:44:25,5.65,5.6,34400,5.7,47300,0,1466300
TATAMOTORS30Jan20195CE.NFO,07/01/2020,09:44:49,5.65,5.6,17200,5.65,17200,0,1466300
TATAMOTORS30Jan20195CE.NFO,07/01/2020,09:44:54,5.65,5.6,17200,5.65,12900,0,1466300
TATAMOTORS30Jan20195CE.NFO,07/01/2020,09:45:00,5.65,5.6,4300,5.65,30100,0,1466300
TATAMOTORS30Jan20195CE.NFO,07/01/2020,09:45:05,5.65,5.6,34400,5.65,4300,0,1466300
TATAMOTORS30Jan20195CE.NFO,07/01/2020,09:45:13,5.65,5.65,25800,5.75,51600,0,1466300
TATAMOTORS30Jan20195CE.NFO,07/01/2020,09:45:20,5.7,5.65,25800,5.75,43000,4300,1470600
TATAMOTORS30Jan20195CE.NFO,07/01/2020,09:45:26,5.7,5.6,47300,5.7,25800,0,1470600
TATAMOTORS30Jan20195CE.NFO,07/01/2020,09:45:32,5.7,5.6,38700,5.7,25800,0,1470600
TATAMOTORS30Jan20195CE.NFO,07/01/2020,09:45:37,5.7,5.6,34400,5.7,34400,0,1470600
TATAMOTORS30Jan20195CE.NFO,07/01/2020,09:45:43,5.7,5.6,34400,5.7,38700,0,1470600
TATAMOTORS30Jan20195CE.NFO,07/01/2020,09:45:49,5.7,5.65,25800,5.75,51600,0,1470600
TATAMOTORS30Jan20195CE.NFO,07/01/2020,09:45:54,5.7,5.65,25800,5.7,8600,0,1470600
TATAMOTORS30Jan20195CE.NFO,07/01/2020,09:46:00,5.7,5.65,30100,5.7,8600,0,1470600
TATAMOTORS30Jan20195CE.NFO,07/01/2020,09:46:05,5.7,5.65,25800,5.7,4300,0,1470600
TATAMOTORS30Jan20195CE.NFO,07/01/2020,09:46:21,5.7,5.65,43000,5.75,17200,4300,1470600
TATAMOTORS30Jan20195CE.NFO,07/01/2020,09:46:26,5.7,5.65,38700,5.7,4300,0,1470600
TATAMOTORS30Jan20195CE.NFO,07/01/2020,09:46:32,5.7,5.65,43000,5.7,4300,0,1470600
TATAMOTORS30Jan20195CE.NFO,07/01/2020,09:46:38,5.7,5.65,43000,5.7,4300,4300,1470600
TATAMOTORS30Jan20195CE.NFO,07/01/2020,09:46:44,5.7,5.65,43000,5.7,4300,0,1470600
TATAMOTORS30Jan20195CE.NFO,07/01/2020,09:47:00,5.7,5.65,60200,5.75,30100,4300,1470600
TATAMOTORS30Jan20195CE.NFO,07/01/2020,09:47:05,5.7,5.65,51600,5.75,38700,0,1470600
TATAMOTORS30Jan20195CE.NFO,07/01/2020,09:47:19,5.7,5.65,55900,5.75,38700,0,1470600
TATAMOTORS30Jan20195CE.NFO,07/01/2020,09:47:24,5.7,5.65,60200,5.75,38700,0,1470600
TATAMOTORS30Jan20195CE.NFO,07/01/2020,09:47:29,5.7,5.65,60200,5.75,30100,0,1470600
TATAMOTORS30Jan20195CE.NFO,07/01/2020,09:47:34,5.7,5.7,17200,5.75,21500,0,1470600
TATAMOTORS30Jan20195CE.NFO,07/01/2020,09:47:37,5.7,5.7,17200,5.75,8600,0,1470600
TATAMOTORS30Jan20195CE.NFO,07/01/2020,09:47:42,5.75,5.7,38700,5.8,12900,8600,1466300
TATAMOTORS30Jan20195CE.NFO,07/01/2020,09:47:46,5.75,5.75,8600,5.8,8600,0,1466300
TATAMOTORS30Jan20195CE.NFO,07/01/2020,09:47:51,5.75,5.75,34400,5.8,8600,0,1466300
TATAMOTORS30Jan20195CE.NFO,07/01/2020,09:47:55,5.8,5.75,21500,5.8,8600,4300,1466300
TATAMOTORS30Jan20195CE.NFO,07/01/2020,09:48:01,5.8,5.75,8600,5.8,4300,0,1466300
TATAMOTORS30Jan20195CE.NFO,07/01/2020,09:48:06,5.8,5.75,12900,5.8,4300,0,1466300
TATAMOTORS30Jan20195CE.NFO,07/01/2020,09:48:10,5.8,5.7,51600,5.8,4300,0,1466300
TATAMOTORS30Jan20195CE.NFO,07/01/2020,09:48:14,5.8,5.75,34400,5.8,4300,0,1466300
TATAMOTORS30Jan20195CE.NFO,07/01/2020,09:48:19,5.8,5.75,38700,5.8,4300,0,1466300
TATAMOTORS30Jan20195CE.NFO,07/01/2020,09:48:25,5.8,5.8,21500,5.85,4300,4300,1466300
TATAMOTORS30Jan20195CE.NFO,07/01/2020,09:48:30,5.8,5.8,21500,5.85,4300,0,1466300
TATAMOTORS30Jan20195CE.NFO,07/01/2020,09:48:36,5.8,5.75,30100,5.85,43000,0,1466300
TATAMOTORS30Jan20195CE.NFO,07/01/2020,09:48:48,5.8,5.85,12900,5.9,8600,0,1466300
TATAMOTORS30Jan20195CE.NFO,07/01/2020,09:48:54,5.85,5.85,8600,5.9,12900,4300,1466300
TATAMOTORS30Jan20195CE.NFO,07/01/2020,09:49:01,5.85,5.8,38700,5.9,43000,0,1466300
TATAMOTORS30Jan20195CE.NFO,07/01/2020,09:49:07,5.8,5.8,12900,5.9,38700,4300,1466300
TATAMOTORS30Jan20195CE.NFO,07/01/2020,09:49:13,5.8,5.8,12900,5.9,38700,0,1466300
TATAMOTORS30Jan20195CE.NFO,07/01/2020,09:49:18,5.75,5.65,25800,5.8,38700,30100,1466300
TATAMOTORS30Jan20195CE.NFO,07/01/2020,09:49:23,5.75,5.65,12900,5.75,30100,0,1466300
TATAMOTORS30Jan20195CE.NFO,07/01/2020,09:49:30,5.65,5.55,34400,5.65,38700,4300,1466300
TATAMOTORS30Jan20195CE.NFO,07/01/2020,09:49:41,5.65,5.55,43000,5.65,25800,0,1466300
TATAMOTORS30Jan20195CE.NFO,07/01/2020,09:49:51,5.65,5.6,4300,5.65,25800,0,1466300
TATAMOTORS30Jan20195CE.NFO,07/01/2020,09:49:56,5.6,5.55,34400,5.65,47300,4300,1466300
TATAMOTORS30Jan20195CE.NFO,07/01/2020,09:50:01,5.6,5.55,34400,5.65,47300,0,1466300
TATAMOTORS30Jan20195CE.NFO,07/01/2020,09:50:11,5.6,5.55,30100,5.65,43000,0,1466300
TATAMOTORS30Jan20195CE.NFO,07/01/2020,09:50:16,5.55,5.55,21500,5.65,51600,4300,1466300
TATAMOTORS30Jan20195CE.NFO,07/01/2020,09:50:21,5.55,5.55,12900,5.6,8600,0,1466300
TATAMOTORS30Jan20195CE.NFO,07/01/2020,09:50:44,5.55,5.5,47300,5.6,21500,0,1466300
TATAMOTORS30Jan20195CE.NFO,07/01/2020,09:50:48,5.55,5.5,25800,5.6,51600,0,1466300
TATAMOTORS30Jan20195CE.NFO,07/01/2020,09:51:09,5.55,5.5,30100,5.6,51600,0,1466300
TATAMOTORS30Jan20195CE.NFO,07/01/2020,09:51:14,5.5,5.5,17200,5.55,4300,4300,1453400
TATAMOTORS30Jan20195CE.NFO,07/01/2020,09:51:18,5.5,5.5,12900,5.55,4300,0,1453400
TATAMOTORS30Jan20195CE.NFO,07/01/2020,09:51:22,5.5,5.5,17200,5.55,4300,0,1453400
TATAMOTORS30Jan20195CE.NFO,07/01/2020,09:51:26,5.5,5.5,21500,5.55,4300,0,1453400
TATAMOTORS30Jan20195CE.NFO,07/01/2020,09:51:31,5.5,5.5,17200,5.55,4300,0,1453400
TATAMOTORS30Jan20195CE.NFO,07/01/2020,09:51:35,5.5,5.5,21500,5.55,4300,0,1453400
TATAMOTORS30Jan20195CE.NFO,07/01/2020,09:51:39,5.5,5.5,17200,5.6,55900,0,1453400
TATAMOTORS30Jan20195CE.NFO,07/01/2020,09:51:44,5.5,5.5,30100,5.6,51600,0,1453400
TATAMOTORS30Jan20195CE.NFO,07/01/2020,09:51:49,5.5,5.5,17200,5.55,4300,0,1453400
TATAMOTORS30Jan20195CE.NFO,07/01/2020,09:51:54,5.5,5.5,8600,5.55,25800,0,1453400
TATAMOTORS30Jan20195CE.NFO,07/01/2020,09:51:59,5.5,5.5,8600,5.55,21500,0,1453400
TATAMOTORS30Jan20195CE.NFO,07/01/2020,09:52:03,5.5,5.45,25800,5.55,47300,8600,1453400
TATAMOTORS30Jan20195CE.NFO,07/01/2020,09:52:09,5.5,5.45,38700,5.55,47300,0,1453400
TATAMOTORS30Jan20195CE.NFO,07/01/2020,09:52:14,5.5,5.45,34400,5.55,43000,0,1453400
TATAMOTORS30Jan20195CE.NFO,07/01/2020,09:52:19,5.5,5.45,38700,5.55,43000,0,1453400
TATAMOTORS30Jan20195CE.NFO,07/01/2020,09:52:30,5.5,5.45,30100,5.55,55900,0,1453400
TATAMOTORS30Jan20195CE.NFO,07/01/2020,09:52:35,5.5,5.45,30100,5.55,47300,0,1453400
TATAMOTORS30Jan20195CE.NFO,07/01/2020,09:52:48,5.5,5.45,47300,5.55,38700,0,1453400
TATAMOTORS30Jan20195CE.NFO,07/01/2020,09:52:53,5.5,5.45,55900,5.55,38700,0,1453400
TATAMOTORS30Jan20195CE.NFO,07/01/2020,09:52:57,5.5,5.45,60200,5.55,38700,0,1453400
TATAMOTORS30Jan20195CE.NFO,07/01/2020,09:53:02,5.5,5.45,60200,5.55,43000,0,1453400
TATAMOTORS30Jan20195CE.NFO,07/01/2020,09:53:09,5.5,5.45,60200,5.55,38700,0,1453400
TATAMOTORS30Jan20195CE.NFO,07/01/2020,09:53:20,5.5,5.45,47300,5.55,43000,0,1453400
TATAMOTORS30Jan20195CE.NFO,07/01/2020,09:53:30,5.5,5.45,38700,5.55,43000,0,1453400
TATAMOTORS30Jan20195CE.NFO,07/01/2020,09:53:35,5.5,5.45,38700,5.55,51600,0,1453400
TATAMOTORS30Jan20195CE.NFO,07/01/2020,09:53:50,5.5,5.45,34400,5.55,51600,0,1453400
TATAMOTORS30Jan20195CE.NFO,07/01/2020,09:53:55,5.5,5.45,34400,5.5,8600,0,1453400
TATAMOTORS30Jan20195CE.NFO,07/01/2020,09:54:05,5.5,5.45,34400,5.5,21500,0,1453400
TATAMOTORS30Jan20195CE.NFO,07/01/2020,09:54:11,5.5,5.45,12900,5.5,38700,0,1453400
TATAMOTORS30Jan20195CE.NFO,07/01/2020,09:54:21,5.4,5.35,34400,5.45,43000,21500,1466300
TATAMOTORS30Jan20195CE.NFO,07/01/2020,09:54:21,5.4,5.35,34400,5.45,43000,0,1466300
TATAMOTORS30Jan20195CE.NFO,07/01/2020,09:54:27,5.4,5.35,30100,5.45,47300,0,1466300
TATAMOTORS30Jan20195CE.NFO,07/01/2020,09:54:32,5.4,5.35,34400,5.45,38700,0,1466300
TATAMOTORS30Jan20195CE.NFO,07/01/2020,09:54:41,5.4,5.4,34400,5.45,17200,0,1466300
TATAMOTORS30Jan20195CE.NFO,07/01/2020,09:54:46,5.45,5.4,4300,5.45,12900,8600,1466300
TATAMOTORS30Jan20195CE.NFO,07/01/2020,09:54:56,5.45,5.4,34400,5.5,43000,0,1466300
TATAMOTORS30Jan20195CE.NFO,07/01/2020,09:55:08,5.45,5.4,30100,5.5,38700,0,1466300
TATAMOTORS30Jan20195CE.NFO,07/01/2020,09:55:13,5.45,5.4,30100,5.5,43000,0,1466300
TATAMOTORS30Jan20195CE.NFO,07/01/2020,09:55:19,5.45,5.4,30100,5.5,38700,0,1466300
TATAMOTORS30Jan20195CE.NFO,07/01/2020,09:55:30,5.45,5.4,43000,5.45,8600,4300,1466300
TATAMOTORS30Jan20195CE.NFO,07/01/2020,09:55:36,5.45,5.4,43000,5.45,8600,0,1466300
TATAMOTORS30Jan20195CE.NFO,07/01/2020,09:55:40,5.45,5.45,4300,5.5,12900,8600,1466300
TATAMOTORS30Jan20195CE.NFO,07/01/2020,09:55:45,5.45,5.45,25800,5.55,38700,0,1466300
TATAMOTORS30Jan20195CE.NFO,07/01/2020,09:56:15,5.45,5.45,30100,5.55,38700,0,1466300
TATAMOTORS30Jan20195CE.NFO,07/01/2020,09:56:21,5.45,5.45,25800,5.55,34400,0,1466300
TATAMOTORS30Jan20195CE.NFO,07/01/2020,09:56:34,5.45,5.5,4300,5.55,30100,0,1466300
TATAMOTORS30Jan20195CE.NFO,07/01/2020,09:56:39,5.45,5.5,4300,5.55,21500,0,1466300
TATAMOTORS30Jan20195CE.NFO,07/01/2020,09:56:57,5.45,5.5,4300,5.55,8600,0,1466300
TATAMOTORS30Jan20195CE.NFO,07/01/2020,09:57:01,5.45,5.5,4300,5.55,4300,0,1466300
TATAMOTORS30Jan20195CE.NFO,07/01/2020,09:57:10,5.45,5.5,17200,5.55,4300,0,1466300
TATAMOTORS30Jan20195CE.NFO,07/01/2020,09:58:25,5.5,5.45,34400,5.55,38700,4300,1457700
TATAMOTORS30Jan20195CE.NFO,07/01/2020,09:58:34,5.5,5.45,38700,5.55,34400,0,1457700
TATAMOTORS30Jan20195CE.NFO,07/01/2020,09:58:43,5.5,5.45,34400,5.55,34400,0,1457700
TATAMOTORS30Jan20195CE.NFO,07/01/2020,09:58:49,5.5,5.45,30100,5.55,43000,0,1457700
TATAMOTORS30Jan20195CE.NFO,07/01/2020,09:59:07,5.4,5.4,17200,5.5,47300,4300,1457700
TATAMOTORS30Jan20195CE.NFO,07/01/2020,09:59:12,5.4,5.35,34400,5.45,34400,0,1457700
TATAMOTORS30Jan20195CE.NFO,07/01/2020,09:59:18,5.4,5.35,38700,5.45,38700,0,1457700
TATAMOTORS30Jan20195CE.NFO,07/01/2020,09:59:24,5.45,5.35,38700,5.45,34400,8600,1462000
TATAMOTORS30Jan20195CE.NFO,07/01/2020,09:59:30,5.45,5.35,30100,5.45,34400,0,1462000
TATAMOTORS30Jan20195CE.NFO,07/01/2020,09:59:35,5.45,5.35,30100,5.45,30100,0,1462000
TATAMOTORS30Jan20195CE.NFO,07/01/2020,09:59:39,5.45,5.35,43000,5.45,30100,0,1462000
TATAMOTORS30Jan20195CE.NFO,07/01/2020,10:00:06,5.45,5.35,38700,5.45,30100,0,1462000
TATAMOTORS30Jan20195CE.NFO,07/01/2020,10:00:36,5.45,5.35,34400,5.45,30100,0,1462000
TATAMOTORS30Jan20195CE.NFO,07/01/2020,10:00:48,5.45,5.35,25800,5.45,43000,0,1462000
TATAMOTORS30Jan20195CE.NFO,07/01/2020,10:01:07,5.45,5.35,30100,5.45,30100,0,1462000
TATAMOTORS30Jan20195CE.NFO,07/01/2020,10:01:20,5.45,5.35,25800,5.45,30100,0,1462000
TATAMOTORS30Jan20195CE.NFO,07/01/2020,10:01:27,5.35,5.35,12900,5.4,21500,4300,1462000
TATAMOTORS30Jan20195CE.NFO,07/01/2020,10:01:27,5.35,5.35,12900,5.4,21500,0,1462000
TATAMOTORS30Jan20195CE.NFO,07/01/2020,10:01:32,5.35,5.3,43000,5.4,34400,0,1462000
TATAMOTORS30Jan20195CE.NFO,07/01/2020,10:01:37,5.35,5.3,38700,5.4,34400,0,1462000
TATAMOTORS30Jan20195CE.NFO,07/01/2020,10:01:43,5.35,5.3,34400,5.4,34400,0,1462000
TATAMOTORS30Jan20195CE.NFO,07/01/2020,10:02:01,5.35,5.3,17200,5.35,17200,0,1462000
TATAMOTORS30Jan20195CE.NFO,07/01/2020,10:02:06,5.35,5.2,43000,5.3,30100,0,1462000
TATAMOTORS30Jan20195CE.NFO,07/01/2020,10:02:12,5.35,5.25,34400,5.35,43000,0,1462000
TATAMOTORS30Jan20195CE.NFO,07/01/2020,10:02:22,5.35,5.25,38700,5.35,43000,0,1462000
TATAMOTORS30Jan20195CE.NFO,07/01/2020,10:02:27,5.3,5.25,21500,5.3,8600,4300,1470600
TATAMOTORS30Jan20195CE.NFO,07/01/2020,10:02:27,5.3,5.25,21500,5.3,8600,0,1470600
TATAMOTORS30Jan20195CE.NFO,07/01/2020,10:02:32,5.3,5.2,47300,5.3,43000,0,1470600
TATAMOTORS30Jan20195CE.NFO,07/01/2020,10:02:52,5.3,5.25,38700,5.35,38700,8600,1470600
TATAMOTORS30Jan20195CE.NFO,07/01/2020,10:02:57,5.3,5.25,34400,5.35,38700,0,1470600
TATAMOTORS30Jan20195CE.NFO,07/01/2020,10:03:03,5.3,5.3,4300,5.35,8600,0,1470600
TATAMOTORS30Jan20195CE.NFO,07/01/2020,10:03:09,5.3,5.3,17200,5.4,38700,0,1470600
TATAMOTORS30Jan20195CE.NFO,07/01/2020,10:03:15,5.3,5.25,43000,5.35,34400,4300,1470600
TATAMOTORS30Jan20195CE.NFO,07/01/2020,10:03:20,5.3,5.25,43000,5.35,34400,0,1470600
TATAMOTORS30Jan20195CE.NFO,07/01/2020,10:03:26,5.3,5.25,47300,5.35,34400,0,1470600
TATAMOTORS30Jan20195CE.NFO,07/01/2020,10:03:32,5.3,5.3,12900,5.35,4300,0,1470600
TATAMOTORS30Jan20195CE.NFO,07/01/2020,10:03:36,5.3,5.25,38700,5.35,21500,0,1470600
TATAMOTORS30Jan20195CE.NFO,07/01/2020,10:03:41,5.3,5.3,30100,5.4,47300,0,1470600
TATAMOTORS30Jan20195CE.NFO,07/01/2020,10:03:47,5.3,5.3,4300,5.35,25800,0,1470600
TATAMOTORS30Jan20195CE.NFO,07/01/2020,10:03:59,5.3,5.3,4300,5.35,4300,0,1470600
TATAMOTORS30Jan20195CE.NFO,07/01/2020,10:04:04,5.3,5.3,4300,5.35,17200,0,1470600
TATAMOTORS30Jan20195CE.NFO,07/01/2020,10:04:09,5.3,5.25,30100,5.35,25800,4300,1470600
TATAMOTORS30Jan20195CE.NFO,07/01/2020,10:04:20,5.3,5.25,21500,5.35,34400,0,1470600
TATAMOTORS30Jan20195CE.NFO,07/01/2020,10:04:30,5.3,5.25,21500,5.3,4300,0,1470600
TATAMOTORS30Jan20195CE.NFO,07/01/2020,10:04:35,5.3,5.25,25800,5.3,4300,0,1470600
TATAMOTORS30Jan20195CE.NFO,07/01/2020,10:04:40,5.3,5.25,38700,5.35,4300,0,1470600
TATAMOTORS30Jan20195CE.NFO,07/01/2020,10:04:46,5.3,5.3,21500,5.4,47300,0,1470600
TATAMOTORS30Jan20195CE.NFO,07/01/2020,10:04:51,5.3,5.25,34400,5.35,38700,0,1470600
TATAMOTORS30Jan20195CE.NFO,07/01/2020,10:04:56,5.3,5.25,30100,5.35,38700,0,1470600
TATAMOTORS30Jan20195CE.NFO,07/01/2020,10:05:01,5.3,5.2,4300,5.25,4300,0,1470600
TATAMOTORS30Jan20195CE.NFO,07/01/2020,10:05:07,5.3,5.15,34400,5.25,25800,0,1470600
TATAMOTORS30Jan20195CE.NFO,07/01/2020,10:05:12,5.3,5.15,34400,5.25,30100,0,1470600
TATAMOTORS30Jan20195CE.NFO,07/01/2020,10:05:21,5.3,5.15,30100,5.25,30100,0,1470600
TATAMOTORS30Jan20195CE.NFO,07/01/2020,10:05:31,5.3,5.15,30100,5.25,34400,0,1470600
TATAMOTORS30Jan20195CE.NFO,07/01/2020,10:05:51,5.3,5.2,21500,5.25,4300,0,1470600
TATAMOTORS30Jan20195CE.NFO,07/01/2020,10:05:56,5.2,5.15,34400,5.25,34400,4300,1470600
TATAMOTORS30Jan20195CE.NFO,07/01/2020,10:05:56,5.2,5.15,34400,5.25,34400,0,1470600
TATAMOTORS30Jan20195CE.NFO,07/01/2020,10:06:02,5.2,5.2,12900,5.25,4300,0,1470600
TATAMOTORS30Jan20195CE.NFO,07/01/2020,10:06:14,5.2,5.2,30100,5.3,38700,0,1470600
TATAMOTORS30Jan20195CE.NFO,07/01/2020,10:06:20,5.2,5.25,21500,5.3,4300,0,1470600
TATAMOTORS30Jan20195CE.NFO,07/01/2020,10:06:31,5.2,5.25,38700,5.35,17200,0,1470600
TATAMOTORS30Jan20195CE.NFO,07/01/2020,10:06:37,5.2,5.3,12900,5.35,8600,0,1470600
TATAMOTORS30Jan20195CE.NFO,07/01/2020,10:06:41,5.2,5.25,38700,5.35,25800,0,1470600
TATAMOTORS30Jan20195CE.NFO,07/01/2020,10:06:52,5.2,5.25,25800,5.35,34400,0,1470600
TATAMOTORS30Jan20195CE.NFO,07/01/2020,10:06:57,5.2,5.25,25800,5.35,38700,0,1470600
TATAMOTORS30Jan20195CE.NFO,07/01/2020,10:07:01,5.2,5.25,25800,5.35,34400,0,1470600
TATAMOTORS30Jan20195CE.NFO,07/01/2020,10:07:07,5.2,5.2,34400,5.3,38700,0,1470600
TATAMOTORS30Jan20195CE.NFO,07/01/2020,10:07:18,5.2,5.2,25800,5.3,38700,0,1470600
TATAMOTORS30Jan20195CE.NFO,07/01/2020,10:07:23,5.2,5.2,12900,5.25,8600,0,1470600
TATAMOTORS30Jan20195CE.NFO,07/01/2020,10:07:36,5.2,5.15,30100,5.25,34400,0,1470600
TATAMOTORS30Jan20195CE.NFO,07/01/2020,10:07:42,5.2,5.15,25800,5.2,4300,0,1470600
TATAMOTORS30Jan20195CE.NFO,07/01/2020,10:07:48,5.2,5.15,34400,5.25,34400,4300,1470600
TATAMOTORS30Jan20195CE.NFO,07/01/2020,10:07:54,5.2,5.15,30100,5.25,38700,0,1470600
TATAMOTORS30Jan20195CE.NFO,07/01/2020,10:08:00,5.2,5.15,21500,5.25,43000,0,1470600
TATAMOTORS30Jan20195CE.NFO,07/01/2020,10:08:09,5.2,5.15,21500,5.25,47300,0,1470600
TATAMOTORS30Jan20195CE.NFO,07/01/2020,10:08:14,5.2,5.15,8600,5.2,4300,0,1470600
TATAMOTORS30Jan20195CE.NFO,07/01/2020,10:08:20,5.2,5.1,30100,5.2,21500,0,1470600
TATAMOTORS30Jan20195CE.NFO,07/01/2020,10:08:25,5.2,5.15,30100,5.25,38700,0,1470600
TATAMOTORS30Jan20195CE.NFO,07/01/2020,10:08:32,5.2,5.15,21500,5.25,38700,0,1470600
TATAMOTORS30Jan20195CE.NFO,07/01/2020,10:08:39,5.2,5.15,25800,5.25,25800,0,1470600
TATAMOTORS30Jan20195CE.NFO,07/01/2020,10:08:45,5.15,5.15,25800,5.25,30100,4300,1470600
TATAMOTORS30Jan20195CE.NFO,07/01/2020,10:08:45,5.15,5.15,25800,5.25,30100,0,1470600
TATAMOTORS30Jan20195CE.NFO,07/01/2020,10:08:51,5.15,5.2,30100,5.3,21500,0,1470600
TATAMOTORS30Jan20195CE.NFO,07/01/2020,10:08:57,5.15,5.2,38700,5.3,4300,0,1470600
TATAMOTORS30Jan20195CE.NFO,07/01/2020,10:09:07,5.15,5.2,21500,5.3,30100,0,1470600
TATAMOTORS30Jan20195CE.NFO,07/01/2020,10:09:12,5.15,5.2,21500,5.3,25800,0,1470600
TATAMOTORS30Jan20195CE.NFO,07/01/2020,10:09:18,5.15,5.15,30100,5.25,25800,0,1470600
TATAMOTORS30Jan20195CE.NFO,07/01/2020,10:09:23,5.15,5.15,30100,5.25,30100,0,1470600
TATAMOTORS30Jan20195CE.NFO,07/01/2020,10:09:28,5.15,5.1,25800,5.2,30100,0,1470600
TATAMOTORS30Jan20195CE.NFO,07/01/2020,10:09:34,5.15,5.15,25800,5.25,38700,0,1470600
TATAMOTORS30Jan20195CE.NFO,07/01/2020,10:09:39,5.15,5.1,34400,5.2,34400,0,1470600
TATAMOTORS30Jan20195CE.NFO,07/01/2020,10:09:49,5.15,5.1,43000,5.2,8600,0,1470600
TATAMOTORS30Jan20195CE.NFO,07/01/2020,10:09:53,5.15,5.15,17200,5.2,4300,0,1470600
TATAMOTORS30Jan20195CE.NFO,07/01/2020,10:09:59,5.15,5.15,25800,5.25,34400,0,1470600
TATAMOTORS30Jan20195CE.NFO,07/01/2020,10:10:07,5.15,5.15,25800,5.25,30100,0,1470600
TATAMOTORS30Jan20195CE.NFO,07/01/2020,10:10:13,5.15,5.15,25800,5.25,34400,0,1470600
TATAMOTORS30Jan20195CE.NFO,07/01/2020,10:10:19,5.15,5.1,38700,5.2,12900,0,1470600
TATAMOTORS30Jan20195CE.NFO,07/01/2020,10:10:24,5.15,5.1,43000,5.2,17200,0,1470600
TATAMOTORS30Jan20195CE.NFO,07/01/2020,10:10:29,5.15,5.1,34400,5.2,12900,0,1470600
TATAMOTORS30Jan20195CE.NFO,07/01/2020,10:10:34,5.15,5.15,12900,5.2,8600,0,1470600
TATAMOTORS30Jan20195CE.NFO,07/01/2020,10:10:38,5.15,5.1,25800,5.2,34400,0,1470600
TATAMOTORS30Jan20195CE.NFO,07/01/2020,10:10:44,5.15,5.1,30100,5.2,34400,0,1470600
TATAMOTORS30Jan20195CE.NFO,07/01/2020,10:10:49,5.15,5.1,25800,5.2,34400,0,1470600
TATAMOTORS30Jan20195CE.NFO,07/01/2020,10:10:54,5.15,5.15,4300,5.2,30100,0,1470600
TATAMOTORS30Jan20195CE.NFO,07/01/2020,10:11:34,5.15,5.1,30100,5.2,34400,4300,1470600
TATAMOTORS30Jan20195CE.NFO,07/01/2020,10:11:40,5.15,5.1,30100,5.2,34400,0,1470600
TATAMOTORS30Jan20195CE.NFO,07/01/2020,10:11:46,5.15,5.1,25800,5.2,34400,0,1470600
TATAMOTORS30Jan20195CE.NFO,07/01/2020,10:12:04,5.15,5.15,25800,5.25,34400,0,1470600
TATAMOTORS30Jan20195CE.NFO,07/01/2020,10:12:10,5.15,5.15,12900,5.25,34400,0,1470600
TATAMOTORS30Jan20195CE.NFO,07/01/2020,10:12:15,5.15,5.15,17200,5.25,34400,0,1470600
TATAMOTORS30Jan20195CE.NFO,07/01/2020,10:12:20,5.15,5.15,17200,5.25,30100,0,1470600
TATAMOTORS30Jan20195CE.NFO,07/01/2020,10:12:26,5.15,5.15,17200,5.25,34400,0,1470600
TATAMOTORS30Jan20195CE.NFO,07/01/2020,10:12:31,5.15,5.2,4300,5.25,30100,0,1470600
TATAMOTORS30Jan20195CE.NFO,07/01/2020,10:12:37,5.2,5.15,12900,5.25,34400,4300,1470600
TATAMOTORS30Jan20195CE.NFO,07/01/2020,10:12:42,5.2,5.15,12900,5.25,30100,0,1470600
TATAMOTORS30Jan20195CE.NFO,07/01/2020,10:12:53,5.2,5.15,12900,5.25,38700,0,1470600
TATAMOTORS30Jan20195CE.NFO,07/01/2020,10:12:58,5.2,5.15,12900,5.25,25800,0,1470600
TATAMOTORS30Jan20195CE.NFO,07/01/2020,10:13:04,5.2,5.15,21500,5.25,30100,0,1470600
TATAMOTORS30Jan20195CE.NFO,07/01/2020,10:13:29,5.2,5.2,17200,5.3,38700,0,1470600
TATAMOTORS30Jan20195CE.NFO,07/01/2020,10:13:40,5.2,5.25,43000,5.35,4300,0,1470600
TATAMOTORS30Jan20195CE.NFO,07/01/2020,10:13:45,5.2,5.25,34400,5.35,17200,0,1470600
TATAMOTORS30Jan20195CE.NFO,07/01/2020,10:13:57,5.2,5.25,8600,5.35,30100,0,1470600
TATAMOTORS30Jan20195CE.NFO,07/01/2020,10:14:02,5.2,5.25,8600,5.35,25800,0,1470600
TATAMOTORS30Jan20195CE.NFO,07/01/2020,10:14:08,5.2,5.25,12900,5.35,25800,0,1470600
TATAMOTORS30Jan20195CE.NFO,07/01/2020,10:14:13,5.2,5.25,12900,5.35,30100,0,1470600
TATAMOTORS30Jan20195CE.NFO,07/01/2020,10:14:47,5.2,5.25,25800,5.35,30100,0,1470600
TATAMOTORS30Jan20195CE.NFO,07/01/2020,10:14:53,5.2,5.25,30100,5.35,30100,0,1470600
TATAMOTORS30Jan20195CE.NFO,07/01/2020,10:14:58,5.2,5.3,21500,5.4,34400,0,1470600
TATAMOTORS30Jan20195CE.NFO,07/01/2020,10:15:05,5.2,5.3,12900,5.4,34400,0,1470600
TATAMOTORS30Jan20195CE.NFO,07/01/2020,10:15:21,5.2,5.3,25800,5.4,34400,0,1470600
TATAMOTORS30Jan20195CE.NFO,07/01/2020,10:15:30,5.2,5.25,12900,5.35,25800,0,1470600
TATAMOTORS30Jan20195CE.NFO,07/01/2020,10:15:36,5.2,5.3,4300,5.35,17200,0,1470600
TATAMOTORS30Jan20195CE.NFO,07/01/2020,10:15:42,5.2,5.25,38700,5.35,30100,0,1470600
TATAMOTORS30Jan20195CE.NFO,07/01/2020,10:15:47,5.2,5.25,30100,5.35,30100,0,1470600
TATAMOTORS30Jan20195CE.NFO,07/01/2020,10:15:53,5.2,5.2,47300,5.3,25800,0,1470600
TATAMOTORS30Jan20195CE.NFO,07/01/2020,10:15:59,5.2,5.2,47300,5.3,21500,0,1470600
TATAMOTORS30Jan20195CE.NFO,07/01/2020,10:16:04,5.2,5.25,4300,5.3,25800,0,1470600
TATAMOTORS30Jan20195CE.NFO,07/01/2020,10:16:21,5.2,5.2,47300,5.3,25800,0,1470600
TATAMOTORS30Jan20195CE.NFO,07/01/2020,10:16:25,5.2,5.25,38700,5.35,25800,0,1470600
TATAMOTORS30Jan20195CE.NFO,07/01/2020,10:16:31,5.2,5.25,38700,5.35,30100,0,1470600
TATAMOTORS30Jan20195CE.NFO,07/01/2020,10:16:41,5.2,5.25,30100,5.35,30100,0,1470600
TATAMOTORS30Jan20195CE.NFO,07/01/2020,10:16:46,5.2,5.25,34400,5.35,30100,0,1470600
TATAMOTORS30Jan20195CE.NFO,07/01/2020,10:16:51,5.2,5.25,34400,5.35,25800,0,1470600
TATAMOTORS30Jan20195CE.NFO,07/01/2020,10:16:56,5.2,5.3,4300,5.35,17200,0,1470600
TATAMOTORS30Jan20195CE.NFO,07/01/2020,10:17:01,5.2,5.3,25800,5.4,21500,0,1470600
TATAMOTORS30Jan20195CE.NFO,07/01/2020,10:17:07,5.2,5.3,34400,5.4,30100,0,1470600
TATAMOTORS30Jan20195CE.NFO,07/01/2020,10:17:13,5.2,5.3,43000,5.4,30100,0,1470600
TATAMOTORS30Jan20195CE.NFO,07/01/2020,10:17:18,5.2,5.3,38700,5.4,30100,0,1470600
TATAMOTORS30Jan20195CE.NFO,07/01/2020,10:17:33,5.2,5.25,25800,5.35,30100,0,1470600
TATAMOTORS30Jan20195CE.NFO,07/01/2020,10:17:43,5.2,5.25,38700,5.35,30100,0,1470600
TATAMOTORS30Jan20195CE.NFO,07/01/2020,10:18:22,5.2,5.3,38700,5.4,34400,0,1470600
TATAMOTORS30Jan20195CE.NFO,07/01/2020,10:18:29,5.2,5.3,38700,5.4,30100,0,1470600
TATAMOTORS30Jan20195CE.NFO,07/01/2020,10:18:34,5.2,5.3,17200,5.4,34400,0,1470600
TATAMOTORS30Jan20195CE.NFO,07/01/2020,10:18:45,5.2,5.3,17200,5.4,30100,0,1470600
TATAMOTORS30Jan20195CE.NFO,07/01/2020,10:18:55,5.2,5.3,4300,5.35,17200,0,1470600
TATAMOTORS30Jan20195CE.NFO,07/01/2020,10:19:16,5.2,5.35,38700,5.45,34400,0,1470600
TATAMOTORS30Jan20195CE.NFO,07/01/2020,10:19:21,5.2,5.4,17200,5.5,34400,0,1470600
TATAMOTORS30Jan20195CE.NFO,07/01/2020,10:19:30,5.2,5.45,34400,5.55,38700,0,1470600
TATAMOTORS30Jan20195CE.NFO,07/01/2020,10:19:34,5.5,5.45,8600,5.55,21500,4300,1470600
TATAMOTORS30Jan20195CE.NFO,07/01/2020,10:19:38,5.5,5.45,21500,5.55,38700,0,1470600
TATAMOTORS30Jan20195CE.NFO,07/01/2020,10:19:43,5.5,5.4,21500,5.5,30100,0,1470600
TATAMOTORS30Jan20195CE.NFO,07/01/2020,10:19:48,5.55,5.5,17200,5.6,30100,4300,1470600
TATAMOTORS30Jan20195CE.NFO,07/01/2020,10:19:53,5.55,5.5,17200,5.6,38700,0,1470600
TATAMOTORS30Jan20195CE.NFO,07/01/2020,10:19:59,5.55,5.45,34400,5.55,34400,0,1470600
TATAMOTORS30Jan20195CE.NFO,07/01/2020,10:20:04,5.55,5.45,25800,5.55,34400,4300,1470600
TATAMOTORS30Jan20195CE.NFO,07/01/2020,10:20:09,5.55,5.45,47300,5.55,21500,0,1470600
TATAMOTORS30Jan20195CE.NFO,07/01/2020,10:20:13,5.55,5.45,34400,5.55,38700,0,1470600
TATAMOTORS30Jan20195CE.NFO,07/01/2020,10:20:18,5.55,5.45,21500,5.55,38700,0,1470600
TATAMOTORS30Jan20195CE.NFO,07/01/2020,10:20:23,5.5,5.45,4300,5.5,25800,4300,1470600
TATAMOTORS30Jan20195CE.NFO,07/01/2020,10:20:28,5.5,5.45,4300,5.5,25800,0,1470600
TATAMOTORS30Jan20195CE.NFO,07/01/2020,10:20:37,5.5,5.5,4300,5.55,34400,0,1470600
TATAMOTORS30Jan20195CE.NFO,07/01/2020,10:20:44,5.55,5.5,25800,5.6,34400,4300,1474900
TATAMOTORS30Jan20195CE.NFO,07/01/2020,10:20:49,5.55,5.5,25800,5.6,34400,0,1474900
TATAMOTORS30Jan20195CE.NFO,07/01/2020,10:20:53,5.55,5.55,34400,5.65,30100,0,1474900
TATAMOTORS30Jan20195CE.NFO,07/01/2020,10:20:57,5.55,5.6,12900,5.7,30100,0,1474900
TATAMOTORS30Jan20195CE.NFO,07/01/2020,10:21:02,5.55,5.6,30100,5.7,38700,0,1474900
TATAMOTORS30Jan20195CE.NFO,07/01/2020,10:21:07,5.55,5.6,12900,5.7,38700,0,1474900
TATAMOTORS30Jan20195CE.NFO,07/01/2020,10:21:11,5.55,5.55,38700,5.65,30100,0,1474900
TATAMOTORS30Jan20195CE.NFO,07/01/2020,10:21:16,5.55,5.55,43000,5.65,30100,0,1474900
TATAMOTORS30Jan20195CE.NFO,07/01/2020,10:21:21,5.55,5.6,34400,5.7,38700,0,1474900
TATAMOTORS30Jan20195CE.NFO,07/01/2020,10:21:26,5.55,5.6,25800,5.7,34400,0,1474900
TATAMOTORS30Jan20195CE.NFO,07/01/2020,10:21:31,5.55,5.65,4300,5.7,30100,0,1474900
TATAMOTORS30Jan20195CE.NFO,07/01/2020,10:21:36,5.55,5.65,4300,5.7,4300,0,1474900
TATAMOTORS30Jan20195CE.NFO,07/01/2020,10:21:41,5.55,5.65,4300,5.7,21500,0,1474900
TATAMOTORS30Jan20195CE.NFO,07/01/2020,10:21:49,5.65,5.6,38700,5.7,38700,4300,1474900
TATAMOTORS30Jan20195CE.NFO,07/01/2020,10:21:54,5.65,5.6,34400,5.7,38700,0,1474900
TATAMOTORS30Jan20195CE.NFO,07/01/2020,10:22:03,5.65,5.6,30100,5.7,38700,0,1474900
TATAMOTORS30Jan20195CE.NFO,07/01/2020,10:22:13,5.65,5.55,34400,5.65,17200,0,1474900
TATAMOTORS30Jan20195CE.NFO,07/01/2020,10:22:17,5.65,5.55,38700,5.65,17200,0,1474900
TATAMOTORS30Jan20195CE.NFO,07/01/2020,10:22:22,5.65,5.55,30100,5.65,34400,0,1474900
TATAMOTORS30Jan20195CE.NFO,07/01/2020,10:22:26,5.65,5.55,38700,5.65,38700,0,1474900
TATAMOTORS30Jan20195CE.NFO,07/01/2020,10:22:30,5.65,5.55,30100,5.65,43000,0,1474900
TATAMOTORS30Jan20195CE.NFO,07/01/2020,10:22:34,5.65,5.55,17200,5.65,47300,0,1474900
TATAMOTORS30Jan20195CE.NFO,07/01/2020,10:22:39,5.65,5.55,4300,5.6,25800,0,1474900
TATAMOTORS30Jan20195CE.NFO,07/01/2020,10:22:45,5.55,5.5,4300,5.55,12900,4300,1474900
TATAMOTORS30Jan20195CE.NFO,07/01/2020,10:22:52,5.5,5.45,25800,5.55,43000,4300,1474900
TATAMOTORS30Jan20195CE.NFO,07/01/2020,10:22:57,5.5,5.45,25800,5.55,43000,0,1474900
TATAMOTORS30Jan20195CE.NFO,07/01/2020,10:23:02,5.5,5.5,30100,5.6,38700,0,1474900
TATAMOTORS30Jan20195CE.NFO,07/01/2020,10:23:08,5.5,5.5,38700,5.6,38700,0,1474900
TATAMOTORS30Jan20195CE.NFO,07/01/2020,10:23:13,5.5,5.5,43000,5.6,38700,0,1474900
TATAMOTORS30Jan20195CE.NFO,07/01/2020,10:23:18,5.5,5.5,38700,5.6,34400,0,1474900
TATAMOTORS30Jan20195CE.NFO,07/01/2020,10:23:27,5.5,5.5,25800,5.6,38700,0,1474900
TATAMOTORS30Jan20195CE.NFO,07/01/2020,10:23:32,5.5,5.5,38700,5.6,30100,0,1474900
TATAMOTORS30Jan20195CE.NFO,07/01/2020,10:23:37,5.5,5.5,43000,5.6,34400,0,1474900
TATAMOTORS30Jan20195CE.NFO,07/01/2020,10:23:52,5.5,5.5,47300,5.6,34400,0,1474900
TATAMOTORS30Jan20195CE.NFO,07/01/2020,10:23:55,5.5,5.5,43000,5.6,34400,0,1474900
TATAMOTORS30Jan20195CE.NFO,07/01/2020,10:23:59,5.5,5.5,34400,5.6,34400,0,1474900
TATAMOTORS30Jan20195CE.NFO,07/01/2020,10:24:07,5.5,5.5,38700,5.6,34400,0,1474900
TATAMOTORS30Jan20195CE.NFO,07/01/2020,10:24:16,5.5,5.5,34400,5.6,34400,0,1474900
TATAMOTORS30Jan20195CE.NFO,07/01/2020,10:24:21,5.5,5.5,4300,5.6,43000,0,1474900
TATAMOTORS30Jan20195CE.NFO,07/01/2020,10:24:25,5.5,5.5,17200,5.55,12900,0,1474900
TATAMOTORS30Jan20195CE.NFO,07/01/2020,10:24:29,5.5,5.5,4300,5.55,12900,0,1474900
TATAMOTORS30Jan20195CE.NFO,07/01/2020,10:24:35,5.5,5.45,21500,5.55,34400,0,1474900
TATAMOTORS30Jan20195CE.NFO,07/01/2020,10:24:39,5.5,5.45,17200,5.55,34400,0,1474900
TATAMOTORS30Jan20195CE.NFO,07/01/2020,10:24:44,5.45,5.45,17200,5.55,34400,4300,1479200
TATAMOTORS30Jan20195CE.NFO,07/01/2020,10:24:48,5.45,5.45,21500,5.55,38700,0,1479200
TATAMOTORS30Jan20195CE.NFO,07/01/2020,10:24:56,5.45,5.4,43000,5.5,30100,0,1479200
TATAMOTORS30Jan20195CE.NFO,07/01/2020,10:25:01,5.45,5.45,8600,5.5,25800,0,1479200
TATAMOTORS30Jan20195CE.NFO,07/01/2020,10:25:05,5.45,5.4,47300,5.5,34400,0,1479200
TATAMOTORS30Jan20195CE.NFO,07/01/2020,10:25:16,5.45,5.4,43000,5.5,34400,0,1479200
TATAMOTORS30Jan20195CE.NFO,07/01/2020,10:25:28,5.45,5.4,21500,5.5,47300,0,1479200
TATAMOTORS30Jan20195CE.NFO,07/01/2020,10:25:33,5.45,5.4,25800,5.5,47300,0,1479200
TATAMOTORS30Jan20195CE.NFO,07/01/2020,10:25:37,5.45,5.4,25800,5.5,51600,0,1479200
TATAMOTORS30Jan20195CE.NFO,07/01/2020,10:25:41,5.45,5.4,25800,5.5,43000,0,1479200
TATAMOTORS30Jan20195CE.NFO,07/01/2020,10:25:46,5.45,5.4,25800,5.5,47300,0,1479200
TATAMOTORS30Jan20195CE.NFO,07/01/2020,10:25:57,5.45,5.4,25800,5.5,43000,0,1479200
TATAMOTORS30Jan20195CE.NFO,07/01/2020,10:26:16,5.45,5.4,30100,5.5,34400,0,1479200
TATAMOTORS30Jan20195CE.NFO,07/01/2020,10:26:20,5.45,5.4,30100,5.5,38700,0,1479200
TATAMOTORS30Jan20195CE.NFO,07/01/2020,10:26:28,5.45,5.4,30100,5.5,43000,0,1479200
TATAMOTORS30Jan20195CE.NFO,07/01/2020,10:26:34,5.45,5.4,30100,5.5,47300,0,1479200
TATAMOTORS30Jan20195CE.NFO,07/01/2020,10:26:43,5.45,5.4,30100,5.5,51600,0,1479200
TATAMOTORS30Jan20195CE.NFO,07/01/2020,10:26:47,5.45,5.35,8600,5.45,38700,0,1479200
TATAMOTORS30Jan20195CE.NFO,07/01/2020,10:26:51,5.45,5.35,38700,5.45,34400,0,1479200
TATAMOTORS30Jan20195CE.NFO,07/01/2020,10:27:09,5.45,5.35,34400,5.45,34400,0,1479200
TATAMOTORS30Jan20195CE.NFO,07/01/2020,10:27:12,5.4,5.35,34400,5.45,34400,4300,1483500
TATAMOTORS30Jan20195CE.NFO,07/01/2020,10:27:17,5.4,5.4,17200,5.45,8600,0,1483500
TATAMOTORS30Jan20195CE.NFO,07/01/2020,10:27:21,5.4,5.35,43000,5.45,30100,0,1483500
TATAMOTORS30Jan20195CE.NFO,07/01/2020,10:27:28,5.4,5.35,47300,5.45,30100,0,1483500
TATAMOTORS30Jan20195CE.NFO,07/01/2020,10:27:32,5.3,5.25,8600,5.35,34400,4300,1483500
TATAMOTORS30Jan20195CE.NFO,07/01/2020,10:27:36,5.3,5.25,21500,5.35,38700,0,1483500
TATAMOTORS30Jan20195CE.NFO,07/01/2020,10:27:41,5.3,5.25,21500,5.35,34400,0,1483500
TATAMOTORS30Jan20195CE.NFO,07/01/2020,10:27:45,5.3,5.2,51600,5.3,30100,0,1483500
TATAMOTORS30Jan20195CE.NFO,07/01/2020,10:27:50,5.3,5.2,43000,5.3,30100,0,1483500
TATAMOTORS30Jan20195CE.NFO,07/01/2020,10:27:54,5.3,5.2,47300,5.3,30100,0,1483500
TATAMOTORS30Jan20195CE.NFO,07/01/2020,10:27:58,5.3,5.2,34400,5.3,34400,0,1483500
TATAMOTORS30Jan20195CE.NFO,07/01/2020,10:28:07,5.3,5.2,34400,5.3,38700,0,1483500
TATAMOTORS30Jan20195CE.NFO,07/01/2020,10:28:11,5.3,5.2,47300,5.3,38700,0,1483500
TATAMOTORS30Jan20195CE.NFO,07/01/2020,10:28:16,5.3,5.2,47300,5.3,12900,4300,1483500
TATAMOTORS30Jan20195CE.NFO,07/01/2020,10:28:21,5.3,5.25,25800,5.35,38700,0,1483500
TATAMOTORS30Jan20195CE.NFO,07/01/2020,10:28:25,5.3,5.25,25800,5.35,30100,0,1483500
TATAMOTORS30Jan20195CE.NFO,07/01/2020,10:28:30,5.3,5.25,34400,5.35,25800,0,1483500
TATAMOTORS30Jan20195CE.NFO,07/01/2020,10:28:51,5.3,5.25,30100,5.35,25800,0,1483500
TATAMOTORS30Jan20195CE.NFO,07/01/2020,10:29:01,5.3,5.25,43000,5.35,17200,0,1483500
TATAMOTORS30Jan20195CE.NFO,07/01/2020,10:29:09,5.3,5.25,38700,5.35,17200,0,1483500
TATAMOTORS30Jan20195CE.NFO,07/01/2020,10:29:19,5.3,5.25,34400,5.35,17200,0,1483500
TATAMOTORS30Jan20195CE.NFO,07/01/2020,10:29:23,5.3,5.25,25800,5.35,30100,0,1483500
TATAMOTORS30Jan20195CE.NFO,07/01/2020,10:29:27,5.2,5.2,21500,5.3,43000,8600,1483500
TATAMOTORS30Jan20195CE.NFO,07/01/2020,10:29:31,5.2,5.2,30100,5.3,34400,0,1483500
TATAMOTORS30Jan20195CE.NFO,07/01/2020,10:29:35,5.2,5.2,30100,5.3,38700,0,1483500
TATAMOTORS30Jan20195CE.NFO,07/01/2020,10:29:38,5.2,5.2,30100,5.3,34400,0,1483500
TATAMOTORS30Jan20195CE.NFO,07/01/2020,10:29:45,5.2,5.2,34400,5.3,34400,0,1483500
TATAMOTORS30Jan20195CE.NFO,07/01/2020,10:29:51,5.2,5.2,34400,5.3,30100,0,1483500
TATAMOTORS30Jan20195CE.NFO,07/01/2020,10:29:54,5.2,5.25,30100,5.35,34400,0,1483500
TATAMOTORS30Jan20195CE.NFO,07/01/2020,10:30:00,5.2,5.25,30100,5.35,38700,0,1483500
TATAMOTORS30Jan20195CE.NFO,07/01/2020,10:30:04,5.2,5.25,30100,5.35,43000,0,1483500
TATAMOTORS30Jan20195CE.NFO,07/01/2020,10:30:10,5.2,5.25,30100,5.35,38700,0,1483500
TATAMOTORS30Jan20195CE.NFO,07/01/2020,10:30:14,5.2,5.25,21500,5.35,43000,0,1483500
TATAMOTORS30Jan20195CE.NFO,07/01/2020,10:30:24,5.2,5.25,25800,5.35,34400,0,1483500
TATAMOTORS30Jan20195CE.NFO,07/01/2020,10:30:31,5.2,5.25,34400,5.35,34400,0,1483500
TATAMOTORS30Jan20195CE.NFO,07/01/2020,10:30:40,5.2,5.25,30100,5.35,43000,0,1483500
TATAMOTORS30Jan20195CE.NFO,07/01/2020,10:31:03,5.2,5.25,30100,5.35,38700,0,1483500
TATAMOTORS30Jan20195CE.NFO,07/01/2020,10:31:11,5.2,5.25,30100,5.35,43000,0,1483500
TATAMOTORS30Jan20195CE.NFO,07/01/2020,10:31:15,5.25,5.25,21500,5.35,47300,4300,1483500
TATAMOTORS30Jan20195CE.NFO,07/01/2020,10:31:19,5.25,5.25,21500,5.35,47300,0,1483500
TATAMOTORS30Jan20195CE.NFO,07/01/2020,10:31:23,5.25,5.25,30100,5.35,43000,0,1483500
TATAMOTORS30Jan20195CE.NFO,07/01/2020,10:31:34,5.25,5.25,21500,5.3,4300,0,1483500
TATAMOTORS30Jan20195CE.NFO,07/01/2020,10:31:38,5.25,5.25,17200,5.3,4300,0,1483500
TATAMOTORS30Jan20195CE.NFO,07/01/2020,10:31:42,5.25,5.25,21500,5.3,4300,0,1483500
TATAMOTORS30Jan20195CE.NFO,07/01/2020,10:31:46,5.25,5.2,34400,5.3,21500,0,1483500
TATAMOTORS30Jan20195CE.NFO,07/01/2020,10:31:50,5.25,5.2,34400,5.3,34400,0,1483500
TATAMOTORS30Jan20195CE.NFO,07/01/2020,10:31:54,5.25,5.15,30100,5.25,30100,0,1483500
TATAMOTORS30Jan20195CE.NFO,07/01/2020,10:31:58,5.25,5.15,43000,5.25,30100,0,1483500
TATAMOTORS30Jan20195CE.NFO,07/01/2020,10:32:13,5.25,5.15,30100,5.25,30100,4300,1483500
TATAMOTORS30Jan20195CE.NFO,07/01/2020,10:32:18,5.25,5.2,12900,5.3,51600,0,1483500
TATAMOTORS30Jan20195CE.NFO,07/01/2020,10:32:22,5.25,5.15,43000,5.25,17200,0,1483500
TATAMOTORS30Jan20195CE.NFO,07/01/2020,10:32:27,5.25,5.15,43000,5.25,4300,0,1483500
TATAMOTORS30Jan20195CE.NFO,07/01/2020,10:32:31,5.25,5.15,34400,5.25,4300,0,1483500
TATAMOTORS30Jan20195CE.NFO,07/01/2020,10:32:35,5.25,5.2,21500,5.3,38700,0,1483500
TATAMOTORS30Jan20195CE.NFO,07/01/2020,10:32:40,5.25,5.2,25800,5.3,43000,0,1483500
TATAMOTORS30Jan20195CE.NFO,07/01/2020,10:32:50,5.25,5.2,17200,5.25,4300,0,1483500
TATAMOTORS30Jan20195CE.NFO,07/01/2020,10:32:59,5.25,5.2,17200,5.3,38700,0,1483500
TATAMOTORS30Jan20195CE.NFO,07/01/2020,10:33:02,5.25,5.15,34400,5.25,30100,0,1483500
TATAMOTORS30Jan20195CE.NFO,07/01/2020,10:33:11,5.25,5.15,43000,5.25,30100,0,1483500
TATAMOTORS30Jan20195CE.NFO,07/01/2020,10:33:14,5.25,5.15,47300,5.25,30100,0,1483500
TATAMOTORS30Jan20195CE.NFO,07/01/2020,10:33:21,5.25,5.15,47300,5.25,25800,0,1483500
TATAMOTORS30Jan20195CE.NFO,07/01/2020,10:33:24,5.25,5.2,30100,5.3,38700,0,1483500
TATAMOTORS30Jan20195CE.NFO,07/01/2020,10:33:39,5.25,5.2,34400,5.3,38700,0,1483500
TATAMOTORS30Jan20195CE.NFO,07/01/2020,10:33:54,5.25,5.2,43000,5.3,25800,0,1483500
TATAMOTORS30Jan20195CE.NFO,07/01/2020,10:33:59,5.25,5.2,38700,5.3,25800,0,1483500
TATAMOTORS30Jan20195CE.NFO,07/01/2020,10:34:08,5.25,5.25,30100,5.35,38700,4300,1487800
TATAMOTORS30Jan20195CE.NFO,07/01/2020,10:34:12,5.25,5.25,30100,5.35,47300,0,1487800
TATAMOTORS30Jan20195CE.NFO,07/01/2020,10:34:15,5.25,5.25,30100,5.35,43000,0,1487800
TATAMOTORS30Jan20195CE.NFO,07/01/2020,10:34:24,5.25,5.25,34400,5.35,34400,0,1487800
TATAMOTORS30Jan20195CE.NFO,07/01/2020,10:34:32,5.25,5.25,34400,5.35,21500,0,1487800
TATAMOTORS30Jan20195CE.NFO,07/01/2020,10:34:40,5.25,5.25,51600,5.35,17200,0,1487800
TATAMOTORS30Jan20195CE.NFO,07/01/2020,10:34:49,5.25,5.3,30100,5.4,4300,0,1487800
TATAMOTORS30Jan20195CE.NFO,07/01/2020,10:34:54,5.25,5.3,30100,5.4,30100,0,1487800
TATAMOTORS30Jan20195CE.NFO,07/01/2020,10:35:25,5.25,5.25,38700,5.35,4300,0,1487800
TATAMOTORS30Jan20195CE.NFO,07/01/2020,10:35:29,5.25,5.3,30100,5.4,30100,0,1487800
TATAMOTORS30Jan20195CE.NFO,07/01/2020,10:35:33,5.25,5.3,30100,5.4,34400,0,1487800
TATAMOTORS30Jan20195CE.NFO,07/01/2020,10:35:36,5.25,5.3,30100,5.4,38700,0,1487800
TATAMOTORS30Jan20195CE.NFO,07/01/2020,10:35:40,5.25,5.3,30100,5.4,30100,0,1487800
TATAMOTORS30Jan20195CE.NFO,07/01/2020,10:35:53,5.25,5.3,25800,5.4,43000,0,1487800
TATAMOTORS30Jan20195CE.NFO,07/01/2020,10:35:57,5.25,5.3,25800,5.4,38700,0,1487800
TATAMOTORS30Jan20195CE.NFO,07/01/2020,10:36:00,5.25,5.3,30100,5.4,43000,0,1487800
TATAMOTORS30Jan20195CE.NFO,07/01/2020,10:36:04,5.25,5.3,30100,5.4,38700,0,1487800
TATAMOTORS30Jan20195CE.NFO,07/01/2020,10:36:27,5.25,5.3,30100,5.4,43000,0,1487800
TATAMOTORS30Jan20195CE.NFO,07/01/2020,10:36:33,5.25,5.3,30100,5.4,38700,0,1487800
TATAMOTORS30Jan20195CE.NFO,07/01/2020,10:36:45,5.25,5.3,34400,5.4,43000,0,1487800
TATAMOTORS30Jan20195CE.NFO,07/01/2020,10:36:49,5.25,5.3,34400,5.4,38700,0,1487800
TATAMOTORS30Jan20195CE.NFO,07/01/2020,10:36:59,5.25,5.3,43000,5.4,21500,0,1487800
TATAMOTORS30Jan20195CE.NFO,07/01/2020,10:37:03,5.25,5.3,34400,5.4,38700,0,1487800
TATAMOTORS30Jan20195CE.NFO,07/01/2020,10:37:14,5.25,5.3,25800,5.4,38700,0,1487800
TATAMOTORS30Jan20195CE.NFO,07/01/2020,10:37:21,5.25,5.25,38700,5.35,38700,0,1487800
TATAMOTORS30Jan20195CE.NFO,07/01/2020,10:38:05,5.25,5.3,30100,5.4,43000,0,1487800
TATAMOTORS30Jan20195CE.NFO,07/01/2020,10:38:11,5.25,5.3,30100,5.4,47300,0,1487800
TATAMOTORS30Jan20195CE.NFO,07/01/2020,10:38:14,5.25,5.3,30100,5.35,4300,0,1487800
TATAMOTORS30Jan20195CE.NFO,07/01/2020,10:38:20,5.25,5.3,25800,5.35,4300,0,1487800
TATAMOTORS30Jan20195CE.NFO,07/01/2020,10:38:24,5.25,5.3,25800,5.4,43000,0,1487800
TATAMOTORS30Jan20195CE.NFO,07/01/2020,10:38:27,5.25,5.3,25800,5.4,47300,0,1487800
TATAMOTORS30Jan20195CE.NFO,07/01/2020,10:38:34,5.25,5.3,34400,5.4,47300,0,1487800
TATAMOTORS30Jan20195CE.NFO,07/01/2020,10:38:57,5.25,5.3,30100,5.35,4300,0,1487800
TATAMOTORS30Jan20195CE.NFO,07/01/2020,10:39:01,5.25,5.3,30100,5.4,43000,0,1487800
TATAMOTORS30Jan20195CE.NFO,07/01/2020,10:39:06,5.25,5.25,43000,5.35,12900,0,1487800
TATAMOTORS30Jan20195CE.NFO,07/01/2020,10:39:10,5.25,5.25,43000,5.35,17200,0,1487800
TATAMOTORS30Jan20195CE.NFO,07/01/2020,10:39:15,5.25,5.25,47300,5.35,4300,0,1487800
TATAMOTORS30Jan20195CE.NFO,07/01/2020,10:39:19,5.25,5.25,43000,5.35,4300,0,1487800
TATAMOTORS30Jan20195CE.NFO,07/01/2020,10:39:23,5.25,5.25,25800,5.35,4300,0,1487800
TATAMOTORS30Jan20195CE.NFO,07/01/2020,10:39:27,5.25,5.25,38700,5.35,4300,0,1487800
TATAMOTORS30Jan20195CE.NFO,07/01/2020,10:39:30,5.25,5.25,38700,5.35,38700,0,1487800
TATAMOTORS30Jan20195CE.NFO,07/01/2020,10:39:34,5.25,5.25,38700,5.35,34400,0,1487800
TATAMOTORS30Jan20195CE.NFO,07/01/2020,10:39:44,5.25,5.25,17200,5.35,47300,0,1487800
TATAMOTORS30Jan20195CE.NFO,07/01/2020,10:39:50,5.25,5.25,21500,5.35,47300,0,1487800
TATAMOTORS30Jan20195CE.NFO,07/01/2020,10:39:56,5.25,5.25,25800,5.35,47300,0,1487800
TATAMOTORS30Jan20195CE.NFO,07/01/2020,10:40:00,5.25,5.25,25800,5.35,43000,0,1487800
TATAMOTORS30Jan20195CE.NFO,07/01/2020,10:40:05,5.25,5.25,38700,5.35,43000,0,1487800
TATAMOTORS30Jan20195CE.NFO,07/01/2020,10:40:11,5.25,5.25,43000,5.35,30100,0,1487800
TATAMOTORS30Jan20195CE.NFO,07/01/2020,10:40:24,5.25,5.25,38700,5.35,38700,0,1487800
TATAMOTORS30Jan20195CE.NFO,07/01/2020,10:40:32,5.25,5.25,34400,5.35,38700,0,1487800
TATAMOTORS30Jan20195CE.NFO,07/01/2020,10:40:35,5.25,5.25,25800,5.35,43000,0,1487800
TATAMOTORS30Jan20195CE.NFO,07/01/2020,10:40:39,5.25,5.25,30100,5.35,43000,0,1487800
TATAMOTORS30Jan20195CE.NFO,07/01/2020,10:40:56,5.25,5.25,43000,5.35,38700,0,1487800
TATAMOTORS30Jan20195CE.NFO,07/01/2020,10:41:06,5.25,5.25,38700,5.35,38700,0,1487800
TATAMOTORS30Jan20195CE.NFO,07/01/2020,10:41:21,5.25,5.3,30100,5.4,43000,0,1487800
TATAMOTORS30Jan20195CE.NFO,07/01/2020,10:41:27,5.25,5.3,30100,5.4,47300,0,1487800
TATAMOTORS30Jan20195CE.NFO,07/01/2020,10:41:33,5.25,5.3,34400,5.4,38700,0,1487800
TATAMOTORS30Jan20195CE.NFO,07/01/2020,10:41:38,5.25,5.3,38700,5.4,38700,0,1487800
TATAMOTORS30Jan20195CE.NFO,07/01/2020,10:41:41,5.25,5.3,34400,5.4,38700,0,1487800
TATAMOTORS30Jan20195CE.NFO,07/01/2020,10:42:04,5.25,5.35,30100,5.45,43000,0,1487800
TATAMOTORS30Jan20195CE.NFO,07/01/2020,10:42:09,5.25,5.35,30100,5.45,38700,0,1487800
TATAMOTORS30Jan20195CE.NFO,07/01/2020,10:42:14,5.25,5.35,17200,5.4,4300,0,1487800
TATAMOTORS30Jan20195CE.NFO,07/01/2020,10:42:19,5.25,5.35,30100,5.4,4300,0,1487800
TATAMOTORS30Jan20195CE.NFO,07/01/2020,10:42:22,5.25,5.35,25800,5.4,4300,0,1487800
TATAMOTORS30Jan20195CE.NFO,07/01/2020,10:42:25,5.25,5.35,30100,5.4,4300,0,1487800
TATAMOTORS30Jan20195CE.NFO,07/01/2020,10:43:24,5.25,5.25,38700,5.35,34400,0,1487800
TATAMOTORS30Jan20195CE.NFO,07/01/2020,10:43:29,5.25,5.3,30100,5.4,34400,0,1487800
TATAMOTORS30Jan20195CE.NFO,07/01/2020,10:43:39,5.25,5.3,30100,5.4,38700,0,1487800
TATAMOTORS30Jan20195CE.NFO,07/01/2020,10:43:43,5.25,5.3,34400,5.4,38700,0,1487800
TATAMOTORS30Jan20195CE.NFO,07/01/2020,10:43:47,5.25,5.3,25800,5.35,4300,0,1487800
TATAMOTORS30Jan20195CE.NFO,07/01/2020,10:43:51,5.25,5.3,30100,5.35,4300,0,1487800
TATAMOTORS30Jan20195CE.NFO,07/01/2020,10:43:54,5.25,5.3,25800,5.35,4300,0,1487800
TATAMOTORS30Jan20195CE.NFO,07/01/2020,10:44:00,5.25,5.3,30100,5.35,4300,0,1487800
TATAMOTORS30Jan20195CE.NFO,07/01/2020,10:44:08,5.35,5.3,25800,5.35,4300,4300,1487800
TATAMOTORS30Jan20195CE.NFO,07/01/2020,10:44:12,5.35,5.3,25800,5.35,4300,0,1487800
TATAMOTORS30Jan20195CE.NFO,07/01/2020,10:44:24,5.35,5.3,17200,5.35,4300,0,1487800
TATAMOTORS30Jan20195CE.NFO,07/01/2020,10:44:38,5.35,5.25,30100,5.35,21500,0,1487800
TATAMOTORS30Jan20195CE.NFO,07/01/2020,10:44:47,5.35,5.2,38700,5.3,21500,0,1487800
TATAMOTORS30Jan20195CE.NFO,07/01/2020,10:45:01,5.35,5.2,38700,5.3,30100,0,1487800
TATAMOTORS30Jan20195CE.NFO,07/01/2020,10:45:07,5.35,5.25,4300,5.3,25800,0,1487800
TATAMOTORS30Jan20195CE.NFO,07/01/2020,10:45:16,5.35,5.25,30100,5.3,4300,0,1487800
TATAMOTORS30Jan20195CE.NFO,07/01/2020,10:45:21,5.35,5.25,8600,5.3,21500,0,1487800
TATAMOTORS30Jan20195CE.NFO,07/01/2020,10:45:25,5.35,5.25,38700,5.35,34400,0,1487800
TATAMOTORS30Jan20195CE.NFO,07/01/2020,10:45:29,5.25,5.2,34400,5.3,47300,4300,1492100
TATAMOTORS30Jan20195CE.NFO,07/01/2020,10:45:33,5.25,5.2,34400,5.3,43000,0,1492100
TATAMOTORS30Jan20195CE.NFO,07/01/2020,10:46:33,5.25,5.2,30100,5.3,43000,0,1492100
TATAMOTORS30Jan20195CE.NFO,07/01/2020,10:46:51,5.25,5.2,30100,5.3,47300,0,1492100
TATAMOTORS30Jan20195CE.NFO,07/01/2020,10:46:54,5.25,5.2,30100,5.3,43000,0,1492100
TATAMOTORS30Jan20195CE.NFO,07/01/2020,10:47:00,5.25,5.2,25800,5.3,43000,0,1492100
TATAMOTORS30Jan20195CE.NFO,07/01/2020,10:47:04,5.25,5.2,30100,5.3,43000,0,1492100
TATAMOTORS30Jan20195CE.NFO,07/01/2020,10:47:16,5.25,5.25,34400,5.35,47300,0,1492100
TATAMOTORS30Jan20195CE.NFO,07/01/2020,10:47:22,5.25,5.25,30100,5.35,47300,0,1492100
TATAMOTORS30Jan20195CE.NFO,07/01/2020,10:47:37,5.25,5.25,30100,5.35,38700,0,1492100
TATAMOTORS30Jan20195CE.NFO,07/01/2020,10:48:04,5.25,5.25,38700,5.35,38700,0,1492100
TATAMOTORS30Jan20195CE.NFO,07/01/2020,10:48:12,5.25,5.2,38700,5.3,34400,0,1492100
TATAMOTORS30Jan20195CE.NFO,07/01/2020,10:48:17,5.25,5.2,38700,5.3,30100,0,1492100
TATAMOTORS30Jan20195CE.NFO,07/01/2020,10:48:20,5.25,5.25,30100,5.35,34400,0,1492100
TATAMOTORS30Jan20195CE.NFO,07/01/2020,10:48:33,5.25,5.2,17200,5.3,34400,0,1492100
TATAMOTORS30Jan20195CE.NFO,07/01/2020,10:48:44,5.25,5.2,30100,5.3,34400,0,1492100
TATAMOTORS30Jan20195CE.NFO,07/01/2020,10:48:47,5.25,5.2,30100,5.3,38700,0,1492100
TATAMOTORS30Jan20195CE.NFO,07/01/2020,10:48:55,5.25,5.2,25800,5.25,4300,0,1492100
TATAMOTORS30Jan20195CE.NFO,07/01/2020,10:48:59,5.25,5.2,25800,5.3,43000,0,1492100
TATAMOTORS30Jan20195CE.NFO,07/01/2020,10:49:03,5.25,5.2,30100,5.3,43000,0,1492100
TATAMOTORS30Jan20195CE.NFO,07/01/2020,10:49:26,5.25,5.2,25800,5.3,43000,0,1492100
TATAMOTORS30Jan20195CE.NFO,07/01/2020,10:49:29,5.25,5.2,30100,5.3,43000,0,1492100
TATAMOTORS30Jan20195CE.NFO,07/01/2020,10:49:41,5.25,5.2,17200,5.3,38700,0,1492100
TATAMOTORS30Jan20195CE.NFO,07/01/2020,10:49:44,5.25,5.2,25800,5.3,43000,0,1492100
TATAMOTORS30Jan20195CE.NFO,07/01/2020,10:49:51,5.25,5.2,30100,5.3,43000,0,1492100
TATAMOTORS30Jan20195CE.NFO,07/01/2020,10:49:55,5.2,5.2,12900,5.3,43000,8600,1492100
TATAMOTORS30Jan20195CE.NFO,07/01/2020,10:50:01,5.2,5.15,8600,5.25,51600,0,1492100
TATAMOTORS30Jan20195CE.NFO,07/01/2020,10:50:07,5.2,5.1,34400,5.2,17200,0,1492100
TATAMOTORS30Jan20195CE.NFO,07/01/2020,10:50:11,5.2,5.15,25800,5.2,12900,0,1492100
TATAMOTORS30Jan20195CE.NFO,07/01/2020,10:50:17,5.2,5.15,34400,5.25,47300,0,1492100
TATAMOTORS30Jan20195CE.NFO,07/01/2020,10:50:23,5.2,5.15,30100,5.2,4300,0,1492100
TATAMOTORS30Jan20195CE.NFO,07/01/2020,10:50:28,5.2,5.15,34400,5.2,4300,0,1492100
TATAMOTORS30Jan20195CE.NFO,07/01/2020,10:50:33,5.2,5.15,21500,5.2,8600,0,1492100
TATAMOTORS30Jan20195CE.NFO,07/01/2020,10:50:52,5.2,5.1,34400,5.2,38700,0,1492100
TATAMOTORS30Jan20195CE.NFO,07/01/2020,10:50:57,5.2,5.15,8600,5.2,34400,0,1492100
TATAMOTORS30Jan20195CE.NFO,07/01/2020,10:51:01,5.2,5.1,34400,5.2,38700,0,1492100
TATAMOTORS30Jan20195CE.NFO,07/01/2020,10:51:04,5.2,5.1,34400,5.2,43000,0,1492100
TATAMOTORS30Jan20195CE.NFO,07/01/2020,10:51:13,5.2,5.1,38700,5.2,51600,0,1492100
TATAMOTORS30Jan20195CE.NFO,07/01/2020,10:51:17,5.2,5.1,34400,5.2,47300,0,1492100
TATAMOTORS30Jan20195CE.NFO,07/01/2020,10:51:25,5.2,5.1,30100,5.2,47300,0,1492100
TATAMOTORS30Jan20195CE.NFO,07/01/2020,10:51:33,5.2,5.1,12900,5.15,17200,0,1492100
TATAMOTORS30Jan20195CE.NFO,07/01/2020,10:51:36,5.2,5.05,43000,5.15,30100,0,1492100
TATAMOTORS30Jan20195CE.NFO,07/01/2020,10:51:40,5.2,5.1,30100,5.2,34400,0,1492100
TATAMOTORS30Jan20195CE.NFO,07/01/2020,10:51:45,5.2,5.15,25800,5.2,4300,0,1492100
TATAMOTORS30Jan20195CE.NFO,07/01/2020,10:51:49,5.2,5.15,30100,5.2,4300,0,1492100
TATAMOTORS30Jan20195CE.NFO,07/01/2020,10:51:57,5.2,5.1,25800,5.2,43000,0,1492100
TATAMOTORS30Jan20195CE.NFO,07/01/2020,10:52:02,5.2,5.1,38700,5.2,43000,0,1492100
TATAMOTORS30Jan20195CE.NFO,07/01/2020,10:52:05,5.2,5.1,30100,5.2,43000,0,1492100
TATAMOTORS30Jan20195CE.NFO,07/01/2020,10:52:10,5.2,5.1,34400,5.2,43000,0,1492100
TATAMOTORS30Jan20195CE.NFO,07/01/2020,10:52:20,5.15,5.1,38700,5.2,34400,4300,1496400
TATAMOTORS30Jan20195CE.NFO,07/01/2020,10:52:29,5.15,5.1,38700,5.2,25800,0,1496400
TATAMOTORS30Jan20195CE.NFO,07/01/2020,10:52:41,5.15,5.15,25800,5.25,38700,0,1496400
TATAMOTORS30Jan20195CE.NFO,07/01/2020,10:52:49,5.15,5.15,30100,5.25,43000,0,1496400
TATAMOTORS30Jan20195CE.NFO,07/01/2020,10:52:58,5.15,5.1,34400,5.2,34400,0,1496400
TATAMOTORS30Jan20195CE.NFO,07/01/2020,10:53:05,5.15,5.1,34400,5.2,43000,0,1496400
TATAMOTORS30Jan20195CE.NFO,07/01/2020,10:53:24,5.15,5.1,34400,5.2,30100,0,1496400
TATAMOTORS30Jan20195CE.NFO,07/01/2020,10:53:30,5.15,5.1,43000,5.2,25800,0,1496400
TATAMOTORS30Jan20195CE.NFO,07/01/2020,10:53:35,5.15,5.1,38700,5.2,34400,0,1496400
TATAMOTORS30Jan20195CE.NFO,07/01/2020,10:53:41,5.15,5.1,38700,5.2,30100,0,1496400
TATAMOTORS30Jan20195CE.NFO,07/01/2020,10:53:52,5.15,5.1,30100,5.15,4300,0,1496400
TATAMOTORS30Jan20195CE.NFO,07/01/2020,10:53:59,5.15,5.1,34400,5.2,43000,0,1496400
TATAMOTORS30Jan20195CE.NFO,07/01/2020,10:54:05,5.15,5.1,4300,5.15,30100,0,1496400
TATAMOTORS30Jan20195CE.NFO,07/01/2020,10:54:17,5.05,5.05,4300,5.1,17200,12900,1492100
TATAMOTORS30Jan20195CE.NFO,07/01/2020,10:54:17,5.05,5.05,4300,5.1,17200,0,1492100
TATAMOTORS30Jan20195CE.NFO,07/01/2020,10:54:23,5.05,5,34400,5.1,30100,0,1492100
TATAMOTORS30Jan20195CE.NFO,07/01/2020,10:54:28,5.1,5.05,38700,5.15,38700,4300,1492100
TATAMOTORS30Jan20195CE.NFO,07/01/2020,10:54:32,5.1,5.05,38700,5.15,38700,0,1492100
TATAMOTORS30Jan20195CE.NFO,07/01/2020,10:54:37,5.1,5.05,8600,5.15,43000,4300,1492100
TATAMOTORS30Jan20195CE.NFO,07/01/2020,10:54:42,5.1,5.05,21500,5.15,43000,0,1492100
TATAMOTORS30Jan20195CE.NFO,07/01/2020,10:54:47,5.1,5.05,8600,5.1,25800,0,1492100
TATAMOTORS30Jan20195CE.NFO,07/01/2020,10:55:00,5.1,5.05,8600,5.1,21500,0,1492100
TATAMOTORS30Jan20195CE.NFO,07/01/2020,10:55:05,5.1,5.05,8600,5.1,25800,0,1492100
TATAMOTORS30Jan20195CE.NFO,07/01/2020,10:55:22,5.1,5.05,17200,5.15,47300,0,1492100
TATAMOTORS30Jan20195CE.NFO,07/01/2020,10:55:27,5.1,5.05,4300,5.1,34400,0,1492100
TATAMOTORS30Jan20195CE.NFO,07/01/2020,10:55:32,4.9,4.9,30100,5,34400,21500,1492100
TATAMOTORS30Jan20195CE.NFO,07/01/2020,10:55:32,4.9,4.9,30100,5,34400,0,1492100
TATAMOTORS30Jan20195CE.NFO,07/01/2020,10:55:38,5,4.95,25800,5.05,43000,4300,1492100
TATAMOTORS30Jan20195CE.NFO,07/01/2020,10:55:43,5,4.95,25800,5.05,43000,0,1492100
TATAMOTORS30Jan20195CE.NFO,07/01/2020,10:55:47,5,4.95,30100,5.05,25800,0,1492100
TATAMOTORS30Jan20195CE.NFO,07/01/2020,10:55:52,5,4.95,12900,5.05,38700,0,1492100
TATAMOTORS30Jan20195CE.NFO,07/01/2020,10:55:56,5,4.95,4300,5.05,43000,0,1492100
TATAMOTORS30Jan20195CE.NFO,07/01/2020,10:56:01,5,4.95,12900,5.05,43000,0,1492100
TATAMOTORS30Jan20195CE.NFO,07/01/2020,10:56:06,5,4.95,25800,5.05,38700,0,1492100
TATAMOTORS30Jan20195CE.NFO,07/01/2020,10:56:12,5,4.95,25800,5.05,43000,0,1492100
TATAMOTORS30Jan20195CE.NFO,07/01/2020,10:56:17,5,4.95,38700,5.05,12900,0,1492100
TATAMOTORS30Jan20195CE.NFO,07/01/2020,10:56:22,5,4.95,30100,5.05,34400,0,1492100
TATAMOTORS30Jan20195CE.NFO,07/01/2020,10:56:26,5,4.95,30100,5.05,38700,0,1492100
TATAMOTORS30Jan20195CE.NFO,07/01/2020,10:56:30,5,5,4300,5.05,30100,0,1492100
TATAMOTORS30Jan20195CE.NFO,07/01/2020,10:56:46,5,5,17200,5.05,4300,0,1492100
TATAMOTORS30Jan20195CE.NFO,07/01/2020,10:56:50,5,5,12900,5.1,43000,0,1492100
TATAMOTORS30Jan20195CE.NFO,07/01/2020,10:56:54,5,4.95,30100,5.05,34400,8600,1500700
TATAMOTORS30Jan20195CE.NFO,07/01/2020,10:56:59,5,4.95,30100,5.05,47300,0,1500700
TATAMOTORS30Jan20195CE.NFO,07/01/2020,10:57:03,5,4.95,8600,5,12900,0,1500700
TATAMOTORS30Jan20195CE.NFO,07/01/2020,10:57:13,5,4.9,4300,4.95,25800,0,1500700
TATAMOTORS30Jan20195CE.NFO,07/01/2020,10:57:20,5,4.9,34400,5,34400,0,1500700
TATAMOTORS30Jan20195CE.NFO,07/01/2020,10:57:27,5,4.95,34400,5.05,43000,0,1500700
TATAMOTORS30Jan20195CE.NFO,07/01/2020,10:57:34,5,4.95,38700,5.05,34400,0,1500700
TATAMOTORS30Jan20195CE.NFO,07/01/2020,10:57:39,5,4.95,38700,5.05,12900,0,1500700
TATAMOTORS30Jan20195CE.NFO,07/01/2020,10:57:45,5.05,5.05,17200,5.1,4300,4300,1500700
TATAMOTORS30Jan20195CE.NFO,07/01/2020,10:57:51,5.05,5,30100,5.1,38700,0,1500700
TATAMOTORS30Jan20195CE.NFO,07/01/2020,10:58:05,5.05,5,4300,5.05,17200,0,1500700
TATAMOTORS30Jan20195CE.NFO,07/01/2020,10:58:10,5.05,5,34400,5.1,43000,0,1500700
TATAMOTORS30Jan20195CE.NFO,07/01/2020,10:58:15,5.05,5,34400,5.1,38700,0,1500700
TATAMOTORS30Jan20195CE.NFO,07/01/2020,10:58:20,5.05,5,34400,5.1,47300,0,1500700
TATAMOTORS30Jan20195CE.NFO,07/01/2020,10:58:26,5.05,5,34400,5.1,51600,0,1500700
TATAMOTORS30Jan20195CE.NFO,07/01/2020,10:58:31,5.05,5,34400,5.1,43000,0,1500700
TATAMOTORS30Jan20195CE.NFO,07/01/2020,10:58:37,5.05,5,38700,5.1,47300,0,1500700
TATAMOTORS30Jan20195CE.NFO,07/01/2020,10:58:42,5.05,5,4300,5.05,25800,0,1500700
TATAMOTORS30Jan20195CE.NFO,07/01/2020,10:58:48,5.05,5,8600,5.05,25800,0,1500700
TATAMOTORS30Jan20195CE.NFO,07/01/2020,10:58:54,5.05,5,4300,5.05,12900,4300,1500700
TATAMOTORS30Jan20195CE.NFO,07/01/2020,10:58:59,5,4.95,25800,5.05,30100,4300,1500700
TATAMOTORS30Jan20195CE.NFO,07/01/2020,10:59:05,5,4.95,25800,5,4300,0,1500700
TATAMOTORS30Jan20195CE.NFO,07/01/2020,10:59:20,5,4.9,47300,5,34400,0,1500700
TATAMOTORS30Jan20195CE.NFO,07/01/2020,10:59:25,5,4.9,51600,5,34400,0,1500700
TATAMOTORS30Jan20195CE.NFO,07/01/2020,10:59:31,5,4.9,47300,5,34400,0,1500700
TATAMOTORS30Jan20195CE.NFO,07/01/2020,10:59:36,5,4.9,43000,5,34400,0,1500700
TATAMOTORS30Jan20195CE.NFO,07/01/2020,10:59:42,5,4.95,17200,5,21500,0,1500700
TATAMOTORS30Jan20195CE.NFO,07/01/2020,10:59:48,5,4.9,55900,5,30100,0,1500700
TATAMOTORS30Jan20195CE.NFO,07/01/2020,10:59:53,5,4.95,34400,5.05,38700,8600,1509300
TATAMOTORS30Jan20195CE.NFO,07/01/2020,10:59:58,5,4.95,34400,5.05,30100,0,1509300
TATAMOTORS30Jan20195CE.NFO,07/01/2020,11:00:04,5,4.95,34400,5.05,38700,0,1509300
TATAMOTORS30Jan20195CE.NFO,07/01/2020,11:00:10,5,4.95,38700,5.05,38700,0,1509300
TATAMOTORS30Jan20195CE.NFO,07/01/2020,11:00:17,5,4.9,30100,5,38700,0,1509300
TATAMOTORS30Jan20195CE.NFO,07/01/2020,11:00:37,5,4.9,25800,5,38700,0,1509300
TATAMOTORS30Jan20195CE.NFO,07/01/2020,11:00:50,5,4.85,30100,4.95,38700,0,1509300
TATAMOTORS30Jan20195CE.NFO,07/01/2020,11:00:58,5,4.85,12900,4.95,47300,0,1509300
TATAMOTORS30Jan20195CE.NFO,07/01/2020,11:01:06,4.75,4.75,43000,4.85,34400,12900,1509300
TATAMOTORS30Jan20195CE.NFO,07/01/2020,11:01:06,4.75,4.75,43000,4.85,34400,0,1509300
TATAMOTORS30Jan20195CE.NFO,07/01/2020,11:01:13,4.8,4.8,21500,4.9,38700,8600,1509300
TATAMOTORS30Jan20195CE.NFO,07/01/2020,11:01:21,4.8,4.8,12900,4.85,12900,0,1509300
TATAMOTORS30Jan20195CE.NFO,07/01/2020,11:01:28,4.8,4.8,25800,4.9,38700,0,1509300
TATAMOTORS30Jan20195CE.NFO,07/01/2020,11:01:35,4.8,4.8,30100,4.9,30100,0,1509300
TATAMOTORS30Jan20195CE.NFO,07/01/2020,11:01:51,4.85,4.8,30100,4.9,17200,4300,1509300
TATAMOTORS30Jan20195CE.NFO,07/01/2020,11:01:59,4.85,4.8,34400,4.9,34400,0,1509300
TATAMOTORS30Jan20195CE.NFO,07/01/2020,11:02:05,4.85,4.8,30100,4.85,4300,0,1509300
TATAMOTORS30Jan20195CE.NFO,07/01/2020,11:02:12,4.85,4.85,17200,4.9,4300,0,1509300
TATAMOTORS30Jan20195CE.NFO,07/01/2020,11:02:19,4.85,4.8,34400,4.9,30100,0,1509300
TATAMOTORS30Jan20195CE.NFO,07/01/2020,11:02:26,4.9,4.8,34400,4.9,21500,8600,1509300
TATAMOTORS30Jan20195CE.NFO,07/01/2020,11:02:33,4.9,4.8,51600,4.9,8600,0,1509300
TATAMOTORS30Jan20195CE.NFO,07/01/2020,11:02:40,4.9,4.8,34400,4.9,21500,0,1509300
TATAMOTORS30Jan20195CE.NFO,07/01/2020,11:02:46,4.9,4.8,34400,4.9,25800,0,1509300
TATAMOTORS30Jan20195CE.NFO,07/01/2020,11:03:05,4.9,4.8,34400,4.9,30100,0,1509300
TATAMOTORS30Jan20195CE.NFO,07/01/2020,11:03:12,4.9,4.8,38700,4.9,38700,0,1509300
TATAMOTORS30Jan20195CE.NFO,07/01/2020,11:03:19,4.9,4.8,30100,4.9,38700,0,1509300
TATAMOTORS30Jan20195CE.NFO,07/01/2020,11:03:25,4.9,4.8,38700,4.9,43000,0,1509300
TATAMOTORS30Jan20195CE.NFO,07/01/2020,11:03:37,4.9,4.8,25800,4.9,43000,0,1509300
TATAMOTORS30Jan20195CE.NFO,07/01/2020,11:03:44,4.9,4.75,47300,4.85,8600,0,1509300
TATAMOTORS30Jan20195CE.NFO,07/01/2020,11:03:51,4.9,4.8,30100,4.85,4300,0,1509300
TATAMOTORS30Jan20195CE.NFO,07/01/2020,11:03:57,4.85,4.8,30100,4.9,38700,4300,1526500
TATAMOTORS30Jan20195CE.NFO,07/01/2020,11:04:04,4.85,4.8,25800,4.9,43000,0,1526500
TATAMOTORS30Jan20195CE.NFO,07/01/2020,11:04:11,4.85,4.8,30100,4.9,43000,0,1526500
TATAMOTORS30Jan20195CE.NFO,07/01/2020,11:04:30,4.85,4.8,21500,4.9,47300,0,1526500
TATAMOTORS30Jan20195CE.NFO,07/01/2020,11:04:44,4.85,4.75,30100,4.85,47300,0,1526500
TATAMOTORS30Jan20195CE.NFO,07/01/2020,11:04:51,4.85,4.75,47300,4.85,47300,0,1526500
TATAMOTORS30Jan20195CE.NFO,07/01/2020,11:04:58,4.85,4.8,34400,4.9,43000,0,1526500
TATAMOTORS30Jan20195CE.NFO,07/01/2020,11:05:05,4.85,4.8,12900,4.85,4300,0,1526500
TATAMOTORS30Jan20195CE.NFO,07/01/2020,11:05:11,4.85,4.75,47300,4.85,38700,0,1526500
TATAMOTORS30Jan20195CE.NFO,07/01/2020,11:05:18,4.8,4.75,47300,4.85,38700,8600,1526500
TATAMOTORS30Jan20195CE.NFO,07/01/2020,11:05:25,4.8,4.75,43000,4.85,34400,0,1526500
TATAMOTORS30Jan20195CE.NFO,07/01/2020,11:05:31,4.8,4.8,43000,4.9,47300,0,1526500
TATAMOTORS30Jan20195CE.NFO,07/01/2020,11:05:38,4.8,4.8,38700,4.9,43000,0,1526500
TATAMOTORS30Jan20195CE.NFO,07/01/2020,11:05:44,4.8,4.85,30100,4.95,51600,0,1526500
TATAMOTORS30Jan20195CE.NFO,07/01/2020,11:05:51,4.8,4.9,21500,5,47300,0,1526500
TATAMOTORS30Jan20195CE.NFO,07/01/2020,11:05:58,4.8,4.9,30100,5,43000,0,1526500
TATAMOTORS30Jan20195CE.NFO,07/01/2020,11:06:05,4.8,4.9,43000,5,17200,0,1526500
TATAMOTORS30Jan20195CE.NFO,07/01/2020,11:06:12,5,4.9,43000,5,17200,4300,1522200
TATAMOTORS30Jan20195CE.NFO,07/01/2020,11:06:24,5,4.9,4300,5,51600,8600,1522200
TATAMOTORS30Jan20195CE.NFO,07/01/2020,11:06:31,5,4.85,47300,4.95,38700,0,1522200
TATAMOTORS30Jan20195CE.NFO,07/01/2020,11:06:36,4.95,4.85,47300,4.95,8600,4300,1522200
TATAMOTORS30Jan20195CE.NFO,07/01/2020,11:06:41,4.95,4.85,51600,4.95,17200,0,1522200
TATAMOTORS30Jan20195CE.NFO,07/01/2020,11:06:52,4.95,4.9,12900,4.95,12900,0,1522200
TATAMOTORS30Jan20195CE.NFO,07/01/2020,11:06:57,4.95,4.9,25800,4.95,8600,0,1522200
TATAMOTORS30Jan20195CE.NFO,07/01/2020,11:07:09,4.95,4.85,30100,4.95,47300,0,1522200
TATAMOTORS30Jan20195CE.NFO,07/01/2020,11:07:14,4.95,4.85,34400,4.95,51600,0,1522200
TATAMOTORS30Jan20195CE.NFO,07/01/2020,11:07:19,4.95,4.9,12900,4.95,8600,0,1522200
TATAMOTORS30Jan20195CE.NFO,07/01/2020,11:07:29,4.95,4.85,43000,4.95,38700,0,1522200
TATAMOTORS30Jan20195CE.NFO,07/01/2020,11:07:35,4.95,4.85,38700,4.95,47300,0,1522200
TATAMOTORS30Jan20195CE.NFO,07/01/2020,11:07:40,4.95,4.85,30100,4.95,47300,0,1522200
TATAMOTORS30Jan20195CE.NFO,07/01/2020,11:07:45,4.95,4.85,34400,4.95,47300,0,1522200
TATAMOTORS30Jan20195CE.NFO,07/01/2020,11:07:59,4.95,4.85,38700,4.95,47300,0,1522200
TATAMOTORS30Jan20195CE.NFO,07/01/2020,11:08:04,4.95,4.85,34400,4.95,47300,0,1522200
TATAMOTORS30Jan20195CE.NFO,07/01/2020,11:08:14,4.95,4.85,30100,4.95,47300,4300,1522200
TATAMOTORS30Jan20195CE.NFO,07/01/2020,11:08:19,4.95,4.85,30100,4.95,47300,0,1522200
TATAMOTORS30Jan20195CE.NFO,07/01/2020,11:08:24,4.95,4.85,30100,4.95,43000,0,1522200
TATAMOTORS30Jan20195CE.NFO,07/01/2020,11:08:29,4.95,4.85,34400,4.95,43000,0,1522200
TATAMOTORS30Jan20195CE.NFO,07/01/2020,11:08:34,4.95,4.85,47300,4.95,8600,0,1522200
TATAMOTORS30Jan20195CE.NFO,07/01/2020,11:08:40,4.95,4.85,21500,4.95,51600,0,1522200
TATAMOTORS30Jan20195CE.NFO,07/01/2020,11:08:44,4.95,4.85,25800,4.9,25800,0,1522200
TATAMOTORS30Jan20195CE.NFO,07/01/2020,11:08:53,4.95,4.85,21500,4.9,17200,0,1522200
TATAMOTORS30Jan20195CE.NFO,07/01/2020,11:08:57,4.95,4.85,25800,4.9,17200,0,1522200
TATAMOTORS30Jan20195CE.NFO,07/01/2020,11:09:02,4.95,4.85,30100,4.95,51600,0,1522200
TATAMOTORS30Jan20195CE.NFO,07/01/2020,11:09:07,4.95,4.85,34400,4.95,43000,0,1522200
TATAMOTORS30Jan20195CE.NFO,07/01/2020,11:09:11,4.95,4.85,38700,4.95,34400,0,1522200
TATAMOTORS30Jan20195CE.NFO,07/01/2020,11:09:17,4.95,4.85,38700,4.95,30100,0,1522200
TATAMOTORS30Jan20195CE.NFO,07/01/2020,11:09:22,4.95,4.8,34400,4.9,25800,0,1522200
TATAMOTORS30Jan20195CE.NFO,07/01/2020,11:09:27,4.95,4.8,43000,4.9,25800,0,1522200
TATAMOTORS30Jan20195CE.NFO,07/01/2020,11:09:33,4.8,4.75,43000,4.8,4300,4300,1539400
TATAMOTORS30Jan20195CE.NFO,07/01/2020,11:09:38,4.8,4.75,4300,4.8,30100,0,1539400
TATAMOTORS30Jan20195CE.NFO,07/01/2020,11:09:43,4.75,4.7,30100,4.8,51600,4300,1539400
TATAMOTORS30Jan20195CE.NFO,07/01/2020,11:09:48,4.75,4.7,34400,4.8,55900,0,1539400
TATAMOTORS30Jan20195CE.NFO,07/01/2020,11:09:52,4.75,4.7,38700,4.8,43000,0,1539400
TATAMOTORS30Jan20195CE.NFO,07/01/2020,11:10:09,4.75,4.7,34400,4.8,51600,0,1539400
TATAMOTORS30Jan20195CE.NFO,07/01/2020,11:10:14,4.75,4.7,34400,4.8,43000,0,1539400
TATAMOTORS30Jan20195CE.NFO,07/01/2020,11:10:19,4.75,4.7,43000,4.8,30100,0,1539400
TATAMOTORS30Jan20195CE.NFO,07/01/2020,11:10:24,4.75,4.75,30100,4.8,4300,0,1539400
TATAMOTORS30Jan20195CE.NFO,07/01/2020,11:10:28,4.75,4.75,34400,4.8,4300,0,1539400
TATAMOTORS30Jan20195CE.NFO,07/01/2020,11:10:42,4.75,4.75,38700,4.8,4300,0,1539400
TATAMOTORS30Jan20195CE.NFO,07/01/2020,11:10:46,4.75,4.75,25800,4.8,8600,0,1539400
TATAMOTORS30Jan20195CE.NFO,07/01/2020,11:10:49,4.75,4.75,30100,4.8,8600,0,1539400
TATAMOTORS30Jan20195CE.NFO,07/01/2020,11:10:56,4.75,4.75,17200,4.8,25800,0,1539400
TATAMOTORS30Jan20195CE.NFO,07/01/2020,11:11:00,4.75,4.75,4300,4.8,43000,0,1539400
TATAMOTORS30Jan20195CE.NFO,07/01/2020,11:11:13,4.75,4.7,34400,4.8,51600,8600,1539400
TATAMOTORS30Jan20195CE.NFO,07/01/2020,11:11:20,4.75,4.7,30100,4.8,51600,0,1539400
TATAMOTORS30Jan20195CE.NFO,07/01/2020,11:11:28,4.7,4.65,25800,4.75,43000,4300,1539400
TATAMOTORS30Jan20195CE.NFO,07/01/2020,11:11:28,4.7,4.65,25800,4.75,43000,0,1539400
TATAMOTORS30Jan20195CE.NFO,07/01/2020,11:11:50,4.7,4.7,43000,4.8,34400,0,1539400
TATAMOTORS30Jan20195CE.NFO,07/01/2020,11:11:56,4.7,4.7,43000,4.8,38700,0,1539400
TATAMOTORS30Jan20195CE.NFO,07/01/2020,11:12:04,4.7,4.7,30100,4.8,38700,0,1539400
TATAMOTORS30Jan20195CE.NFO,07/01/2020,11:12:13,4.7,4.7,38700,4.8,38700,0,1539400
TATAMOTORS30Jan20195CE.NFO,07/01/2020,11:12:20,4.7,4.7,38700,4.8,38700,4300,1552300
TATAMOTORS30Jan20195CE.NFO,07/01/2020,11:12:25,4.7,4.65,47300,4.75,25800,0,1552300
TATAMOTORS30Jan20195CE.NFO,07/01/2020,11:12:31,4.7,4.7,21500,4.8,38700,0,1552300
TATAMOTORS30Jan20195CE.NFO,07/01/2020,11:12:37,4.7,4.75,17200,4.8,4300,0,1552300
TATAMOTORS30Jan20195CE.NFO,07/01/2020,11:12:42,4.7,4.75,21500,4.8,4300,0,1552300
TATAMOTORS30Jan20195CE.NFO,07/01/2020,11:12:54,4.7,4.75,25800,4.8,4300,0,1552300
TATAMOTORS30Jan20195CE.NFO,07/01/2020,11:12:59,4.7,4.75,21500,4.8,4300,0,1552300
TATAMOTORS30Jan20195CE.NFO,07/01/2020,11:13:03,4.7,4.75,21500,4.8,8600,0,1552300
TATAMOTORS30Jan20195CE.NFO,07/01/2020,11:13:08,4.7,4.7,25800,4.8,43000,0,1552300
TATAMOTORS30Jan20195CE.NFO,07/01/2020,11:13:14,4.7,4.7,17200,4.8,43000,0,1552300
TATAMOTORS30Jan20195CE.NFO,07/01/2020,11:13:20,4.7,4.7,21500,4.8,43000,0,1552300
TATAMOTORS30Jan20195CE.NFO,07/01/2020,11:13:25,4.7,4.7,30100,4.8,43000,0,1552300
TATAMOTORS30Jan20195CE.NFO,07/01/2020,11:13:30,4.7,4.7,38700,4.8,43000,0,1552300
TATAMOTORS30Jan20195CE.NFO,07/01/2020,11:13:37,4.7,4.65,34400,4.75,30100,0,1552300
TATAMOTORS30Jan20195CE.NFO,07/01/2020,11:13:43,4.7,4.7,30100,4.8,34400,21500,1552300
TATAMOTORS30Jan20195CE.NFO,07/01/2020,11:13:49,4.7,4.7,34400,4.8,43000,0,1552300
TATAMOTORS30Jan20195CE.NFO,07/01/2020,11:14:14,4.7,4.7,43000,4.8,30100,0,1552300
TATAMOTORS30Jan20195CE.NFO,07/01/2020,11:14:20,4.7,4.7,34400,4.8,30100,0,1552300
TATAMOTORS30Jan20195CE.NFO,07/01/2020,11:14:25,4.8,4.7,30100,4.8,34400,4300,1552300
TATAMOTORS30Jan20195CE.NFO,07/01/2020,11:14:34,4.8,4.7,34400,4.8,38700,0,1552300
TATAMOTORS30Jan20195CE.NFO,07/01/2020,11:14:39,4.8,4.65,43000,4.75,12900,0,1552300
TATAMOTORS30Jan20195CE.NFO,07/01/2020,11:14:43,4.8,4.7,17200,4.75,17200,0,1552300
TATAMOTORS30Jan20195CE.NFO,07/01/2020,11:14:48,4.8,4.7,21500,4.8,38700,0,1552300
TATAMOTORS30Jan20195CE.NFO,07/01/2020,11:14:58,4.8,4.7,12900,4.75,25800,0,1552300
TATAMOTORS30Jan20195CE.NFO,07/01/2020,11:15:04,4.8,4.65,34400,4.75,43000,0,1552300
TATAMOTORS30Jan20195CE.NFO,07/01/2020,11:15:11,4.6,4.55,25800,4.65,34400,21500,1552300
TATAMOTORS30Jan20195CE.NFO,07/01/2020,11:15:11,4.6,4.55,25800,4.65,34400,0,1552300
TATAMOTORS30Jan20195CE.NFO,07/01/2020,11:15:17,4.6,4.6,25800,4.65,4300,0,1552300
TATAMOTORS30Jan20195CE.NFO,07/01/2020,11:15:23,4.6,4.6,30100,4.7,43000,0,1552300
TATAMOTORS30Jan20195CE.NFO,07/01/2020,11:15:28,4.6,4.65,12900,4.7,25800,0,1552300
TATAMOTORS30Jan20195CE.NFO,07/01/2020,11:15:33,4.65,4.6,30100,4.7,43000,4300,1552300
TATAMOTORS30Jan20195CE.NFO,07/01/2020,11:15:38,4.65,4.6,30100,4.7,43000,0,1552300
TATAMOTORS30Jan20195CE.NFO,07/01/2020,11:15:42,4.65,4.6,30100,4.65,12900,0,1552300
TATAMOTORS30Jan20195CE.NFO,07/01/2020,11:15:47,4.65,4.6,30100,4.65,8600,0,1552300
TATAMOTORS30Jan20195CE.NFO,07/01/2020,11:15:51,4.65,4.6,25800,4.65,8600,0,1552300
TATAMOTORS30Jan20195CE.NFO,07/01/2020,11:15:56,4.65,4.6,25800,4.65,12900,0,1552300
TATAMOTORS30Jan20195CE.NFO,07/01/2020,11:16:00,4.65,4.55,47300,4.65,43000,0,1552300
TATAMOTORS30Jan20195CE.NFO,07/01/2020,11:16:06,4.65,4.6,21500,4.65,17200,0,1552300
TATAMOTORS30Jan20195CE.NFO,07/01/2020,11:16:12,4.6,4.55,38700,4.6,4300,4300,1552300
TATAMOTORS30Jan20195CE.NFO,07/01/2020,11:16:18,4.65,4.6,38700,4.7,43000,17200,1552300
TATAMOTORS30Jan20195CE.NFO,07/01/2020,11:16:24,4.65,4.7,21500,4.8,47300,0,1552300
TATAMOTORS30Jan20195CE.NFO,07/01/2020,11:16:35,4.65,4.7,38700,4.8,43000,0,1552300
TATAMOTORS30Jan20195CE.NFO,07/01/2020,11:16:40,4.65,4.7,51600,4.8,25800,0,1552300
TATAMOTORS30Jan20195CE.NFO,07/01/2020,11:16:45,4.65,4.7,34400,4.8,30100,0,1552300
TATAMOTORS30Jan20195CE.NFO,07/01/2020,11:16:50,4.65,4.7,21500,4.8,38700,0,1552300
TATAMOTORS30Jan20195CE.NFO,07/01/2020,11:17:11,4.65,4.7,21500,4.8,43000,0,1552300
TATAMOTORS30Jan20195CE.NFO,07/01/2020,11:17:33,4.7,4.7,17200,4.8,51600,8600,1552300
TATAMOTORS30Jan20195CE.NFO,07/01/2020,11:17:39,4.7,4.7,34400,4.8,30100,0,1552300
TATAMOTORS30Jan20195CE.NFO,07/01/2020,11:17:51,4.7,4.7,25800,4.8,30100,0,1552300
TATAMOTORS30Jan20195CE.NFO,07/01/2020,11:18:01,4.75,4.7,25800,4.8,34400,4300,1560900
TATAMOTORS30Jan20195CE.NFO,07/01/2020,11:18:10,4.75,4.7,25800,4.8,34400,0,1560900
TATAMOTORS30Jan20195CE.NFO,07/01/2020,11:18:19,4.7,4.7,12900,4.8,38700,4300,1560900
TATAMOTORS30Jan20195CE.NFO,07/01/2020,11:18:24,4.7,4.7,8600,4.75,12900,0,1560900
TATAMOTORS30Jan20195CE.NFO,07/01/2020,11:18:29,4.7,4.65,25800,4.75,34400,0,1560900
TATAMOTORS30Jan20195CE.NFO,07/01/2020,11:18:33,4.7,4.65,38700,4.75,25800,0,1560900
TATAMOTORS30Jan20195CE.NFO,07/01/2020,11:18:40,4.7,4.65,43000,4.75,30100,0,1560900
TATAMOTORS30Jan20195CE.NFO,07/01/2020,11:18:54,4.7,4.7,17200,4.75,30100,0,1560900
TATAMOTORS30Jan20195CE.NFO,07/01/2020,11:19:00,4.75,4.7,21500,4.8,34400,12900,1560900
TATAMOTORS30Jan20195CE.NFO,07/01/2020,11:19:06,4.75,4.7,21500,4.8,34400,0,1560900
TATAMOTORS30Jan20195CE.NFO,07/01/2020,11:19:12,4.75,4.7,21500,4.75,8600,0,1560900
TATAMOTORS30Jan20195CE.NFO,07/01/2020,11:19:18,4.75,4.6,38700,4.7,38700,0,1560900
TATAMOTORS30Jan20195CE.NFO,07/01/2020,11:19:27,4.6,4.6,8600,4.65,4300,30100,1560900
TATAMOTORS30Jan20195CE.NFO,07/01/2020,11:19:34,4.6,4.7,12900,4.75,8600,0,1560900
TATAMOTORS30Jan20195CE.NFO,07/01/2020,11:19:39,4.7,4.65,34400,4.75,43000,4300,1560900
TATAMOTORS30Jan20195CE.NFO,07/01/2020,11:19:45,4.7,4.7,4300,4.75,30100,0,1560900
TATAMOTORS30Jan20195CE.NFO,07/01/2020,11:19:51,4.7,4.7,4300,4.75,25800,0,1560900
TATAMOTORS30Jan20195CE.NFO,07/01/2020,11:19:55,4.7,4.7,4300,4.75,34400,0,1560900
TATAMOTORS30Jan20195CE.NFO,07/01/2020,11:20:03,4.7,4.7,4300,4.75,8600,0,1560900
TATAMOTORS30Jan20195CE.NFO,07/01/2020,11:20:09,4.7,4.7,38700,4.8,34400,0,1560900
TATAMOTORS30Jan20195CE.NFO,07/01/2020,11:20:15,4.7,4.7,51600,4.8,25800,0,1560900
TATAMOTORS30Jan20195CE.NFO,07/01/2020,11:20:20,4.7,4.7,51600,4.8,30100,0,1560900
TATAMOTORS30Jan20195CE.NFO,07/01/2020,11:20:25,4.7,4.75,21500,4.8,8600,0,1560900
TATAMOTORS30Jan20195CE.NFO,07/01/2020,11:20:31,4.8,4.75,34400,4.85,30100,4300,1560900
TATAMOTORS30Jan20195CE.NFO,07/01/2020,11:20:36,4.8,4.75,34400,4.85,30100,0,1560900
TATAMOTORS30Jan20195CE.NFO,07/01/2020,11:20:42,4.8,4.75,38700,4.85,30100,0,1560900
TATAMOTORS30Jan20195CE.NFO,07/01/2020,11:20:47,4.8,4.75,43000,4.85,34400,0,1560900
TATAMOTORS30Jan20195CE.NFO,07/01/2020,11:20:53,4.8,4.75,43000,4.85,30100,0,1560900
TATAMOTORS30Jan20195CE.NFO,07/01/2020,11:20:59,4.8,4.75,38700,4.85,30100,0,1560900
TATAMOTORS30Jan20195CE.NFO,07/01/2020,11:21:09,4.8,4.8,12900,4.85,4300,0,1560900
TATAMOTORS30Jan20195CE.NFO,07/01/2020,11:21:14,4.8,4.8,34400,4.9,34400,0,1560900
TATAMOTORS30Jan20195CE.NFO,07/01/2020,11:21:19,4.8,4.8,34400,4.9,38700,0,1560900
TATAMOTORS30Jan20195CE.NFO,07/01/2020,11:21:27,4.8,4.75,38700,4.85,34400,0,1560900
TATAMOTORS30Jan20195CE.NFO,07/01/2020,11:21:33,4.8,4.75,30100,4.85,34400,0,1560900
TATAMOTORS30Jan20195CE.NFO,07/01/2020,11:21:39,4.8,4.75,30100,4.8,4300,0,1560900
TATAMOTORS30Jan20195CE.NFO,07/01/2020,11:21:43,4.8,4.75,34400,4.8,4300,0,1560900
TATAMOTORS30Jan20195CE.NFO,07/01/2020,11:21:52,4.8,4.75,38700,4.8,4300,0,1560900
TATAMOTORS30Jan20195CE.NFO,07/01/2020,11:21:57,4.8,4.75,34400,4.8,4300,0,1560900
TATAMOTORS30Jan20195CE.NFO,07/01/2020,11:22:02,4.8,4.75,38700,4.85,47300,4300,1595300
TATAMOTORS30Jan20195CE.NFO,07/01/2020,11:22:06,4.8,4.75,38700,4.85,47300,0,1595300
TATAMOTORS30Jan20195CE.NFO,07/01/2020,11:22:39,4.8,4.8,4300,4.85,43000,0,1595300
TATAMOTORS30Jan20195CE.NFO,07/01/2020,11:22:43,4.8,4.8,12900,4.85,30100,0,1595300
TATAMOTORS30Jan20195CE.NFO,07/01/2020,11:22:48,4.8,4.8,17200,4.85,30100,0,1595300
TATAMOTORS30Jan20195CE.NFO,07/01/2020,11:23:06,4.8,4.8,51600,4.9,34400,0,1595300
TATAMOTORS30Jan20195CE.NFO,07/01/2020,11:23:10,4.8,4.8,55900,4.9,34400,0,1595300
TATAMOTORS30Jan20195CE.NFO,07/01/2020,11:23:16,4.8,4.8,17200,4.85,38700,0,1595300
TATAMOTORS30Jan20195CE.NFO,07/01/2020,11:23:20,4.85,4.8,38700,4.9,43000,4300,1595300
TATAMOTORS30Jan20195CE.NFO,07/01/2020,11:23:25,4.85,4.8,38700,4.9,38700,0,1595300
TATAMOTORS30Jan20195CE.NFO,07/01/2020,11:23:39,4.85,4.8,43000,4.9,38700,0,1595300
TATAMOTORS30Jan20195CE.NFO,07/01/2020,11:23:44,4.85,4.8,43000,4.9,51600,0,1595300
TATAMOTORS30Jan20195CE.NFO,07/01/2020,11:23:49,4.85,4.8,38700,4.9,51600,0,1595300
TATAMOTORS30Jan20195CE.NFO,07/01/2020,11:23:52,4.85,4.8,43000,4.9,43000,0,1595300
TATAMOTORS30Jan20195CE.NFO,07/01/2020,11:23:56,4.85,4.8,43000,4.9,47300,0,1595300
TATAMOTORS30Jan20195CE.NFO,07/01/2020,11:24:01,4.85,4.8,43000,4.9,43000,0,1595300
TATAMOTORS30Jan20195CE.NFO,07/01/2020,11:24:06,4.85,4.8,47300,4.9,12900,8600,1599600
TATAMOTORS30Jan20195CE.NFO,07/01/2020,11:24:11,4.85,4.8,47300,4.9,38700,0,1599600
TATAMOTORS30Jan20195CE.NFO,07/01/2020,11:24:16,4.85,4.8,43000,4.9,38700,0,1599600
TATAMOTORS30Jan20195CE.NFO,07/01/2020,11:24:20,4.85,4.8,43000,4.9,34400,0,1599600
TATAMOTORS30Jan20195CE.NFO,07/01/2020,11:24:39,4.85,4.8,47300,4.9,34400,0,1599600
TATAMOTORS30Jan20195CE.NFO,07/01/2020,11:24:43,4.85,4.8,43000,4.9,30100,0,1599600
TATAMOTORS30Jan20195CE.NFO,07/01/2020,11:24:48,4.85,4.8,43000,4.9,34400,0,1599600
TATAMOTORS30Jan20195CE.NFO,07/01/2020,11:24:52,4.85,4.8,47300,4.9,38700,0,1599600
TATAMOTORS30Jan20195CE.NFO,07/01/2020,11:25:01,4.8,4.75,12900,4.85,47300,8600,1599600
TATAMOTORS30Jan20195CE.NFO,07/01/2020,11:25:06,4.8,4.75,38700,4.85,34400,0,1599600
TATAMOTORS30Jan20195CE.NFO,07/01/2020,11:25:19,4.8,4.7,21500,4.8,30100,0,1599600
TATAMOTORS30Jan20195CE.NFO,07/01/2020,11:25:25,4.8,4.7,4300,4.75,17200,0,1599600
TATAMOTORS30Jan20195CE.NFO,07/01/2020,11:25:44,4.8,4.7,8600,4.75,17200,0,1599600
TATAMOTORS30Jan20195CE.NFO,07/01/2020,11:25:49,4.7,4.65,38700,4.75,34400,4300,1599600
TATAMOTORS30Jan20195CE.NFO,07/01/2020,11:25:53,4.7,4.65,4300,4.7,25800,0,1599600
TATAMOTORS30Jan20195CE.NFO,07/01/2020,11:26:04,4.7,4.65,4300,4.7,21500,0,1599600
TATAMOTORS30Jan20195CE.NFO,07/01/2020,11:26:08,4.7,4.6,34400,4.7,25800,0,1599600
TATAMOTORS30Jan20195CE.NFO,07/01/2020,11:26:12,4.65,4.6,34400,4.7,34400,12900,1599600
TATAMOTORS30Jan20195CE.NFO,07/01/2020,11:26:16,4.65,4.6,43000,4.7,34400,0,1599600
TATAMOTORS30Jan20195CE.NFO,07/01/2020,11:26:20,4.65,4.6,43000,4.7,30100,0,1599600
TATAMOTORS30Jan20195CE.NFO,07/01/2020,11:26:24,4.65,4.65,21500,4.7,4300,0,1599600
TATAMOTORS30Jan20195CE.NFO,07/01/2020,11:26:28,4.65,4.65,30100,4.75,38700,0,1599600
TATAMOTORS30Jan20195CE.NFO,07/01/2020,11:26:32,4.65,4.7,30100,4.75,4300,0,1599600
TATAMOTORS30Jan20195CE.NFO,07/01/2020,11:26:37,4.65,4.7,4300,4.75,17200,0,1599600
TATAMOTORS30Jan20195CE.NFO,07/01/2020,11:26:42,4.65,4.65,30100,4.7,17200,0,1599600
TATAMOTORS30Jan20195CE.NFO,07/01/2020,11:26:55,4.65,4.65,34400,4.7,8600,0,1599600
TATAMOTORS30Jan20195CE.NFO,07/01/2020,11:27:02,4.65,4.65,38700,4.7,12900,0,1599600
TATAMOTORS30Jan20195CE.NFO,07/01/2020,11:27:05,4.65,4.65,34400,4.7,12900,0,1599600
TATAMOTORS30Jan20195CE.NFO,07/01/2020,11:27:15,4.7,4.65,30100,4.7,8600,4300,1591000
TATAMOTORS30Jan20195CE.NFO,07/01/2020,11:27:18,4.7,4.65,30100,4.7,8600,0,1591000
TATAMOTORS30Jan20195CE.NFO,07/01/2020,11:27:25,4.7,4.65,30100,4.7,4300,0,1591000
TATAMOTORS30Jan20195CE.NFO,07/01/2020,11:27:28,4.7,4.65,30100,4.7,8600,0,1591000
TATAMOTORS30Jan20195CE.NFO,07/01/2020,11:27:31,4.7,4.65,30100,4.7,12900,0,1591000
TATAMOTORS30Jan20195CE.NFO,07/01/2020,11:27:33,4.7,4.65,30100,4.7,8600,0,1591000
TATAMOTORS30Jan20195CE.NFO,07/01/2020,11:27:36,4.7,4.65,30100,4.7,12900,0,1591000
TATAMOTORS30Jan20195CE.NFO,07/01/2020,11:27:48,4.7,4.65,30100,4.7,8600,4300,1591000
TATAMOTORS30Jan20195CE.NFO,07/01/2020,11:27:55,4.65,4.65,30100,4.7,4300,4300,1591000
TATAMOTORS30Jan20195CE.NFO,07/01/2020,11:27:59,4.65,4.65,30100,4.7,4300,0,1591000
TATAMOTORS30Jan20195CE.NFO,07/01/2020,11:28:09,4.7,4.65,38700,4.75,30100,4300,1591000
TATAMOTORS30Jan20195CE.NFO,07/01/2020,11:28:16,4.7,4.65,30100,4.75,34400,0,1591000
TATAMOTORS30Jan20195CE.NFO,07/01/2020,11:28:20,4.7,4.65,34400,4.75,34400,0,1591000
TATAMOTORS30Jan20195CE.NFO,07/01/2020,11:28:37,4.7,4.65,38700,4.75,34400,0,1591000
TATAMOTORS30Jan20195CE.NFO,07/01/2020,11:28:39,4.7,4.65,38700,4.75,30100,0,1591000
TATAMOTORS30Jan20195CE.NFO,07/01/2020,11:28:43,4.7,4.65,34400,4.75,30100,0,1591000
TATAMOTORS30Jan20195CE.NFO,07/01/2020,11:28:48,4.7,4.65,34400,4.75,34400,0,1591000
TATAMOTORS30Jan20195CE.NFO,07/01/2020,11:29:07,4.7,4.65,8600,4.7,30100,0,1591000
TATAMOTORS30Jan20195CE.NFO,07/01/2020,11:29:11,4.7,4.65,8600,4.7,25800,0,1591000
TATAMOTORS30Jan20195CE.NFO,07/01/2020,11:29:21,4.7,4.65,43000,4.75,38700,0,1591000
TATAMOTORS30Jan20195CE.NFO,07/01/2020,11:29:32,4.7,4.65,43000,4.75,34400,0,1591000
TATAMOTORS30Jan20195CE.NFO,07/01/2020,11:30:07,4.7,4.65,38700,4.75,43000,0,1591000
TATAMOTORS30Jan20195CE.NFO,07/01/2020,11:30:10,4.7,4.65,38700,4.75,38700,0,1591000
TATAMOTORS30Jan20195CE.NFO,07/01/2020,11:30:59,4.7,4.7,38700,4.8,43000,0,1591000
TATAMOTORS30Jan20195CE.NFO,07/01/2020,11:31:05,4.7,4.75,12900,4.8,21500,0,1591000
TATAMOTORS30Jan20195CE.NFO,07/01/2020,11:31:12,4.7,4.7,43000,4.8,34400,0,1591000
TATAMOTORS30Jan20195CE.NFO,07/01/2020,11:31:21,4.7,4.7,43000,4.75,4300,0,1591000
TATAMOTORS30Jan20195CE.NFO,07/01/2020,11:31:26,4.7,4.7,38700,4.75,4300,0,1591000
TATAMOTORS30Jan20195CE.NFO,07/01/2020,11:31:35,4.7,4.7,43000,4.75,8600,0,1591000
TATAMOTORS30Jan20195CE.NFO,07/01/2020,11:31:39,4.7,4.7,38700,4.75,4300,4300,1578100
TATAMOTORS30Jan20195CE.NFO,07/01/2020,11:31:43,4.7,4.7,38700,4.75,4300,0,1578100
TATAMOTORS30Jan20195CE.NFO,07/01/2020,11:31:48,4.75,4.7,43000,4.8,21500,4300,1578100
TATAMOTORS30Jan20195CE.NFO,07/01/2020,11:32:00,4.75,4.7,47300,4.8,30100,0,1578100
TATAMOTORS30Jan20195CE.NFO,07/01/2020,11:32:06,4.8,4.75,34400,4.85,38700,4300,1578100
TATAMOTORS30Jan20195CE.NFO,07/01/2020,11:32:12,4.8,4.75,21500,4.85,43000,0,1578100
TATAMOTORS30Jan20195CE.NFO,07/01/2020,11:32:17,4.8,4.75,30100,4.85,30100,0,1578100
TATAMOTORS30Jan20195CE.NFO,07/01/2020,11:32:26,4.8,4.75,34400,4.85,30100,0,1578100
TATAMOTORS30Jan20195CE.NFO,07/01/2020,11:32:31,4.8,4.7,25800,4.8,43000,0,1578100
TATAMOTORS30Jan20195CE.NFO,07/01/2020,11:32:37,4.8,4.7,34400,4.8,43000,0,1578100
TATAMOTORS30Jan20195CE.NFO,07/01/2020,11:32:41,4.8,4.7,38700,4.8,43000,0,1578100
TATAMOTORS30Jan20195CE.NFO,07/01/2020,11:32:45,4.8,4.7,21500,4.8,43000,4300,1578100
TATAMOTORS30Jan20195CE.NFO,07/01/2020,11:32:49,4.8,4.7,25800,4.75,21500,0,1578100
TATAMOTORS30Jan20195CE.NFO,07/01/2020,11:32:53,4.8,4.7,8600,4.75,8600,0,1578100
TATAMOTORS30Jan20195CE.NFO,07/01/2020,11:32:56,4.8,4.7,17200,4.8,38700,0,1578100
TATAMOTORS30Jan20195CE.NFO,07/01/2020,11:33:01,4.8,4.7,21500,4.8,38700,0,1578100
TATAMOTORS30Jan20195CE.NFO,07/01/2020,11:33:05,4.75,4.7,38700,4.8,34400,4300,1578100
TATAMOTORS30Jan20195CE.NFO,07/01/2020,11:33:08,4.75,4.7,38700,4.8,34400,0,1578100
TATAMOTORS30Jan20195CE.NFO,07/01/2020,11:33:11,4.75,4.7,34400,4.8,43000,0,1578100
TATAMOTORS30Jan20195CE.NFO,07/01/2020,11:33:15,4.75,4.7,43000,4.8,30100,0,1578100
TATAMOTORS30Jan20195CE.NFO,07/01/2020,11:33:28,4.75,4.7,47300,4.8,30100,0,1578100
TATAMOTORS30Jan20195CE.NFO,07/01/2020,11:33:35,4.75,4.7,47300,4.8,21500,0,1578100
TATAMOTORS30Jan20195CE.NFO,07/01/2020,11:33:40,4.75,4.7,51600,4.8,25800,0,1578100
TATAMOTORS30Jan20195CE.NFO,07/01/2020,11:33:44,4.75,4.7,47300,4.8,21500,0,1578100
TATAMOTORS30Jan20195CE.NFO,07/01/2020,11:33:48,4.75,4.7,47300,4.8,17200,0,1578100
TATAMOTORS30Jan20195CE.NFO,07/01/2020,11:33:52,4.75,4.75,21500,4.8,4300,0,1578100
TATAMOTORS30Jan20195CE.NFO,07/01/2020,11:33:57,4.75,4.75,34400,4.85,25800,0,1578100
TATAMOTORS30Jan20195CE.NFO,07/01/2020,11:34:10,4.75,4.8,21500,4.9,38700,0,1578100
TATAMOTORS30Jan20195CE.NFO,07/01/2020,11:34:18,4.75,4.8,34400,4.9,30100,0,1578100
TATAMOTORS30Jan20195CE.NFO,07/01/2020,11:34:37,4.75,4.85,4300,4.9,17200,0,1578100
TATAMOTORS30Jan20195CE.NFO,07/01/2020,11:34:43,4.75,4.8,34400,4.9,21500,0,1578100
TATAMOTORS30Jan20195CE.NFO,07/01/2020,11:34:49,4.75,4.8,38700,4.9,30100,0,1578100
TATAMOTORS30Jan20195CE.NFO,07/01/2020,11:35:01,4.75,4.8,38700,4.9,34400,0,1578100
TATAMOTORS30Jan20195CE.NFO,07/01/2020,11:35:07,4.75,4.8,38700,4.9,21500,0,1578100
TATAMOTORS30Jan20195CE.NFO,07/01/2020,11:35:14,4.75,4.8,38700,4.9,25800,0,1578100
TATAMOTORS30Jan20195CE.NFO,07/01/2020,11:35:20,4.75,4.8,38700,4.9,21500,0,1578100
TATAMOTORS30Jan20195CE.NFO,07/01/2020,11:35:27,4.75,4.85,4300,4.9,25800,0,1578100
TATAMOTORS30Jan20195CE.NFO,07/01/2020,11:35:38,4.75,4.85,38700,4.95,30100,0,1578100
TATAMOTORS30Jan20195CE.NFO,07/01/2020,11:35:50,4.75,4.85,43000,4.95,30100,0,1578100
TATAMOTORS30Jan20195CE.NFO,07/01/2020,11:36:05,4.75,4.85,38700,4.95,30100,0,1578100
TATAMOTORS30Jan20195CE.NFO,07/01/2020,11:36:10,4.75,4.9,12900,4.95,30100,0,1578100
TATAMOTORS30Jan20195CE.NFO,07/01/2020,11:36:25,4.9,4.9,8600,4.95,30100,8600,1582400
TATAMOTORS30Jan20195CE.NFO,07/01/2020,11:36:30,4.9,4.85,25800,4.95,43000,0,1582400
TATAMOTORS30Jan20195CE.NFO,07/01/2020,11:36:36,4.9,4.85,25800,4.95,38700,0,1582400
TATAMOTORS30Jan20195CE.NFO,07/01/2020,11:36:40,4.9,4.85,25800,4.95,34400,0,1582400
TATAMOTORS30Jan20195CE.NFO,07/01/2020,11:36:46,4.9,4.85,25800,4.95,38700,0,1582400
TATAMOTORS30Jan20195CE.NFO,07/01/2020,11:36:52,4.85,4.8,8600,4.85,4300,4300,1582400
TATAMOTORS30Jan20195CE.NFO,07/01/2020,11:36:59,4.85,4.8,8600,4.85,4300,0,1582400
TATAMOTORS30Jan20195CE.NFO,07/01/2020,11:37:10,4.85,4.8,34400,4.9,43000,0,1582400
TATAMOTORS30Jan20195CE.NFO,07/01/2020,11:37:15,4.85,4.8,21500,4.85,8600,0,1582400
TATAMOTORS30Jan20195CE.NFO,07/01/2020,11:37:20,4.85,4.75,17200,4.85,30100,0,1582400
TATAMOTORS30Jan20195CE.NFO,07/01/2020,11:37:24,4.85,4.7,47300,4.8,17200,0,1582400
TATAMOTORS30Jan20195CE.NFO,07/01/2020,11:37:29,4.85,4.7,47300,4.8,12900,0,1582400
TATAMOTORS30Jan20195CE.NFO,07/01/2020,11:37:38,4.85,4.75,30100,4.85,30100,0,1582400
TATAMOTORS30Jan20195CE.NFO,07/01/2020,11:37:44,4.75,4.75,30100,4.85,30100,4300,1582400
TATAMOTORS30Jan20195CE.NFO,07/01/2020,11:37:49,4.75,4.75,30100,4.85,30100,0,1582400
TATAMOTORS30Jan20195CE.NFO,07/01/2020,11:37:53,4.75,4.75,30100,4.85,38700,0,1582400
TATAMOTORS30Jan20195CE.NFO,07/01/2020,11:37:57,4.75,4.75,30100,4.85,25800,0,1582400
TATAMOTORS30Jan20195CE.NFO,07/01/2020,11:38:11,4.75,4.8,25800,4.9,43000,0,1582400
TATAMOTORS30Jan20195CE.NFO,07/01/2020,11:38:16,4.75,4.8,30100,4.9,43000,0,1582400
TATAMOTORS30Jan20195CE.NFO,07/01/2020,11:38:20,4.75,4.85,25800,4.95,38700,0,1582400
TATAMOTORS30Jan20195CE.NFO,07/01/2020,11:38:24,4.75,4.85,25800,4.95,43000,0,1582400
TATAMOTORS30Jan20195CE.NFO,07/01/2020,11:38:32,4.75,4.85,34400,4.95,38700,0,1582400
TATAMOTORS30Jan20195CE.NFO,07/01/2020,11:38:36,4.75,4.85,34400,4.95,34400,0,1582400
TATAMOTORS30Jan20195CE.NFO,07/01/2020,11:38:39,4.75,4.85,38700,4.95,34400,0,1582400
TATAMOTORS30Jan20195CE.NFO,07/01/2020,11:38:43,4.75,4.85,38700,4.95,38700,0,1582400
TATAMOTORS30Jan20195CE.NFO,07/01/2020,11:38:46,4.75,4.85,21500,4.9,4300,0,1582400
TATAMOTORS30Jan20195CE.NFO,07/01/2020,11:38:58,4.75,4.85,12900,4.9,4300,0,1582400
TATAMOTORS30Jan20195CE.NFO,07/01/2020,11:39:05,4.75,4.8,34400,4.9,25800,0,1582400
TATAMOTORS30Jan20195CE.NFO,07/01/2020,11:39:11,4.75,4.8,34400,4.9,30100,0,1582400
TATAMOTORS30Jan20195CE.NFO,07/01/2020,11:39:15,4.75,4.8,12900,4.85,4300,0,1582400
TATAMOTORS30Jan20195CE.NFO,07/01/2020,11:39:24,4.75,4.8,4300,4.85,17200,0,1582400
TATAMOTORS30Jan20195CE.NFO,07/01/2020,11:39:29,4.8,4.75,25800,4.85,25800,4300,1586700
TATAMOTORS30Jan20195CE.NFO,07/01/2020,11:39:34,4.8,4.75,34400,4.85,34400,0,1586700
TATAMOTORS30Jan20195CE.NFO,07/01/2020,11:39:44,4.75,4.7,21500,4.8,21500,4300,1586700
TATAMOTORS30Jan20195CE.NFO,07/01/2020,11:39:50,4.75,4.7,8600,4.75,8600,0,1586700
TATAMOTORS30Jan20195CE.NFO,07/01/2020,11:39:58,4.75,4.7,43000,4.8,38700,0,1586700
TATAMOTORS30Jan20195CE.NFO,07/01/2020,11:40:05,4.75,4.7,38700,4.8,38700,0,1586700
TATAMOTORS30Jan20195CE.NFO,07/01/2020,11:40:11,4.75,4.7,43000,4.8,43000,0,1586700
TATAMOTORS30Jan20195CE.NFO,07/01/2020,11:40:15,4.75,4.7,43000,4.75,4300,0,1586700
TATAMOTORS30Jan20195CE.NFO,07/01/2020,11:40:20,4.75,4.7,38700,4.75,4300,0,1586700
TATAMOTORS30Jan20195CE.NFO,07/01/2020,11:40:24,4.75,4.7,30100,4.75,4300,0,1586700
TATAMOTORS30Jan20195CE.NFO,07/01/2020,11:41:08,4.7,4.7,4300,4.75,30100,4300,1586700
TATAMOTORS30Jan20195CE.NFO,07/01/2020,11:41:17,4.7,4.65,34400,4.75,38700,4300,1586700
TATAMOTORS30Jan20195CE.NFO,07/01/2020,11:41:21,4.7,4.7,4300,4.75,34400,0,1586700
TATAMOTORS30Jan20195CE.NFO,07/01/2020,11:41:24,4.7,4.7,4300,4.75,38700,0,1586700
TATAMOTORS30Jan20195CE.NFO,07/01/2020,11:41:31,4.7,4.7,4300,4.75,34400,0,1586700
TATAMOTORS30Jan20195CE.NFO,07/01/2020,11:41:35,4.7,4.65,30100,4.75,34400,0,1586700
TATAMOTORS30Jan20195CE.NFO,07/01/2020,11:41:38,4.7,4.7,4300,4.75,25800,0,1586700
TATAMOTORS30Jan20195CE.NFO,07/01/2020,11:41:44,4.7,4.65,30100,4.75,30100,0,1586700
TATAMOTORS30Jan20195CE.NFO,07/01/2020,11:42:04,4.7,4.65,30100,4.75,34400,0,1586700
TATAMOTORS30Jan20195CE.NFO,07/01/2020,11:42:23,4.7,4.65,34400,4.75,34400,0,1586700
TATAMOTORS30Jan20195CE.NFO,07/01/2020,11:42:38,4.7,4.7,4300,4.75,30100,0,1586700
TATAMOTORS30Jan20195CE.NFO,07/01/2020,11:42:56,4.7,4.65,21500,4.7,8600,0,1586700
TATAMOTORS30Jan20195CE.NFO,07/01/2020,11:43:03,4.7,4.65,25800,4.7,12900,0,1586700
TATAMOTORS30Jan20195CE.NFO,07/01/2020,11:43:07,4.7,4.65,21500,4.7,12900,0,1586700
