Ticker,Date,Time,LTP,BuyPrice,BuyQty,SellPrice,SellQty,LTQ,OpenInterest
TATACHEM30Jan20640CE.NFO,07/01/2020,09:16:39,37.2,33.35,13500,40,3600,900,0
TATACHEM30Jan20640CE.NFO,07/01/2020,09:16:39,37.2,33.35,13500,40,3600,0,0
TATACHEM30Jan20640CE.NFO,07/01/2020,09:16:39,37.2,33.35,13500,40,3600,0,0
TATACHEM30Jan20640CE.NFO,07/01/2020,09:16:39,37.2,33.35,13500,40,3600,0,0
TATACHEM30Jan20640CE.NFO,07/01/2020,09:16:49,37.2,34.5,2700,40,9000,0,0
TATACHEM30Jan20640CE.NFO,07/01/2020,09:16:59,37.2,34.45,2700,40,10800,0,0
TATACHEM30Jan20640CE.NFO,07/01/2020,09:17:08,37.2,34.45,2700,40,12600,0,0
TATACHEM30Jan20640CE.NFO,07/01/2020,09:17:48,37.2,33.85,1800,40,12600,0,0
TATACHEM30Jan20640CE.NFO,07/01/2020,09:17:58,37.2,30.55,1800,39.05,12600,0,0
TATACHEM30Jan20640CE.NFO,07/01/2020,09:18:08,37.2,32.9,9000,38.15,7200,0,0
TATACHEM30Jan20640CE.NFO,07/01/2020,09:18:17,37.2,33.15,1800,38.15,7200,0,0
TATACHEM30Jan20640CE.NFO,07/01/2020,09:18:26,37.2,32.8,9900,38.15,5400,0,0
TATACHEM30Jan20640CE.NFO,07/01/2020,09:18:34,37.2,32.95,4500,38.15,12600,0,0
TATACHEM30Jan20640CE.NFO,07/01/2020,09:18:44,37.2,32.85,4500,38.15,12600,0,0
TATACHEM30Jan20640CE.NFO,07/01/2020,09:18:53,37.2,32.65,9900,38.15,12600,0,0
TATACHEM30Jan20640CE.NFO,07/01/2020,09:19:10,37.2,32.65,11700,38.15,12600,0,0
TATACHEM30Jan20640CE.NFO,07/01/2020,09:19:19,37.2,32.7,9000,38.15,12600,0,0
TATACHEM30Jan20640CE.NFO,07/01/2020,09:19:27,37.2,33,12600,39.4,12600,0,0
TATACHEM30Jan20640CE.NFO,07/01/2020,09:19:36,37.2,33.1,15300,39.4,10800,0,0
TATACHEM30Jan20640CE.NFO,07/01/2020,09:19:44,37.2,33.1,15300,39.4,7200,0,0
TATACHEM30Jan20640CE.NFO,07/01/2020,09:19:52,37.2,33.1,15300,39.4,12600,0,0
TATACHEM30Jan20640CE.NFO,07/01/2020,09:20:00,37.2,33.1,12600,39.4,12600,0,0
TATACHEM30Jan20640CE.NFO,07/01/2020,09:20:08,37.2,33.15,12600,39.4,12600,0,0
TATACHEM30Jan20640CE.NFO,07/01/2020,09:20:23,37.2,33.15,10800,39.4,12600,0,0
TATACHEM30Jan20640CE.NFO,07/01/2020,09:20:38,37.2,33.15,12600,38.6,12600,0,0
TATACHEM30Jan20640CE.NFO,07/01/2020,09:20:46,37.2,33.15,9000,38.6,12600,0,0
TATACHEM30Jan20640CE.NFO,07/01/2020,09:20:54,37.2,33.15,12600,38.6,7200,0,0
TATACHEM30Jan20640CE.NFO,07/01/2020,09:21:01,37.2,33.2,12600,38.6,12600,0,0
TATACHEM30Jan20640CE.NFO,07/01/2020,09:21:10,37.2,33.25,4500,38.6,12600,0,0
TATACHEM30Jan20640CE.NFO,07/01/2020,09:21:18,37.2,33.25,15300,38.6,12600,0,0
TATACHEM30Jan20640CE.NFO,07/01/2020,09:21:25,37.2,33.95,3600,38.6,12600,0,0
TATACHEM30Jan20640CE.NFO,07/01/2020,09:21:49,37.2,34,8100,38.6,7200,0,0
TATACHEM30Jan20640CE.NFO,07/01/2020,09:21:57,37.2,34.1,9900,38.6,9000,0,0
TATACHEM30Jan20640CE.NFO,07/01/2020,09:22:04,37.2,33.7,18900,38.6,7200,0,0
TATACHEM30Jan20640CE.NFO,07/01/2020,09:22:13,37.2,33.9,12600,38.6,7200,0,0
TATACHEM30Jan20640CE.NFO,07/01/2020,09:22:21,37.2,34,2700,38.6,12600,0,0
TATACHEM30Jan20640CE.NFO,07/01/2020,09:22:28,37.2,33.8,1800,38.6,12600,0,0
TATACHEM30Jan20640CE.NFO,07/01/2020,09:22:36,37.2,33.5,1800,38.6,12600,0,0
TATACHEM30Jan20640CE.NFO,07/01/2020,09:22:42,37.2,33.65,8100,38.6,12600,0,0
TATACHEM30Jan20640CE.NFO,07/01/2020,09:22:50,37.2,33.6,11700,38.6,10800,0,0
TATACHEM30Jan20640CE.NFO,07/01/2020,09:23:05,37.2,33.6,13500,38.6,5400,0,0
TATACHEM30Jan20640CE.NFO,07/01/2020,09:23:12,37.2,33.6,15300,38.6,5400,0,0
TATACHEM30Jan20640CE.NFO,07/01/2020,09:23:26,37.2,33.6,15300,38.6,7200,0,0
TATACHEM30Jan20640CE.NFO,07/01/2020,09:23:32,37.2,33.6,15300,38.6,3600,0,0
TATACHEM30Jan20640CE.NFO,07/01/2020,09:23:44,37.2,33.6,15300,38.6,7200,0,0
TATACHEM30Jan20640CE.NFO,07/01/2020,09:23:58,37.2,33.6,15300,38.6,3600,0,0
TATACHEM30Jan20640CE.NFO,07/01/2020,09:25:05,37.2,33.6,15300,38.6,7200,0,0
TATACHEM30Jan20640CE.NFO,07/01/2020,09:25:12,37.2,34.9,15300,40.55,3600,0,0
TATACHEM30Jan20640CE.NFO,07/01/2020,09:25:20,37.2,35.95,12600,40.5,12600,0,0
TATACHEM30Jan20640CE.NFO,07/01/2020,09:25:26,37.2,36,9000,40.5,12600,0,0
TATACHEM30Jan20640CE.NFO,07/01/2020,09:25:33,37.2,35.65,2700,40.3,10800,0,0
TATACHEM30Jan20640CE.NFO,07/01/2020,09:25:40,37.2,35.1,2700,40.3,12600,0,0
TATACHEM30Jan20640CE.NFO,07/01/2020,09:25:50,37.2,34.95,8100,40.3,12600,0,0
TATACHEM30Jan20640CE.NFO,07/01/2020,09:26:03,37.2,35.05,6300,40.2,12600,0,0
TATACHEM30Jan20640CE.NFO,07/01/2020,09:26:12,37.2,34.85,8100,40.1,12600,0,0
TATACHEM30Jan20640CE.NFO,07/01/2020,09:26:19,37.2,35.55,2700,40.1,12600,0,0
TATACHEM30Jan20640CE.NFO,07/01/2020,09:26:25,37.2,34.95,6300,40.1,12600,0,0
TATACHEM30Jan20640CE.NFO,07/01/2020,09:26:31,37.2,35.6,2700,40.1,7200,0,0
TATACHEM30Jan20640CE.NFO,07/01/2020,09:26:39,37.2,35.2,2700,40.1,7200,0,0
TATACHEM30Jan20640CE.NFO,07/01/2020,09:26:45,37.2,35.15,6300,40.1,9000,0,0
TATACHEM30Jan20640CE.NFO,07/01/2020,09:26:51,37.2,35.15,6300,40.1,10800,0,0
TATACHEM30Jan20640CE.NFO,07/01/2020,09:26:57,37.2,35.15,6300,40.1,9000,0,0
TATACHEM30Jan20640CE.NFO,07/01/2020,09:27:02,37.2,35.15,6300,40.1,12600,0,0
TATACHEM30Jan20640CE.NFO,07/01/2020,09:27:07,37.2,36.05,2700,40,7200,0,0
TATACHEM30Jan20640CE.NFO,07/01/2020,09:27:12,37.2,35.35,2700,40,7200,0,0
TATACHEM30Jan20640CE.NFO,07/01/2020,09:27:25,37.2,36.1,2700,40,5400,0,0
TATACHEM30Jan20640CE.NFO,07/01/2020,09:27:32,37.2,36.1,2700,40,7200,0,0
TATACHEM30Jan20640CE.NFO,07/01/2020,09:27:38,37.2,35.25,8100,40,7200,0,0
TATACHEM30Jan20640CE.NFO,07/01/2020,09:27:44,37.2,35.35,2700,40,9000,0,0
TATACHEM30Jan20640CE.NFO,07/01/2020,09:28:01,37.2,35,9900,40,9000,0,0
TATACHEM30Jan20640CE.NFO,07/01/2020,09:28:13,37.2,35.1,9900,40,5400,0,0
TATACHEM30Jan20640CE.NFO,07/01/2020,09:28:26,37.2,34.8,6300,40,10800,0,0
TATACHEM30Jan20640CE.NFO,07/01/2020,09:28:32,37.2,34.8,9900,40,10800,0,0
TATACHEM30Jan20640CE.NFO,07/01/2020,09:28:38,37.2,35.05,6300,40,10800,0,0
TATACHEM30Jan20640CE.NFO,07/01/2020,09:28:44,37.2,35.15,2700,40,10800,0,0
TATACHEM30Jan20640CE.NFO,07/01/2020,09:28:49,37.2,35.3,2700,40,10800,0,0
TATACHEM30Jan20640CE.NFO,07/01/2020,09:28:55,37.2,35.15,8100,40,10800,0,0
TATACHEM30Jan20640CE.NFO,07/01/2020,09:29:07,37.2,35.45,2700,40,10800,0,0
TATACHEM30Jan20640CE.NFO,07/01/2020,09:29:14,37.2,35.4,8100,40,5400,0,0
TATACHEM30Jan20640CE.NFO,07/01/2020,09:29:19,37.2,35.5,8100,40,5400,0,0
TATACHEM30Jan20640CE.NFO,07/01/2020,09:29:25,37.2,35.2,11700,40,5400,0,0
TATACHEM30Jan20640CE.NFO,07/01/2020,09:29:32,37.2,35.45,6300,40,5400,0,0
TATACHEM30Jan20640CE.NFO,07/01/2020,09:29:38,37.2,35.5,4500,40,5400,0,0
TATACHEM30Jan20640CE.NFO,07/01/2020,09:29:45,37.2,35.7,2700,40,7200,0,0
TATACHEM30Jan20640CE.NFO,07/01/2020,09:29:51,37.2,35.2,8100,40,5400,0,0
TATACHEM30Jan20640CE.NFO,07/01/2020,09:29:56,37.2,35.45,2700,40,5400,0,0
TATACHEM30Jan20640CE.NFO,07/01/2020,09:30:06,37.2,35.65,2700,40,5400,0,0
TATACHEM30Jan20640CE.NFO,07/01/2020,09:30:24,37.2,35.55,4500,40,5400,0,0
TATACHEM30Jan20640CE.NFO,07/01/2020,09:30:29,37.2,36.7,2700,40,5400,0,0
TATACHEM30Jan20640CE.NFO,07/01/2020,09:30:34,37.2,36.75,2700,40.95,5400,0,0
TATACHEM30Jan20640CE.NFO,07/01/2020,09:30:40,37.2,37.05,2700,40.95,5400,0,0
TATACHEM30Jan20640CE.NFO,07/01/2020,09:30:45,37.2,36.35,2700,40.95,3600,0,0
TATACHEM30Jan20640CE.NFO,07/01/2020,09:30:51,37.2,36.1,8100,40.95,3600,0,0
TATACHEM30Jan20640CE.NFO,07/01/2020,09:30:55,37.2,36.1,11700,40.95,3600,0,0
TATACHEM30Jan20640CE.NFO,07/01/2020,09:31:00,37.2,36.1,9900,40.95,3600,0,0
TATACHEM30Jan20640CE.NFO,07/01/2020,09:31:06,37.2,35.35,13500,40.9,10800,0,0
TATACHEM30Jan20640CE.NFO,07/01/2020,09:31:18,37.2,35.35,9900,40.85,10800,0,0
TATACHEM30Jan20640CE.NFO,07/01/2020,09:31:24,37.2,35.35,13500,40.85,10800,0,0
TATACHEM30Jan20640CE.NFO,07/01/2020,09:31:29,37.2,35.35,13500,40.85,7200,0,0
TATACHEM30Jan20640CE.NFO,07/01/2020,09:31:35,37.2,35.35,13500,40.85,5400,0,0
TATACHEM30Jan20640CE.NFO,07/01/2020,09:31:41,37.2,35.35,13500,40.85,3600,0,0
TATACHEM30Jan20640CE.NFO,07/01/2020,09:31:46,37.2,35.35,13500,40.85,5400,0,0
TATACHEM30Jan20640CE.NFO,07/01/2020,09:32:04,37.2,36.65,13500,41.45,3600,0,0
TATACHEM30Jan20640CE.NFO,07/01/2020,09:32:11,37.2,37.85,2700,41.8,7200,0,0
TATACHEM30Jan20640CE.NFO,07/01/2020,09:32:17,37.2,37.55,2700,41.8,5400,0,0
TATACHEM30Jan20640CE.NFO,07/01/2020,09:32:50,37.2,37.55,2700,41.8,7200,0,0
TATACHEM30Jan20640CE.NFO,07/01/2020,09:32:56,37.2,39.35,2700,46.4,5400,0,0
TATACHEM30Jan20640CE.NFO,07/01/2020,09:33:01,37.2,38.15,2700,41.55,1800,0,0
TATACHEM30Jan20640CE.NFO,07/01/2020,09:33:07,37.2,37,4500,41.2,7200,0,0
TATACHEM30Jan20640CE.NFO,07/01/2020,09:33:14,37.2,37.65,2700,41.15,8100,0,0
TATACHEM30Jan20640CE.NFO,07/01/2020,09:33:20,37.2,36.7,9900,41.15,8100,0,0
TATACHEM30Jan20640CE.NFO,07/01/2020,09:33:26,37.2,36.85,3600,41.15,8100,0,0
TATACHEM30Jan20640CE.NFO,07/01/2020,09:33:33,37.2,36.55,11700,41.65,7200,0,0
TATACHEM30Jan20640CE.NFO,07/01/2020,09:33:38,37.2,36.95,8100,41.8,8100,0,0
TATACHEM30Jan20640CE.NFO,07/01/2020,09:33:43,37.2,37.2,9900,44.2,2700,0,0
TATACHEM30Jan20640CE.NFO,07/01/2020,09:33:48,37.2,37.5,2700,42.2,2700,0,0
TATACHEM30Jan20640CE.NFO,07/01/2020,09:33:54,37.2,37.45,5400,44.2,2700,0,0
TATACHEM30Jan20640CE.NFO,07/01/2020,09:33:59,37.2,37.45,5400,41.8,1800,0,0
TATACHEM30Jan20640CE.NFO,07/01/2020,09:34:04,37.2,37.45,14400,44.2,2700,0,0
TATACHEM30Jan20640CE.NFO,07/01/2020,09:34:10,37.2,37.45,12600,44.2,2700,0,0
TATACHEM30Jan20640CE.NFO,07/01/2020,09:34:16,37.2,37.45,10800,44.2,2700,0,0
TATACHEM30Jan20640CE.NFO,07/01/2020,09:34:21,37.2,37.45,5400,42.2,2700,0,0
TATACHEM30Jan20640CE.NFO,07/01/2020,09:34:28,37.2,37.45,9000,42.2,2700,0,0
TATACHEM30Jan20640CE.NFO,07/01/2020,09:34:34,37.2,37.45,5400,42.2,2700,0,0
TATACHEM30Jan20640CE.NFO,07/01/2020,09:34:47,37.2,37.45,5400,44.2,2700,0,0
TATACHEM30Jan20640CE.NFO,07/01/2020,09:34:52,37.2,37.45,5400,42.2,2700,0,0
TATACHEM30Jan20640CE.NFO,07/01/2020,09:35:03,37.2,37.45,9000,42.2,2700,0,0
TATACHEM30Jan20640CE.NFO,07/01/2020,09:35:08,37.2,37.45,5400,42.2,2700,0,0
TATACHEM30Jan20640CE.NFO,07/01/2020,09:35:20,37.2,37.45,5400,41.8,3600,0,0
TATACHEM30Jan20640CE.NFO,07/01/2020,09:35:25,37.2,37.45,5400,41.75,1800,0,0
TATACHEM30Jan20640CE.NFO,07/01/2020,09:35:30,37.2,37.45,10800,44.2,2700,0,0
TATACHEM30Jan20640CE.NFO,07/01/2020,09:35:37,37.2,37.45,5400,41.7,6300,0,0
TATACHEM30Jan20640CE.NFO,07/01/2020,09:35:44,37.2,36.75,9000,41.5,6300,0,0
TATACHEM30Jan20640CE.NFO,07/01/2020,09:35:52,37.2,36.6,6300,41.25,3600,0,0
TATACHEM30Jan20640CE.NFO,07/01/2020,09:36:00,37.2,36.15,8100,41.2,6300,0,0
TATACHEM30Jan20640CE.NFO,07/01/2020,09:36:06,37.2,36.15,8100,41.2,8100,0,0
TATACHEM30Jan20640CE.NFO,07/01/2020,09:36:13,37.2,36.15,13500,41.2,6300,0,0
TATACHEM30Jan20640CE.NFO,07/01/2020,09:36:19,37.2,36.15,13500,41.2,8100,0,0
TATACHEM30Jan20640CE.NFO,07/01/2020,09:36:36,37.2,36.15,13500,41.2,6300,0,0
TATACHEM30Jan20640CE.NFO,07/01/2020,09:36:46,37.2,36.15,11700,41.1,6300,0,0
TATACHEM30Jan20640CE.NFO,07/01/2020,09:36:52,37.2,36.15,13500,41.1,6300,0,0
TATACHEM30Jan20640CE.NFO,07/01/2020,09:37:03,37.2,36.15,11700,41.1,6300,0,0
TATACHEM30Jan20640CE.NFO,07/01/2020,09:37:19,37.2,36.15,13500,41.1,8100,0,0
TATACHEM30Jan20640CE.NFO,07/01/2020,09:37:24,37.2,36.15,11700,41.1,8100,0,0
TATACHEM30Jan20640CE.NFO,07/01/2020,09:37:29,37.2,36.15,11700,41.1,6300,0,0
TATACHEM30Jan20640CE.NFO,07/01/2020,09:37:39,37.2,36.15,11700,41.1,8100,0,0
TATACHEM30Jan20640CE.NFO,07/01/2020,09:37:53,37.2,36.15,13500,41.1,8100,0,0
TATACHEM30Jan20640CE.NFO,07/01/2020,09:37:58,37.2,36.15,13500,41.1,6300,0,0
TATACHEM30Jan20640CE.NFO,07/01/2020,09:38:09,37.2,36.15,13500,41.1,8100,0,0
TATACHEM30Jan20640CE.NFO,07/01/2020,09:38:20,37.2,36.15,13500,40.95,8100,0,0
TATACHEM30Jan20640CE.NFO,07/01/2020,09:38:24,37.2,36.15,11700,40.9,5400,0,0
TATACHEM30Jan20640CE.NFO,07/01/2020,09:38:29,37.2,36.75,10800,40.9,5400,0,0
TATACHEM30Jan20640CE.NFO,07/01/2020,09:38:37,37.2,36.8,10800,40.9,5400,0,0
TATACHEM30Jan20640CE.NFO,07/01/2020,09:38:47,37.2,36.35,12600,41.65,17100,0,0
TATACHEM30Jan20640CE.NFO,07/01/2020,09:38:53,37.2,36.55,10800,40.95,7200,0,0
TATACHEM30Jan20640CE.NFO,07/01/2020,09:38:58,37.2,36.75,3600,40.95,7200,0,0
TATACHEM30Jan20640CE.NFO,07/01/2020,09:39:03,37.2,36.8,8100,40.95,7200,0,0
TATACHEM30Jan20640CE.NFO,07/01/2020,09:39:08,37.2,36.5,10800,40.85,900,0,0
TATACHEM30Jan20640CE.NFO,07/01/2020,09:39:13,37.2,36.55,11700,40.9,1800,0,0
TATACHEM30Jan20640CE.NFO,07/01/2020,09:39:19,37.2,37.3,4500,41.3,900,0,0
TATACHEM30Jan20640CE.NFO,07/01/2020,09:39:24,37.2,37.3,8100,41.65,7200,0,0
TATACHEM30Jan20640CE.NFO,07/01/2020,09:39:45,37.2,37.95,2700,41.55,4500,0,0
TATACHEM30Jan20640CE.NFO,07/01/2020,09:39:50,37.2,37.7,2700,45.35,2700,0,0
TATACHEM30Jan20640CE.NFO,07/01/2020,09:39:56,37.2,37.4,6300,42.2,2700,0,0
TATACHEM30Jan20640CE.NFO,07/01/2020,09:40:00,37.2,37.45,8100,42.2,2700,0,0
TATACHEM30Jan20640CE.NFO,07/01/2020,09:40:06,37.2,38.6,2700,42.2,5400,0,0
TATACHEM30Jan20640CE.NFO,07/01/2020,09:40:13,37.2,38.05,6300,42.2,5400,0,0
TATACHEM30Jan20640CE.NFO,07/01/2020,09:40:19,37.2,37.6,6300,41.8,3600,0,0
TATACHEM30Jan20640CE.NFO,07/01/2020,09:40:30,37.2,37.6,8100,45.85,2700,0,0
TATACHEM30Jan20640CE.NFO,07/01/2020,09:40:36,37.2,37.65,6300,42.2,2700,0,0
TATACHEM30Jan20640CE.NFO,07/01/2020,09:40:41,37.2,37.7,2700,41.75,5400,0,0
TATACHEM30Jan20640CE.NFO,07/01/2020,09:40:47,37.2,37.35,2700,41.7,3600,0,0
TATACHEM30Jan20640CE.NFO,07/01/2020,09:40:52,37.2,37.35,2700,41.65,3600,0,0
TATACHEM30Jan20640CE.NFO,07/01/2020,09:40:58,37.2,37.35,6300,41.6,1800,0,0
TATACHEM30Jan20640CE.NFO,07/01/2020,09:41:03,37.2,37.35,6300,41.8,8100,0,0
TATACHEM30Jan20640CE.NFO,07/01/2020,09:41:09,37.2,38.25,2700,44.7,2700,0,0
TATACHEM30Jan20640CE.NFO,07/01/2020,09:41:14,37.2,38.25,8100,44.7,2700,0,0
TATACHEM30Jan20640CE.NFO,07/01/2020,09:41:19,37.2,38.1,6300,44.7,2700,0,0
TATACHEM30Jan20640CE.NFO,07/01/2020,09:41:24,37.2,38.25,8100,44.7,2700,0,0
TATACHEM30Jan20640CE.NFO,07/01/2020,09:41:30,37.2,38.05,8100,44.7,2700,0,0
TATACHEM30Jan20640CE.NFO,07/01/2020,09:41:35,37.2,38.2,2700,44.25,2700,0,0
TATACHEM30Jan20640CE.NFO,07/01/2020,09:41:50,37.2,38.2,8100,44.25,2700,0,0
TATACHEM30Jan20640CE.NFO,07/01/2020,09:41:56,37.2,37.5,11700,44.25,2700,0,0
TATACHEM30Jan20640CE.NFO,07/01/2020,09:42:04,37.2,37.8,3600,44.25,2700,0,0
TATACHEM30Jan20640CE.NFO,07/01/2020,09:42:11,37.2,36.8,13500,41.8,3600,0,0
TATACHEM30Jan20640CE.NFO,07/01/2020,09:42:18,37.2,36.8,13500,41.55,900,0,0
TATACHEM30Jan20640CE.NFO,07/01/2020,09:42:25,37.2,36.8,15300,41.7,7200,0,0
TATACHEM30Jan20640CE.NFO,07/01/2020,09:42:31,37.2,36.8,15300,41.65,7200,0,0
TATACHEM30Jan20640CE.NFO,07/01/2020,09:42:39,37.2,36.8,15300,41.65,2700,0,0
TATACHEM30Jan20640CE.NFO,07/01/2020,09:42:46,37.2,36.8,15300,41.35,4500,0,0
TATACHEM30Jan20640CE.NFO,07/01/2020,09:42:53,37.2,37.15,6300,41.35,1800,0,0
TATACHEM30Jan20640CE.NFO,07/01/2020,09:42:59,37.2,37.25,2700,41.4,5400,0,0
TATACHEM30Jan20640CE.NFO,07/01/2020,09:43:05,37.2,37.1,4500,41.35,1800,0,0
TATACHEM30Jan20640CE.NFO,07/01/2020,09:43:10,37.2,36.9,9900,41.55,6300,0,0
TATACHEM30Jan20640CE.NFO,07/01/2020,09:43:14,37.2,37.3,2700,41.55,5400,0,0
TATACHEM30Jan20640CE.NFO,07/01/2020,09:43:19,37.2,36.45,13500,41.5,3600,0,0
TATACHEM30Jan20640CE.NFO,07/01/2020,09:43:25,37.2,36.95,11700,41.8,9000,0,0
TATACHEM30Jan20640CE.NFO,07/01/2020,09:43:30,37.2,37.15,2700,41.55,11700,0,0
TATACHEM30Jan20640CE.NFO,07/01/2020,09:43:35,37.2,37.85,2700,41.55,15300,0,0
TATACHEM30Jan20640CE.NFO,07/01/2020,09:43:41,37.2,37,2700,41.55,15300,0,0
TATACHEM30Jan20640CE.NFO,07/01/2020,09:43:46,37.2,36.85,2700,41.15,6300,0,0
TATACHEM30Jan20640CE.NFO,07/01/2020,09:43:51,37.2,36.95,2700,41.15,6300,0,0
TATACHEM30Jan20640CE.NFO,07/01/2020,09:43:56,37.2,36.75,6300,41.15,3600,0,0
TATACHEM30Jan20640CE.NFO,07/01/2020,09:44:02,37.2,37.6,2700,41.15,1800,0,0
TATACHEM30Jan20640CE.NFO,07/01/2020,09:44:08,37.2,37.45,2700,41.35,3600,0,0
TATACHEM30Jan20640CE.NFO,07/01/2020,09:44:14,37.2,37.2,2700,41.3,3600,0,0
TATACHEM30Jan20640CE.NFO,07/01/2020,09:44:19,37.2,36.9,9900,41.3,3600,0,0
TATACHEM30Jan20640CE.NFO,07/01/2020,09:44:25,37.2,37.15,4500,41.3,3600,0,0
TATACHEM30Jan20640CE.NFO,07/01/2020,09:44:30,37.2,36.55,11700,41.3,5400,0,0
TATACHEM30Jan20640CE.NFO,07/01/2020,09:44:34,37.2,36.95,5400,41.25,6300,0,0
TATACHEM30Jan20640CE.NFO,07/01/2020,09:44:44,37.2,36.95,10800,41.25,3600,0,0
TATACHEM30Jan20640CE.NFO,07/01/2020,09:44:49,37.2,37,9000,41.25,3600,0,0
TATACHEM30Jan20640CE.NFO,07/01/2020,09:44:54,37.2,36.95,6300,41.25,5400,0,0
TATACHEM30Jan20640CE.NFO,07/01/2020,09:45:00,37.2,36.95,5400,41.25,3600,0,0
TATACHEM30Jan20640CE.NFO,07/01/2020,09:45:05,37.2,37.2,5400,41.25,3600,0,0
TATACHEM30Jan20640CE.NFO,07/01/2020,09:45:12,37.2,37.45,4500,41.25,1800,0,0
TATACHEM30Jan20640CE.NFO,07/01/2020,09:45:20,37.2,37.4,4500,41.25,1800,0,0
TATACHEM30Jan20640CE.NFO,07/01/2020,09:45:37,37.2,37.4,4500,41.2,5400,0,0
TATACHEM30Jan20640CE.NFO,07/01/2020,09:45:43,37.2,36.55,18000,41.2,5400,0,0
TATACHEM30Jan20640CE.NFO,07/01/2020,09:45:48,37.2,37.15,10800,41.2,5400,0,0
TATACHEM30Jan20640CE.NFO,07/01/2020,09:45:59,37.2,37.15,9000,41.2,5400,0,0
TATACHEM30Jan20640CE.NFO,07/01/2020,09:46:05,37.2,37.2,6300,41.2,5400,0,0
TATACHEM30Jan20640CE.NFO,07/01/2020,09:46:15,37.2,37.2,7200,41.2,5400,0,0
TATACHEM30Jan20640CE.NFO,07/01/2020,09:46:26,37.2,37.2,9900,41.2,5400,0,0
TATACHEM30Jan20640CE.NFO,07/01/2020,09:46:32,37.2,37.25,5400,41.2,5400,0,0
TATACHEM30Jan20640CE.NFO,07/01/2020,09:46:38,37.2,37.2,6300,41.1,4500,0,0
TATACHEM30Jan20640CE.NFO,07/01/2020,09:46:44,37.2,37.2,2700,41.1,4500,0,0
TATACHEM30Jan20640CE.NFO,07/01/2020,09:46:49,37.2,37.2,2700,41.05,2700,0,0
TATACHEM30Jan20640CE.NFO,07/01/2020,09:47:00,37.2,37,6300,41.05,1800,0,0
TATACHEM30Jan20640CE.NFO,07/01/2020,09:47:05,37.2,37,6300,41.15,2700,0,0
TATACHEM30Jan20640CE.NFO,07/01/2020,09:47:09,37.2,37,6300,41.1,4500,0,0
TATACHEM30Jan20640CE.NFO,07/01/2020,09:47:14,37.2,37,6300,41,900,0,0
TATACHEM30Jan20640CE.NFO,07/01/2020,09:47:37,37.2,37,4500,41,900,0,0
TATACHEM30Jan20640CE.NFO,07/01/2020,09:47:46,37.2,37,4500,41,2700,0,0
TATACHEM30Jan20640CE.NFO,07/01/2020,09:48:14,37.2,36.9,2700,40.75,1800,0,0
TATACHEM30Jan20640CE.NFO,07/01/2020,09:48:19,37.2,36.35,11700,40.8,4500,0,0
TATACHEM30Jan20640CE.NFO,07/01/2020,09:48:24,37.2,36.35,11700,41.2,12600,0,0
TATACHEM30Jan20640CE.NFO,07/01/2020,09:48:36,37.2,36.35,6300,41.15,17100,0,0
TATACHEM30Jan20640CE.NFO,07/01/2020,09:48:42,37.2,36.35,11700,40.7,2700,0,0
TATACHEM30Jan20640CE.NFO,07/01/2020,09:48:48,37.2,36.35,11700,41.05,4500,0,0
TATACHEM30Jan20640CE.NFO,07/01/2020,09:48:54,37.2,36.35,11700,41,13500,0,0
TATACHEM30Jan20640CE.NFO,07/01/2020,09:49:01,37.2,36.35,9900,40.8,1800,0,0
TATACHEM30Jan20640CE.NFO,07/01/2020,09:49:07,37.2,36.35,13500,40.95,1800,0,0
TATACHEM30Jan20640CE.NFO,07/01/2020,09:49:13,37.2,36.45,7200,40.9,11700,0,0
TATACHEM30Jan20640CE.NFO,07/01/2020,09:49:18,37.2,36.5,7200,40.9,13500,0,0
TATACHEM30Jan20640CE.NFO,07/01/2020,09:49:23,37.2,36.5,7200,40.9,15300,0,0
TATACHEM30Jan20640CE.NFO,07/01/2020,09:49:29,37.2,36.5,6300,40.9,13500,0,0
TATACHEM30Jan20640CE.NFO,07/01/2020,09:49:36,37.2,36.6,6300,40.9,11700,0,0
TATACHEM30Jan20640CE.NFO,07/01/2020,09:49:46,37.2,36.7,6300,40.9,4500,0,0
TATACHEM30Jan20640CE.NFO,07/01/2020,09:49:56,37.2,36.05,18000,40.9,8100,0,0
TATACHEM30Jan20640CE.NFO,07/01/2020,09:50:05,37.2,36.25,18900,41.5,12600,0,0
TATACHEM30Jan20640CE.NFO,07/01/2020,09:50:10,37.2,36.5,7200,41.45,15300,0,0
TATACHEM30Jan20640CE.NFO,07/01/2020,09:50:26,37.2,36.65,6300,41.45,15300,0,0
TATACHEM30Jan20640CE.NFO,07/01/2020,09:50:31,37.2,37.25,5400,40.85,3600,0,0
TATACHEM30Jan20640CE.NFO,07/01/2020,09:50:35,37.2,36.8,6300,40.8,1800,0,0
TATACHEM30Jan20640CE.NFO,07/01/2020,09:50:39,37.2,36.5,10800,40.8,1800,0,0
TATACHEM30Jan20640CE.NFO,07/01/2020,09:50:53,37.2,36.65,7200,40.8,3600,0,0
TATACHEM30Jan20640CE.NFO,07/01/2020,09:50:58,37.2,36.7,6300,40.8,1800,0,0
TATACHEM30Jan20640CE.NFO,07/01/2020,09:51:03,37.2,36.5,8100,40.8,3600,0,0
TATACHEM30Jan20640CE.NFO,07/01/2020,09:51:09,37.2,36.6,8100,40.8,3600,0,0
TATACHEM30Jan20640CE.NFO,07/01/2020,09:51:14,37.2,36.65,5400,40.8,3600,0,0
TATACHEM30Jan20640CE.NFO,07/01/2020,09:51:22,37.2,36.75,9000,40.8,3600,0,0
TATACHEM30Jan20640CE.NFO,07/01/2020,09:51:26,37.2,36.6,8100,40.8,3600,0,0
TATACHEM30Jan20640CE.NFO,07/01/2020,09:51:30,37.2,36.65,7200,40.8,1800,0,0
TATACHEM30Jan20640CE.NFO,07/01/2020,09:51:39,37.2,36.75,5400,40.75,4500,0,0
TATACHEM30Jan20640CE.NFO,07/01/2020,09:51:54,37.2,37.25,5400,40.75,4500,0,0
TATACHEM30Jan20640CE.NFO,07/01/2020,09:51:59,37.2,36.65,5400,40.75,4500,0,0
TATACHEM30Jan20640CE.NFO,07/01/2020,09:52:03,37.2,36.65,5400,40.7,6300,0,0
TATACHEM30Jan20640CE.NFO,07/01/2020,09:52:14,37.2,36.65,5400,41.1,18000,0,0
TATACHEM30Jan20640CE.NFO,07/01/2020,09:52:19,37.2,36.65,5400,41.1,19800,0,0
TATACHEM30Jan20640CE.NFO,07/01/2020,09:52:29,37.2,35.85,18000,40.95,17100,0,0
TATACHEM30Jan20640CE.NFO,07/01/2020,09:52:35,37.2,35.9,17100,40.95,15300,0,0
TATACHEM30Jan20640CE.NFO,07/01/2020,09:52:44,37.2,36.05,9000,40.85,4500,0,0
TATACHEM30Jan20640CE.NFO,07/01/2020,09:52:48,37.2,36.65,6300,40.6,900,0,0
TATACHEM30Jan20640CE.NFO,07/01/2020,09:52:52,37.2,36.65,4500,40.5,4500,0,0
TATACHEM30Jan20640CE.NFO,07/01/2020,09:52:57,37.2,36.5,8100,40.5,4500,0,0
TATACHEM30Jan20640CE.NFO,07/01/2020,09:53:02,37.2,35.7,10800,40.7,13500,0,0
TATACHEM30Jan20640CE.NFO,07/01/2020,09:53:09,37.2,35.7,10800,40.4,5400,0,0
TATACHEM30Jan20640CE.NFO,07/01/2020,09:53:15,37.2,35.75,13500,40.35,1800,0,0
TATACHEM30Jan20640CE.NFO,07/01/2020,09:53:20,37.2,35.75,13500,40.35,4500,0,0
TATACHEM30Jan20640CE.NFO,07/01/2020,09:53:25,37.2,35.75,13500,40.5,6300,0,0
TATACHEM30Jan20640CE.NFO,07/01/2020,09:53:30,37.2,35.75,13500,40.45,8100,0,0
TATACHEM30Jan20640CE.NFO,07/01/2020,09:53:40,37.2,35.75,15300,40.45,4500,0,0
TATACHEM30Jan20640CE.NFO,07/01/2020,09:53:45,37.2,35.75,15300,41.35,12600,0,0
TATACHEM30Jan20640CE.NFO,07/01/2020,09:53:50,37.2,35.75,15300,41.3,15300,0,0
TATACHEM30Jan20640CE.NFO,07/01/2020,09:54:27,37.2,35.75,11700,41.3,15300,0,0
TATACHEM30Jan20640CE.NFO,07/01/2020,09:54:32,37.2,35.75,8100,41.3,15300,0,0
TATACHEM30Jan20640CE.NFO,07/01/2020,09:54:37,37.2,35.75,9900,41.3,15300,0,0
TATACHEM30Jan20640CE.NFO,07/01/2020,09:54:41,37.2,35.75,11700,41.3,15300,0,0
TATACHEM30Jan20640CE.NFO,07/01/2020,09:54:46,37.2,36.1,2700,41.3,15300,0,0
TATACHEM30Jan20640CE.NFO,07/01/2020,09:54:51,37.2,35.85,2700,41.3,15300,0,0
TATACHEM30Jan20640CE.NFO,07/01/2020,09:54:56,37.2,35.85,4500,41.3,15300,0,0
TATACHEM30Jan20640CE.NFO,07/01/2020,09:55:01,37.2,35.95,6300,41.3,15300,0,0
TATACHEM30Jan20640CE.NFO,07/01/2020,09:55:07,37.2,36.05,9900,41.3,15300,0,0
TATACHEM30Jan20640CE.NFO,07/01/2020,09:55:13,37.2,35.45,15300,41.3,15300,0,0
TATACHEM30Jan20640CE.NFO,07/01/2020,09:55:19,37.2,36.25,4500,40.7,5400,0,0
TATACHEM30Jan20640CE.NFO,07/01/2020,09:55:24,37.2,35.8,13500,40.7,10800,0,0
TATACHEM30Jan20640CE.NFO,07/01/2020,09:55:30,37.2,36.15,9900,40.6,9900,0,0
TATACHEM30Jan20640CE.NFO,07/01/2020,09:55:36,37.2,36.15,3600,40.55,8100,0,0
TATACHEM30Jan20640CE.NFO,07/01/2020,09:55:40,37.2,36.2,2700,40.4,1800,0,0
TATACHEM30Jan20640CE.NFO,07/01/2020,09:55:45,37.2,35.95,6300,41.4,15300,0,0
TATACHEM30Jan20640CE.NFO,07/01/2020,09:55:49,37.2,35.95,13500,41.4,15300,0,0
TATACHEM30Jan20640CE.NFO,07/01/2020,09:55:53,37.2,36.15,4500,40.25,4500,0,0
TATACHEM30Jan20640CE.NFO,07/01/2020,09:55:57,37.2,36.05,4500,40.35,11700,0,0
TATACHEM30Jan20640CE.NFO,07/01/2020,09:56:02,37.2,36.05,4500,40.25,5400,0,0
TATACHEM30Jan20640CE.NFO,07/01/2020,09:56:07,37.2,35.3,15300,40,5400,0,0
TATACHEM30Jan20640CE.NFO,07/01/2020,09:56:14,37.2,36,2700,40.15,8100,0,0
TATACHEM30Jan20640CE.NFO,07/01/2020,09:56:21,37.2,36,4500,40.15,4500,0,0
TATACHEM30Jan20640CE.NFO,07/01/2020,09:56:48,37.2,36.05,2700,40.15,4500,0,0
TATACHEM30Jan20640CE.NFO,07/01/2020,09:57:01,37.2,36.05,2700,40.1,2700,0,0
TATACHEM30Jan20640CE.NFO,07/01/2020,09:57:16,37.2,36.05,2700,40.1,1800,0,0
TATACHEM30Jan20640CE.NFO,07/01/2020,09:57:27,37.2,35.85,6300,41,12600,0,0
TATACHEM30Jan20640CE.NFO,07/01/2020,09:57:38,37.2,35.85,4500,41,12600,0,0
TATACHEM30Jan20640CE.NFO,07/01/2020,09:58:15,37.2,36,9000,41,12600,0,0
TATACHEM30Jan20640CE.NFO,07/01/2020,09:58:20,37.2,36,3600,41,12600,0,0
TATACHEM30Jan20640CE.NFO,07/01/2020,09:58:25,37.2,35.65,14400,41,12600,0,0
TATACHEM30Jan20640CE.NFO,07/01/2020,09:58:30,37.2,35.85,9000,41,12600,0,0
TATACHEM30Jan20640CE.NFO,07/01/2020,09:58:34,37.2,36.05,9900,41,12600,0,0
TATACHEM30Jan20640CE.NFO,07/01/2020,09:58:39,37.2,35.95,9900,41,12600,0,0
TATACHEM30Jan20640CE.NFO,07/01/2020,09:58:43,37.2,36,6300,40.7,17100,0,0
TATACHEM30Jan20640CE.NFO,07/01/2020,09:58:48,37.2,36,6300,40.5,15300,0,0
TATACHEM30Jan20640CE.NFO,07/01/2020,09:58:54,37.2,36,6300,40.4,15300,0,0
TATACHEM30Jan20640CE.NFO,07/01/2020,09:59:00,37.2,36.05,9900,40.25,1800,0,0
TATACHEM30Jan20640CE.NFO,07/01/2020,09:59:06,37.2,36,6300,40.15,4500,0,0
TATACHEM30Jan20640CE.NFO,07/01/2020,09:59:12,37.2,35.85,9000,41.3,15300,0,0
TATACHEM30Jan20640CE.NFO,07/01/2020,09:59:18,37.2,36,5400,40.25,3600,0,0
TATACHEM30Jan20640CE.NFO,07/01/2020,09:59:24,37.2,35.95,9000,40.2,6300,0,0
TATACHEM30Jan20640CE.NFO,07/01/2020,09:59:34,37.2,35.95,9000,40.2,9900,0,0
TATACHEM30Jan20640CE.NFO,07/01/2020,09:59:39,37.2,36.05,4500,40.2,4500,0,0
TATACHEM30Jan20640CE.NFO,07/01/2020,09:59:44,37.2,35.85,10800,40.2,1800,0,0
TATACHEM30Jan20640CE.NFO,07/01/2020,09:59:49,37.2,36.55,7200,40.2,1800,0,0
TATACHEM30Jan20640CE.NFO,07/01/2020,09:59:52,37.2,36.05,7200,40.2,1800,0,0
TATACHEM30Jan20640CE.NFO,07/01/2020,09:59:57,37.2,36.55,7200,40.2,1800,0,0
TATACHEM30Jan20640CE.NFO,07/01/2020,10:00:01,37.2,35.9,9900,40.4,9000,0,0
TATACHEM30Jan20640CE.NFO,07/01/2020,10:00:05,37.2,35.9,9900,40.4,10800,0,0
TATACHEM30Jan20640CE.NFO,07/01/2020,10:00:16,37.2,35.9,9900,40.4,7200,0,0
TATACHEM30Jan20640CE.NFO,07/01/2020,10:00:21,37.2,35.95,9000,40.4,10800,0,0
TATACHEM30Jan20640CE.NFO,07/01/2020,10:00:27,37.2,35.85,8100,40.35,13500,0,0
TATACHEM30Jan20640CE.NFO,07/01/2020,10:00:32,37.2,35.25,10800,40.35,15300,0,0
TATACHEM30Jan20640CE.NFO,07/01/2020,10:00:36,37.2,35.55,4500,40.35,15300,0,0
TATACHEM30Jan20640CE.NFO,07/01/2020,10:00:41,37.2,35.55,6300,40.35,15300,0,0
TATACHEM30Jan20640CE.NFO,07/01/2020,10:00:48,37.2,35.55,8100,40.35,15300,0,0
TATACHEM30Jan20640CE.NFO,07/01/2020,10:00:54,37.2,34.75,15300,40.35,15300,0,0
TATACHEM30Jan20640CE.NFO,07/01/2020,10:01:13,37.2,35.15,2700,39.85,4500,0,0
TATACHEM30Jan20640CE.NFO,07/01/2020,10:01:20,37.2,34.25,8100,38.7,9900,0,0
TATACHEM30Jan20640CE.NFO,07/01/2020,10:01:26,37.2,33.55,13500,38.55,7200,0,0
TATACHEM30Jan20640CE.NFO,07/01/2020,10:01:32,37.2,34.55,2700,39.5,15300,0,0
TATACHEM30Jan20640CE.NFO,07/01/2020,10:01:37,37.2,34.25,9900,38.95,6300,0,0
TATACHEM30Jan20640CE.NFO,07/01/2020,10:01:43,37.2,34.55,2700,38.95,7200,0,0
TATACHEM30Jan20640CE.NFO,07/01/2020,10:01:49,37.2,34.3,2700,38.8,8100,0,0
TATACHEM30Jan20640CE.NFO,07/01/2020,10:02:01,37.2,34.1,9900,38.8,15300,0,0
TATACHEM30Jan20640CE.NFO,07/01/2020,10:02:06,37.2,33.6,6300,38.8,15300,0,0
TATACHEM30Jan20640CE.NFO,07/01/2020,10:02:12,37.2,33.8,11700,38.8,15300,0,0
TATACHEM30Jan20640CE.NFO,07/01/2020,10:02:17,37.2,33.8,8100,38.8,15300,0,0
TATACHEM30Jan20640CE.NFO,07/01/2020,10:02:22,37.2,34,4500,38.2,4500,0,0
TATACHEM30Jan20640CE.NFO,07/01/2020,10:02:27,37.2,33.95,2700,38.15,4500,0,0
TATACHEM30Jan20640CE.NFO,07/01/2020,10:02:32,37.2,34,2700,38.45,11700,0,0
TATACHEM30Jan20640CE.NFO,07/01/2020,10:02:37,37.2,34,4500,38.45,3600,0,0
TATACHEM30Jan20640CE.NFO,07/01/2020,10:02:42,37.2,33.95,4500,38.4,7200,0,0
TATACHEM30Jan20640CE.NFO,07/01/2020,10:02:47,37.2,34.05,1800,38.25,4500,0,0
TATACHEM30Jan20640CE.NFO,07/01/2020,10:02:52,37.2,33.85,9900,38.7,10800,0,0
TATACHEM30Jan20640CE.NFO,07/01/2020,10:02:57,37.2,33.85,8100,38.45,8100,0,0
TATACHEM30Jan20640CE.NFO,07/01/2020,10:03:03,37.2,33.85,7200,38.45,3600,0,0
TATACHEM30Jan20640CE.NFO,07/01/2020,10:03:08,37.2,34.15,3600,38.35,4500,0,0
TATACHEM30Jan20640CE.NFO,07/01/2020,10:03:15,37.2,33.5,19800,38.35,13500,0,0
TATACHEM30Jan20640CE.NFO,07/01/2020,10:03:20,37.2,34,6300,38.35,8100,0,0
TATACHEM30Jan20640CE.NFO,07/01/2020,10:03:26,37.2,33.75,3600,38.35,15300,0,0
TATACHEM30Jan20640CE.NFO,07/01/2020,10:03:47,37.2,33.75,3600,38.35,13500,0,0
TATACHEM30Jan20640CE.NFO,07/01/2020,10:03:52,37.2,33.55,8100,38.35,15300,0,0
TATACHEM30Jan20640CE.NFO,07/01/2020,10:03:58,37.2,33.65,7200,38.15,11700,0,0
TATACHEM30Jan20640CE.NFO,07/01/2020,10:04:04,37.2,33.7,3600,38.15,13500,0,0
TATACHEM30Jan20640CE.NFO,07/01/2020,10:04:09,37.2,33.7,3600,37.4,2700,0,0
TATACHEM30Jan20640CE.NFO,07/01/2020,10:04:19,37.2,33.7,3600,37.35,6300,0,0
TATACHEM30Jan20640CE.NFO,07/01/2020,10:04:25,37.2,33.55,12600,37.95,5400,0,0
TATACHEM30Jan20640CE.NFO,07/01/2020,10:04:35,37.2,33.65,10800,37.85,2700,0,0
TATACHEM30Jan20640CE.NFO,07/01/2020,10:04:40,37.2,33.75,6300,38.9,17100,0,0
TATACHEM30Jan20640CE.NFO,07/01/2020,10:04:45,37.2,33.65,8100,37.8,3600,0,0
TATACHEM30Jan20640CE.NFO,07/01/2020,10:04:51,37.2,33.65,8100,37.85,2700,0,0
TATACHEM30Jan20640CE.NFO,07/01/2020,10:04:56,37.2,33.65,8100,38.15,7200,0,0
TATACHEM30Jan20640CE.NFO,07/01/2020,10:05:01,37.2,33.65,8100,38.1,6300,0,0
TATACHEM30Jan20640CE.NFO,07/01/2020,10:05:07,37.2,33.65,8100,38.1,4500,0,0
TATACHEM30Jan20640CE.NFO,07/01/2020,10:05:12,37.2,33.75,6300,38.1,8100,0,0
TATACHEM30Jan20640CE.NFO,07/01/2020,10:05:17,37.2,33.65,8100,38.1,4500,0,0
TATACHEM30Jan20640CE.NFO,07/01/2020,10:05:31,37.2,33.65,8100,38.1,13500,0,0
TATACHEM30Jan20640CE.NFO,07/01/2020,10:05:44,37.2,33.65,8100,38.1,15300,0,0
TATACHEM30Jan20640CE.NFO,07/01/2020,10:06:02,37.2,33.4,1800,38.1,15300,0,0
TATACHEM30Jan20640CE.NFO,07/01/2020,10:06:08,37.2,32.8,3600,38.1,15300,0,0
TATACHEM30Jan20640CE.NFO,07/01/2020,10:06:14,37.2,32.9,3600,38.1,15300,0,0
TATACHEM30Jan20640CE.NFO,07/01/2020,10:06:19,37.2,32.75,9000,38.1,15300,0,0
TATACHEM30Jan20640CE.NFO,07/01/2020,10:06:26,37.2,32.85,5400,38.1,15300,0,0
TATACHEM30Jan20640CE.NFO,07/01/2020,10:06:37,37.2,33.1,7200,38.1,15300,0,0
TATACHEM30Jan20640CE.NFO,07/01/2020,10:06:41,37.2,33,3600,38.1,15300,0,0
TATACHEM30Jan20640CE.NFO,07/01/2020,10:06:46,37.2,32.8,8100,38.1,15300,0,0
TATACHEM30Jan20640CE.NFO,07/01/2020,10:06:52,37.2,32.85,5400,38.1,15300,0,0
TATACHEM30Jan20640CE.NFO,07/01/2020,10:06:57,37.2,33.05,5400,38.1,15300,0,0
TATACHEM30Jan20640CE.NFO,07/01/2020,10:07:01,37.2,32.95,11700,38.1,15300,0,0
TATACHEM30Jan20640CE.NFO,07/01/2020,10:07:06,37.2,33,3600,38.1,15300,0,0
TATACHEM30Jan20640CE.NFO,07/01/2020,10:07:12,37.2,32.8,7200,38.1,15300,0,0
TATACHEM30Jan20640CE.NFO,07/01/2020,10:07:23,37.2,32.85,9000,38.1,15300,0,0
TATACHEM30Jan20640CE.NFO,07/01/2020,10:07:30,37.2,32.95,13500,37.35,1800,0,0
TATACHEM30Jan20640CE.NFO,07/01/2020,10:07:36,37.2,33.05,2700,36.85,2700,0,0
TATACHEM30Jan20640CE.NFO,07/01/2020,10:07:42,37.2,33.3,1800,37.45,6300,0,0
TATACHEM30Jan20640CE.NFO,07/01/2020,10:07:48,37.2,33.5,1800,38.45,15300,0,0
TATACHEM30Jan20640CE.NFO,07/01/2020,10:07:54,37.2,32.7,12600,38.45,15300,0,0
TATACHEM30Jan20640CE.NFO,07/01/2020,10:08:14,37.2,34,2700,38.4,13500,0,0
TATACHEM30Jan20640CE.NFO,07/01/2020,10:08:19,37.2,33.65,4500,38.35,15300,0,0
TATACHEM30Jan20640CE.NFO,07/01/2020,10:08:25,37.2,33.65,11700,38.35,13500,0,0
TATACHEM30Jan20640CE.NFO,07/01/2020,10:08:39,37.2,34,2700,38.1,4500,0,0
TATACHEM30Jan20640CE.NFO,07/01/2020,10:08:45,37.2,34,5400,38.3,11700,0,0
TATACHEM30Jan20640CE.NFO,07/01/2020,10:09:02,37.2,34,5400,38.3,13500,0,0
TATACHEM30Jan20640CE.NFO,07/01/2020,10:09:23,37.2,34,7200,38.3,9000,0,0
TATACHEM30Jan20640CE.NFO,07/01/2020,10:09:28,37.2,34,7200,38.2,2700,0,0
TATACHEM30Jan20640CE.NFO,07/01/2020,10:09:34,37.2,34,7200,38.2,4500,0,0
TATACHEM30Jan20640CE.NFO,07/01/2020,10:09:39,37.2,34,7200,38.2,8100,0,0
TATACHEM30Jan20640CE.NFO,07/01/2020,10:09:43,37.2,34,5400,38.2,8100,0,0
TATACHEM30Jan20640CE.NFO,07/01/2020,10:09:49,37.2,34,7200,38.2,4500,0,0
TATACHEM30Jan20640CE.NFO,07/01/2020,10:09:53,37.2,34,18000,38.95,13500,0,0
TATACHEM30Jan20640CE.NFO,07/01/2020,10:09:59,37.2,34,18000,38.95,4500,0,0
TATACHEM30Jan20640CE.NFO,07/01/2020,10:10:06,37.2,34,18000,38.95,6300,0,0
TATACHEM30Jan20640CE.NFO,07/01/2020,10:10:19,37.2,34.45,6300,38.75,1800,0,0
TATACHEM30Jan20640CE.NFO,07/01/2020,10:10:24,37.2,34.7,5400,38.75,2700,0,0
TATACHEM30Jan20640CE.NFO,07/01/2020,10:10:29,37.2,34.5,3600,38.8,2700,0,0
TATACHEM30Jan20640CE.NFO,07/01/2020,10:10:34,37.2,34.55,2700,38.7,2700,0,0
TATACHEM30Jan20640CE.NFO,07/01/2020,10:10:38,37.2,34.55,4500,39,6300,0,0
TATACHEM30Jan20640CE.NFO,07/01/2020,10:10:43,37.2,34.55,2700,39,13500,0,0
TATACHEM30Jan20640CE.NFO,07/01/2020,10:10:53,37.2,34.55,4500,39,13500,0,0
TATACHEM30Jan20640CE.NFO,07/01/2020,10:10:58,37.2,34.4,9900,39,13500,0,0
TATACHEM30Jan20640CE.NFO,07/01/2020,10:11:07,37.2,34.6,2700,38.8,2700,0,0
TATACHEM30Jan20640CE.NFO,07/01/2020,10:11:12,37.2,34.3,15300,39.7,12600,0,0
TATACHEM30Jan20640CE.NFO,07/01/2020,10:11:18,37.2,34.95,2700,39.2,6300,0,0
TATACHEM30Jan20640CE.NFO,07/01/2020,10:11:24,37.2,34.85,4500,39.15,7200,0,0
TATACHEM30Jan20640CE.NFO,07/01/2020,10:11:34,37.2,35.4,2700,39.65,15300,0,0
TATACHEM30Jan20640CE.NFO,07/01/2020,10:11:40,37.2,35.35,4500,40.7,12600,0,0
TATACHEM30Jan20640CE.NFO,07/01/2020,10:11:45,37.2,35.05,9900,40.65,15300,0,0
TATACHEM30Jan20640CE.NFO,07/01/2020,10:11:51,37.2,35.05,8100,40.65,15300,0,0
TATACHEM30Jan20640CE.NFO,07/01/2020,10:11:58,37.2,35.05,13500,40.65,15300,0,0
TATACHEM30Jan20640CE.NFO,07/01/2020,10:12:04,37.2,35.65,2700,39.9,2700,0,0
TATACHEM30Jan20640CE.NFO,07/01/2020,10:12:10,37.2,35.9,2700,39.75,4500,0,0
TATACHEM30Jan20640CE.NFO,07/01/2020,10:12:15,37.2,35.3,2700,39.55,4500,0,0
TATACHEM30Jan20640CE.NFO,07/01/2020,10:12:20,37.2,35.3,2700,39.55,8100,0,0
TATACHEM30Jan20640CE.NFO,07/01/2020,10:12:25,37.2,35.1,4500,39.55,13500,0,0
TATACHEM30Jan20640CE.NFO,07/01/2020,10:12:31,37.2,35,4500,39.55,15300,0,0
TATACHEM30Jan20640CE.NFO,07/01/2020,10:12:42,37.2,34.65,6300,39.55,15300,0,0
TATACHEM30Jan20640CE.NFO,07/01/2020,10:12:47,37.2,35.15,2700,39.55,15300,0,0
TATACHEM30Jan20640CE.NFO,07/01/2020,10:12:52,37.2,34.95,4500,39.55,15300,0,0
TATACHEM30Jan20640CE.NFO,07/01/2020,10:13:03,37.2,34.8,6300,38.85,2700,0,0
TATACHEM30Jan20640CE.NFO,07/01/2020,10:13:09,37.2,35,4500,38.85,2700,0,0
TATACHEM30Jan20640CE.NFO,07/01/2020,10:13:16,37.2,34.85,7200,39,6300,0,0
TATACHEM30Jan20640CE.NFO,07/01/2020,10:13:22,37.2,34.8,6300,38.9,2700,0,0
TATACHEM30Jan20640CE.NFO,07/01/2020,10:13:35,37.2,34.75,8100,38.9,2700,0,0
TATACHEM30Jan20640CE.NFO,07/01/2020,10:13:40,37.2,34.8,9000,38.9,2700,0,0
TATACHEM30Jan20640CE.NFO,07/01/2020,10:13:45,37.2,34.85,13500,39,5400,0,0
TATACHEM30Jan20640CE.NFO,07/01/2020,10:13:51,37.2,34.95,8100,39.1,6300,0,0
TATACHEM30Jan20640CE.NFO,07/01/2020,10:13:57,37.2,35,8100,38.95,2700,0,0
TATACHEM30Jan20640CE.NFO,07/01/2020,10:14:02,37.2,35.05,6300,38.95,2700,0,0
TATACHEM30Jan20640CE.NFO,07/01/2020,10:14:19,37.2,35.2,5400,38.9,3600,0,0
TATACHEM30Jan20640CE.NFO,07/01/2020,10:14:25,37.2,34.3,11700,38.7,5400,0,0
TATACHEM30Jan20640CE.NFO,07/01/2020,10:14:30,37.2,34.3,9900,38.65,3600,0,0
TATACHEM30Jan20640CE.NFO,07/01/2020,10:14:36,37.2,35.2,10800,39.6,4500,0,0
TATACHEM30Jan20640CE.NFO,07/01/2020,10:14:42,37.2,35.15,1800,39.35,1800,0,0
TATACHEM30Jan20640CE.NFO,07/01/2020,10:14:47,37.2,35.15,1800,39.35,2700,0,0
TATACHEM30Jan20640CE.NFO,07/01/2020,10:14:53,37.2,35.2,4500,39.4,4500,0,0
TATACHEM30Jan20640CE.NFO,07/01/2020,10:14:58,37.2,35.2,4500,39.4,6300,0,0
TATACHEM30Jan20640CE.NFO,07/01/2020,10:15:05,37.2,35.2,4500,40.4,12600,0,0
TATACHEM30Jan20640CE.NFO,07/01/2020,10:15:15,37.2,35.2,6300,40.4,12600,0,0
TATACHEM30Jan20640CE.NFO,07/01/2020,10:15:21,37.2,35.2,6300,40.35,15300,0,0
TATACHEM30Jan20640CE.NFO,07/01/2020,10:15:25,37.2,35.2,9900,39.7,4500,0,0
TATACHEM30Jan20640CE.NFO,07/01/2020,10:15:30,37.2,35.05,4500,39.65,13500,0,0
TATACHEM30Jan20640CE.NFO,07/01/2020,10:15:53,37.2,35.05,4500,39.65,15300,0,0
TATACHEM30Jan20640CE.NFO,07/01/2020,10:15:59,37.2,35.05,4500,39.65,13500,0,0
TATACHEM30Jan20640CE.NFO,07/01/2020,10:16:04,37.2,35.05,4500,39.65,15300,0,0
TATACHEM30Jan20640CE.NFO,07/01/2020,10:16:17,37.2,35.05,4500,39.65,13500,0,0
TATACHEM30Jan20640CE.NFO,07/01/2020,10:16:25,37.2,35.05,4500,39.65,15300,0,0
TATACHEM30Jan20640CE.NFO,07/01/2020,10:16:30,37.2,35.05,4500,39.65,8100,0,0
TATACHEM30Jan20640CE.NFO,07/01/2020,10:16:36,37.2,35.05,4500,39.65,15300,0,0
TATACHEM30Jan20640CE.NFO,07/01/2020,10:16:41,37.2,35.05,4500,39.65,13500,0,0
TATACHEM30Jan20640CE.NFO,07/01/2020,10:16:50,37.2,35.05,6300,39.65,4500,0,0
TATACHEM30Jan20640CE.NFO,07/01/2020,10:17:01,37.2,35.05,6300,40.65,15300,0,0
TATACHEM30Jan20640CE.NFO,07/01/2020,10:17:18,37.2,35.25,5400,40.65,15300,0,0
TATACHEM30Jan20640CE.NFO,07/01/2020,10:17:27,37.2,35.25,2700,39.45,1800,0,0
TATACHEM30Jan20640CE.NFO,07/01/2020,10:17:33,37.2,35.05,9900,39.2,900,0,0
TATACHEM30Jan20640CE.NFO,07/01/2020,10:17:38,37.2,35.25,9000,39.35,2700,0,0
TATACHEM30Jan20640CE.NFO,07/01/2020,10:17:43,37.2,35.75,9000,39.55,5400,0,0
TATACHEM30Jan20640CE.NFO,07/01/2020,10:17:47,37.2,35.1,1800,39.3,9900,0,0
TATACHEM30Jan20640CE.NFO,07/01/2020,10:17:50,37.2,35.1,1800,40.25,12600,0,0
TATACHEM30Jan20640CE.NFO,07/01/2020,10:18:03,37.2,35.15,4500,40.2,15300,0,0
TATACHEM30Jan20640CE.NFO,07/01/2020,10:18:44,37.2,35.15,4500,39.7,1800,0,0
TATACHEM30Jan20640CE.NFO,07/01/2020,10:18:49,37.2,35.15,4500,39.65,13500,0,0
TATACHEM30Jan20640CE.NFO,07/01/2020,10:19:03,37.2,35.15,4500,39.65,4500,0,0
TATACHEM30Jan20640CE.NFO,07/01/2020,10:19:07,37.2,35.15,4500,39.65,13500,0,0
TATACHEM30Jan20640CE.NFO,07/01/2020,10:19:20,37.2,35.15,4500,39.65,4500,0,0
TATACHEM30Jan20640CE.NFO,07/01/2020,10:19:26,37.2,35.15,4500,39.65,6300,0,0
TATACHEM30Jan20640CE.NFO,07/01/2020,10:19:34,37.2,35.15,4500,39.6,10800,0,0
TATACHEM30Jan20640CE.NFO,07/01/2020,10:19:38,37.2,35.15,4500,39.55,4500,0,0
TATACHEM30Jan20640CE.NFO,07/01/2020,10:19:43,37.2,35.15,4500,39.55,10800,0,0
TATACHEM30Jan20640CE.NFO,07/01/2020,10:19:48,37.2,35.15,4500,39.5,11700,0,0
TATACHEM30Jan20640CE.NFO,07/01/2020,10:19:53,37.2,35.15,4500,39.9,9900,0,0
TATACHEM30Jan20640CE.NFO,07/01/2020,10:19:59,37.2,35.15,4500,39.9,13500,0,0
TATACHEM30Jan20640CE.NFO,07/01/2020,10:20:09,37.2,35.15,4500,39.9,15300,0,0
TATACHEM30Jan20640CE.NFO,07/01/2020,10:20:13,37.2,35.15,4500,39.9,13500,0,0
TATACHEM30Jan20640CE.NFO,07/01/2020,10:20:18,37.2,35.2,9000,39.4,4500,0,0
TATACHEM30Jan20640CE.NFO,07/01/2020,10:20:23,37.2,35.25,9000,39.45,3600,0,0
TATACHEM30Jan20640CE.NFO,07/01/2020,10:20:36,37.2,35.25,4500,39.6,1800,0,0
TATACHEM30Jan20640CE.NFO,07/01/2020,10:20:40,37.2,35.25,6300,39.4,900,0,0
TATACHEM30Jan20640CE.NFO,07/01/2020,10:20:44,37.2,35.05,9000,39.4,4500,0,0
TATACHEM30Jan20640CE.NFO,07/01/2020,10:20:48,37.2,35.05,10800,40.3,18000,0,0
TATACHEM30Jan20640CE.NFO,07/01/2020,10:20:52,37.2,35.15,10800,39.45,4500,0,0
TATACHEM30Jan20640CE.NFO,07/01/2020,10:20:57,37.2,35.25,10800,39.7,3600,0,0
TATACHEM30Jan20640CE.NFO,07/01/2020,10:21:02,37.2,35.3,3600,39.7,2700,0,0
TATACHEM30Jan20640CE.NFO,07/01/2020,10:21:07,37.2,35.8,6300,39.65,3600,0,0
TATACHEM30Jan20640CE.NFO,07/01/2020,10:21:11,37.2,35.35,4500,39.8,900,0,0
TATACHEM30Jan20640CE.NFO,07/01/2020,10:21:16,37.2,35.1,8100,39.85,1800,0,0
TATACHEM30Jan20640CE.NFO,07/01/2020,10:21:21,37.2,35.1,8100,39.8,900,0,0
TATACHEM30Jan20640CE.NFO,07/01/2020,10:21:26,37.2,35.1,15300,39.8,900,0,0
TATACHEM30Jan20640CE.NFO,07/01/2020,10:21:31,37.2,35.1,13500,39.8,900,0,0
TATACHEM30Jan20640CE.NFO,07/01/2020,10:21:36,37.2,35.1,8100,39.8,900,0,0
TATACHEM30Jan20640CE.NFO,07/01/2020,10:21:45,37.2,35.1,9900,39.8,900,0,0
TATACHEM30Jan20640CE.NFO,07/01/2020,10:21:49,37.2,35.1,6300,39.7,5400,0,0
TATACHEM30Jan20640CE.NFO,07/01/2020,10:21:54,37.2,35.1,4500,39.55,4500,0,0
TATACHEM30Jan20640CE.NFO,07/01/2020,10:21:59,37.2,35.1,4500,39.45,1800,0,0
TATACHEM30Jan20640CE.NFO,07/01/2020,10:22:03,37.2,35.25,2700,39.3,1800,0,0
TATACHEM30Jan20640CE.NFO,07/01/2020,10:22:07,37.2,34.35,15300,39.65,10800,0,0
TATACHEM30Jan20640CE.NFO,07/01/2020,10:22:26,37.2,34.35,15300,39.65,1800,0,0
TATACHEM30Jan20640CE.NFO,07/01/2020,10:22:30,37.2,34.35,15300,39.65,3600,0,0
TATACHEM30Jan20640CE.NFO,07/01/2020,10:22:34,37.2,34.35,15300,39.65,1800,0,0
TATACHEM30Jan20640CE.NFO,07/01/2020,10:22:39,37.2,34.35,15300,39.65,9000,0,0
TATACHEM30Jan20640CE.NFO,07/01/2020,10:22:44,37.2,35.2,2700,39.55,9000,0,0
TATACHEM30Jan20640CE.NFO,07/01/2020,10:22:51,37.2,33.75,13500,39.5,15300,0,0
TATACHEM30Jan20640CE.NFO,07/01/2020,10:22:57,37.2,33.75,15300,38.85,9900,0,0
TATACHEM30Jan20640CE.NFO,07/01/2020,10:23:13,37.2,33.75,13500,38.85,8100,0,0
TATACHEM30Jan20640CE.NFO,07/01/2020,10:23:22,37.2,33.75,15300,38.85,4500,0,0
TATACHEM30Jan20640CE.NFO,07/01/2020,10:23:27,37.2,33.75,15300,38.85,8100,0,0
TATACHEM30Jan20640CE.NFO,07/01/2020,10:23:32,37.2,33.75,13500,38.85,15300,0,0
TATACHEM30Jan20640CE.NFO,07/01/2020,10:23:36,37.2,34.3,4500,38.65,10800,0,0
TATACHEM30Jan20640CE.NFO,07/01/2020,10:23:41,37.2,34.1,6300,38.65,9000,0,0
TATACHEM30Jan20640CE.NFO,07/01/2020,10:23:47,37.2,33.85,16200,38.55,4500,0,0
TATACHEM30Jan20640CE.NFO,07/01/2020,10:23:51,37.2,33.35,12600,38.55,4500,0,0
TATACHEM30Jan20640CE.NFO,07/01/2020,10:24:16,37.2,33.4,15300,38.55,4500,0,0
TATACHEM30Jan20640CE.NFO,07/01/2020,10:24:29,37.2,33.4,15300,38.2,900,0,0
TATACHEM30Jan20640CE.NFO,07/01/2020,10:24:32,37.2,33.4,15300,38.45,5400,0,0
TATACHEM30Jan20640CE.NFO,07/01/2020,10:24:47,37.2,33.4,15300,38.2,7200,0,0
TATACHEM30Jan20640CE.NFO,07/01/2020,10:24:51,37.2,33.4,15300,38.45,4500,0,0
TATACHEM30Jan20640CE.NFO,07/01/2020,10:24:56,37.2,33.4,13500,37.95,1800,0,0
TATACHEM30Jan20640CE.NFO,07/01/2020,10:25:00,37.2,33.4,8100,37.85,1800,0,0
TATACHEM30Jan20640CE.NFO,07/01/2020,10:25:05,37.2,33.4,6300,38.05,4500,0,0
TATACHEM30Jan20640CE.NFO,07/01/2020,10:25:12,37.2,33.8,4500,38.1,1800,0,0
TATACHEM30Jan20640CE.NFO,07/01/2020,10:25:16,37.2,33.6,1800,38.05,6300,0,0
TATACHEM30Jan20640CE.NFO,07/01/2020,10:25:24,37.2,33.6,5400,38.05,6300,0,0
TATACHEM30Jan20640CE.NFO,07/01/2020,10:25:28,37.2,33.6,7200,38.05,6300,0,0
TATACHEM30Jan20640CE.NFO,07/01/2020,10:25:33,37.2,33.65,4500,38.05,8100,0,0
TATACHEM30Jan20640CE.NFO,07/01/2020,10:25:37,37.2,33.65,4500,38.05,4500,0,0
TATACHEM30Jan20640CE.NFO,07/01/2020,10:25:41,37.2,33.65,4500,38.05,13500,0,0
TATACHEM30Jan20640CE.NFO,07/01/2020,10:25:46,37.2,33.45,4500,38.05,13500,0,0
TATACHEM30Jan20640CE.NFO,07/01/2020,10:25:51,37.2,33.45,13500,38.95,15300,0,0
TATACHEM30Jan20640CE.NFO,07/01/2020,10:26:01,37.2,33.45,11700,38.95,15300,0,0
TATACHEM30Jan20640CE.NFO,07/01/2020,10:26:11,37.2,33.45,13500,38.95,15300,0,0
TATACHEM30Jan20640CE.NFO,07/01/2020,10:26:24,37.2,33.6,14400,38.95,15300,0,0
TATACHEM30Jan20640CE.NFO,07/01/2020,10:26:28,37.2,33.95,4500,38.9,11700,0,0
TATACHEM30Jan20640CE.NFO,07/01/2020,10:26:31,37.2,33.7,11700,38.85,15300,0,0
TATACHEM30Jan20640CE.NFO,07/01/2020,10:26:34,37.2,33.7,13500,38.85,8100,0,0
TATACHEM30Jan20640CE.NFO,07/01/2020,10:26:38,37.2,33.7,15300,38.8,7200,0,0
TATACHEM30Jan20640CE.NFO,07/01/2020,10:26:42,37.2,33.7,13500,38.75,1800,0,0
TATACHEM30Jan20640CE.NFO,07/01/2020,10:26:47,37.2,33.7,13500,38.65,4500,0,0
TATACHEM30Jan20640CE.NFO,07/01/2020,10:26:51,37.2,33.7,15300,39.65,12600,0,0
TATACHEM30Jan20640CE.NFO,07/01/2020,10:26:56,37.2,34.35,4500,38.9,5400,0,0
TATACHEM30Jan20640CE.NFO,07/01/2020,10:26:59,37.2,33.9,11700,38.85,10800,0,0
TATACHEM30Jan20640CE.NFO,07/01/2020,10:27:04,37.2,34.3,2700,39.7,13500,0,0
TATACHEM30Jan20640CE.NFO,07/01/2020,10:27:09,37.2,34.35,2700,39.05,7200,0,0
TATACHEM30Jan20640CE.NFO,07/01/2020,10:27:12,37.2,34.25,5400,38.9,9900,0,0
TATACHEM30Jan20640CE.NFO,07/01/2020,10:27:13,37.2,34.25,5400,38.9,11700,0,0
TATACHEM30Jan20640CE.NFO,07/01/2020,10:27:18,37.2,34.25,2700,38.9,9000,0,0
TATACHEM30Jan20640CE.NFO,07/01/2020,10:27:18,37.2,33.9,7200,38.9,9000,0,0
TATACHEM30Jan20640CE.NFO,07/01/2020,10:27:19,37.2,33.9,7200,38.9,10800,0,0
TATACHEM30Jan20640CE.NFO,07/01/2020,10:27:20,37.2,33.9,7200,38.9,5400,0,0
TATACHEM30Jan20640CE.NFO,07/01/2020,10:27:22,37.2,34,13500,39.9,12600,0,0
TATACHEM30Jan20640CE.NFO,07/01/2020,10:27:25,37.2,34,11700,39.85,11700,0,0
TATACHEM30Jan20640CE.NFO,07/01/2020,10:27:26,37.2,34,9900,39.85,15300,0,0
TATACHEM30Jan20640CE.NFO,07/01/2020,10:27:27,37.2,34,13500,39.85,15300,0,0
TATACHEM30Jan20640CE.NFO,07/01/2020,10:27:34,37.2,34,11700,39.75,14400,0,0
TATACHEM30Jan20640CE.NFO,07/01/2020,10:27:34,37.2,34,13500,39.55,18000,0,0
TATACHEM30Jan20640CE.NFO,07/01/2020,10:27:35,37.2,34,13500,39.55,19800,0,0
TATACHEM30Jan20640CE.NFO,07/01/2020,10:27:37,37.2,34,13500,39.45,19800,0,0
TATACHEM30Jan20640CE.NFO,07/01/2020,10:27:38,37.2,34,13500,39.25,4500,0,0
TATACHEM30Jan20640CE.NFO,07/01/2020,10:27:39,37.2,34,13500,39.2,13500,0,0
TATACHEM30Jan20640CE.NFO,07/01/2020,10:27:44,37.2,34,13500,39.05,11700,0,0
TATACHEM30Jan20640CE.NFO,07/01/2020,10:27:45,37.2,34,13500,38.95,5400,0,0
TATACHEM30Jan20640CE.NFO,07/01/2020,10:27:49,37.2,34,8100,38.85,3600,0,0
TATACHEM30Jan20640CE.NFO,07/01/2020,10:27:50,37.2,34,4500,38.75,3600,0,0
TATACHEM30Jan20640CE.NFO,07/01/2020,10:27:51,37.2,34.4,4500,39.3,15300,0,0
TATACHEM30Jan20640CE.NFO,07/01/2020,10:27:52,37.2,34.75,2700,38.9,2700,0,0
TATACHEM30Jan20640CE.NFO,07/01/2020,10:27:54,37.2,34.45,2700,38.9,2700,0,0
TATACHEM30Jan20640CE.NFO,07/01/2020,10:27:57,37.2,33.8,15300,38.95,2700,0,0
TATACHEM30Jan20640CE.NFO,07/01/2020,10:27:59,37.2,33.8,11700,38.9,7200,0,0
TATACHEM30Jan20640CE.NFO,07/01/2020,10:28:02,37.2,33.8,6300,38.9,5400,0,0
TATACHEM30Jan20640CE.NFO,07/01/2020,10:28:04,37.2,33.8,6300,38.85,6300,0,0
TATACHEM30Jan20640CE.NFO,07/01/2020,10:28:06,37.2,34.2,2700,38.85,4500,0,0
TATACHEM30Jan20640CE.NFO,07/01/2020,10:28:07,37.2,34.25,9000,39.1,3600,0,0
TATACHEM30Jan20640CE.NFO,07/01/2020,10:28:08,37.2,34.25,9000,39.1,5400,0,0
TATACHEM30Jan20640CE.NFO,07/01/2020,10:28:10,37.2,34.25,5400,39.1,3600,0,0
TATACHEM30Jan20640CE.NFO,07/01/2020,10:28:11,37.2,34.25,7200,39.1,3600,0,0
TATACHEM30Jan20640CE.NFO,07/01/2020,10:28:16,37.2,34.25,7200,39.05,4500,0,0
TATACHEM30Jan20640CE.NFO,07/01/2020,10:28:38,37.2,34.25,4500,39,8100,0,0
TATACHEM30Jan20640CE.NFO,07/01/2020,10:28:48,37.2,34.25,4500,39,5400,0,0
TATACHEM30Jan20640CE.NFO,07/01/2020,10:28:58,37.2,34.25,6300,38.95,4500,0,0
TATACHEM30Jan20640CE.NFO,07/01/2020,10:29:05,37.2,34.6,4500,39.7,15300,0,0
TATACHEM30Jan20640CE.NFO,07/01/2020,10:29:09,37.2,34.2,13500,39.2,8100,0,0
TATACHEM30Jan20640CE.NFO,07/01/2020,10:29:12,37.2,34.35,6300,39.15,1800,0,0
TATACHEM30Jan20640CE.NFO,07/01/2020,10:29:19,37.2,34.6,5400,39.1,1800,0,0
TATACHEM30Jan20640CE.NFO,07/01/2020,10:29:23,37.2,34.4,6300,39.1,1800,0,0
TATACHEM30Jan20640CE.NFO,07/01/2020,10:29:27,37.2,34.4,8100,39.1,1800,0,0
TATACHEM30Jan20640CE.NFO,07/01/2020,10:29:35,37.2,34.4,4500,39.05,1800,0,0
TATACHEM30Jan20640CE.NFO,07/01/2020,10:29:38,37.2,34.4,4500,39.3,3600,0,0
TATACHEM30Jan20640CE.NFO,07/01/2020,10:29:42,37.2,34.4,4500,39.3,10800,0,0
TATACHEM30Jan20640CE.NFO,07/01/2020,10:29:45,37.2,34.45,2700,39.25,6300,0,0
TATACHEM30Jan20640CE.NFO,07/01/2020,10:29:54,37.2,34.45,9900,39.25,6300,0,0
TATACHEM30Jan20640CE.NFO,07/01/2020,10:29:57,37.2,34.45,4500,39.25,6300,0,0
TATACHEM30Jan20640CE.NFO,07/01/2020,10:29:59,37.2,34.45,4500,39.25,11700,0,0
TATACHEM30Jan20640CE.NFO,07/01/2020,10:30:07,37.2,34.45,4500,39.25,9900,0,0
TATACHEM30Jan20640CE.NFO,07/01/2020,10:30:14,37.2,34.45,4500,39.25,6300,0,0
TATACHEM30Jan20640CE.NFO,07/01/2020,10:30:24,37.2,34.5,5400,39.05,5400,0,0
TATACHEM30Jan20640CE.NFO,07/01/2020,10:30:27,37.2,34.5,5400,39.9,16200,0,0
TATACHEM30Jan20640CE.NFO,07/01/2020,10:30:31,37.2,34.5,7200,39.9,19800,0,0
TATACHEM30Jan20640CE.NFO,07/01/2020,10:30:37,37.2,34.5,7200,39.9,21600,0,0
TATACHEM30Jan20640CE.NFO,07/01/2020,10:30:43,37.2,34.3,4500,38.95,3600,0,0
TATACHEM30Jan20640CE.NFO,07/01/2020,10:30:46,37.2,34.5,2700,38.85,1800,0,0
TATACHEM30Jan20640CE.NFO,07/01/2020,10:30:50,37.2,34.3,4500,39.4,18000,0,0
TATACHEM30Jan20640CE.NFO,07/01/2020,10:30:53,37.2,34.35,7200,39.1,9900,0,0
TATACHEM30Jan20640CE.NFO,07/01/2020,10:30:56,37.2,34.35,7200,38.9,1800,0,0
TATACHEM30Jan20640CE.NFO,07/01/2020,10:31:01,37.2,34.35,7200,39.05,5400,0,0
TATACHEM30Jan20640CE.NFO,07/01/2020,10:31:11,37.2,34.35,7200,39,8100,0,0
TATACHEM30Jan20640CE.NFO,07/01/2020,10:31:19,37.2,34.35,7200,39,13500,0,0
TATACHEM30Jan20640CE.NFO,07/01/2020,10:31:30,37.2,34.35,10800,39,13500,0,0
TATACHEM30Jan20640CE.NFO,07/01/2020,10:31:46,37.2,34.35,7200,39,13500,0,0
TATACHEM30Jan20640CE.NFO,07/01/2020,10:31:54,37.2,34.55,4500,39,13500,0,0
TATACHEM30Jan20640CE.NFO,07/01/2020,10:31:58,37.2,34.2,9000,39,13500,0,0
TATACHEM30Jan20640CE.NFO,07/01/2020,10:32:04,37.2,35.7,2700,39.9,13500,0,0
TATACHEM30Jan20640CE.NFO,07/01/2020,10:32:08,37.2,35.75,4500,39.85,9900,0,0
TATACHEM30Jan20640CE.NFO,07/01/2020,10:32:13,37.2,35.85,4500,39.85,7200,0,0
TATACHEM30Jan20640CE.NFO,07/01/2020,10:32:18,37.2,35.65,11700,39.85,7200,0,0
TATACHEM30Jan20640CE.NFO,07/01/2020,10:32:22,37.2,36,2700,39.75,3600,0,0
TATACHEM30Jan20640CE.NFO,07/01/2020,10:32:27,37.2,36.35,2700,40.6,15300,0,0
TATACHEM30Jan20640CE.NFO,07/01/2020,10:32:31,37.2,34.7,4500,39.7,15300,0,0
TATACHEM30Jan20640CE.NFO,07/01/2020,10:32:35,37.2,34.7,15300,40.55,15300,0,0
TATACHEM30Jan20640CE.NFO,07/01/2020,10:32:40,37.2,34.7,13500,40.55,15300,0,0
TATACHEM30Jan20640CE.NFO,07/01/2020,10:32:45,37.2,34.7,15300,40.55,15300,0,0
TATACHEM30Jan20640CE.NFO,07/01/2020,10:33:02,37.2,34.7,8100,39.7,15300,0,0
TATACHEM30Jan20640CE.NFO,07/01/2020,10:33:05,37.2,35,2700,39.15,2700,0,0
TATACHEM30Jan20640CE.NFO,07/01/2020,10:33:08,37.2,34.9,2700,39.15,4500,0,0
TATACHEM30Jan20640CE.NFO,07/01/2020,10:33:14,37.2,34.1,15300,39.5,8100,0,0
TATACHEM30Jan20640CE.NFO,07/01/2020,10:33:17,37.2,34.8,2700,39.5,8100,0,0
TATACHEM30Jan20640CE.NFO,07/01/2020,10:33:21,37.2,34.75,2700,39.5,8100,0,0
TATACHEM30Jan20640CE.NFO,07/01/2020,10:33:24,37.2,35.1,2700,39.5,8100,0,0
TATACHEM30Jan20640CE.NFO,07/01/2020,10:33:27,37.2,34.9,2700,39.2,1800,0,0
TATACHEM30Jan20640CE.NFO,07/01/2020,10:33:32,37.2,35.3,2700,39.3,4500,0,0
TATACHEM30Jan20640CE.NFO,07/01/2020,10:33:35,37.2,34.05,15300,40.05,15300,0,0
TATACHEM30Jan20640CE.NFO,07/01/2020,10:33:48,37.2,35.3,2700,38.95,2700,0,0
TATACHEM30Jan20640CE.NFO,07/01/2020,10:33:51,37.2,35,2700,38.95,2700,0,0
TATACHEM30Jan20640CE.NFO,07/01/2020,10:33:56,37.2,34.55,4500,38.95,8100,0,0
TATACHEM30Jan20640CE.NFO,07/01/2020,10:33:59,37.2,34.6,2700,38.9,4500,0,0
TATACHEM30Jan20640CE.NFO,07/01/2020,10:34:02,37.2,34.6,4500,38.85,4500,0,0
TATACHEM30Jan20640CE.NFO,07/01/2020,10:34:08,37.2,34.6,4500,38.85,1800,0,0
TATACHEM30Jan20640CE.NFO,07/01/2020,10:34:12,37.2,35.4,2700,38.95,1800,0,0
TATACHEM30Jan20640CE.NFO,07/01/2020,10:34:12,37.2,35.4,2700,39.8,15300,0,0
TATACHEM30Jan20640CE.NFO,07/01/2020,10:34:13,37.2,34.85,4500,39.8,15300,0,0
TATACHEM30Jan20640CE.NFO,07/01/2020,10:34:14,37.2,34.95,2700,39.8,15300,0,0
TATACHEM30Jan20640CE.NFO,07/01/2020,10:34:15,37.2,34.35,13500,39.8,15300,0,0
TATACHEM30Jan20640CE.NFO,07/01/2020,10:34:17,37.2,35,2700,39.8,15300,0,0
TATACHEM30Jan20640CE.NFO,07/01/2020,10:34:18,37.2,35.3,2700,39.8,15300,0,0
TATACHEM30Jan20640CE.NFO,07/01/2020,10:34:19,37.2,34.7,9900,39.8,15300,0,0
TATACHEM30Jan20640CE.NFO,07/01/2020,10:34:20,37.2,35.45,2700,39.8,15300,0,0
TATACHEM30Jan20640CE.NFO,07/01/2020,10:34:21,37.2,35,2700,39.8,15300,0,0
TATACHEM30Jan20640CE.NFO,07/01/2020,10:34:22,37.2,34.8,2700,39.8,15300,0,0
TATACHEM30Jan20640CE.NFO,07/01/2020,10:34:23,37.2,34.8,4500,39.8,15300,0,0
TATACHEM30Jan20640CE.NFO,07/01/2020,10:34:24,37.2,34.45,9900,38.8,4500,0,0
TATACHEM30Jan20640CE.NFO,07/01/2020,10:34:25,37.2,34.6,4500,38.75,6300,0,0
TATACHEM30Jan20640CE.NFO,07/01/2020,10:34:26,37.2,34.75,2700,38.75,6300,0,0
TATACHEM30Jan20640CE.NFO,07/01/2020,10:34:28,37.2,34.55,4500,38.75,6300,0,0
TATACHEM30Jan20640CE.NFO,07/01/2020,10:34:31,37.2,34.55,8100,38.75,6300,0,0
TATACHEM30Jan20640CE.NFO,07/01/2020,10:34:32,37.2,34.85,4500,38.75,6300,0,0
TATACHEM30Jan20640CE.NFO,07/01/2020,10:34:33,37.2,35.35,8100,38.75,6300,0,0
TATACHEM30Jan20640CE.NFO,07/01/2020,10:34:35,37.2,34.9,5400,38.75,6300,0,0
TATACHEM30Jan20640CE.NFO,07/01/2020,10:34:36,37.2,35.25,2700,40,12600,0,0
TATACHEM30Jan20640CE.NFO,07/01/2020,10:34:37,37.2,35.05,5400,40,12600,0,0
TATACHEM30Jan20640CE.NFO,07/01/2020,10:34:38,37.2,34.75,5400,40,12600,0,0
TATACHEM30Jan20640CE.NFO,07/01/2020,10:34:39,37.2,34.75,5400,39.95,11700,0,0
TATACHEM30Jan20640CE.NFO,07/01/2020,10:34:40,37.2,34.75,5400,39.95,15300,0,0
TATACHEM30Jan20640CE.NFO,07/01/2020,10:34:41,37.2,34.95,2700,39.95,15300,0,0
TATACHEM30Jan20640CE.NFO,07/01/2020,10:34:42,37.2,34.65,9900,39.95,15300,0,0
TATACHEM30Jan20640CE.NFO,07/01/2020,10:34:43,37.2,34.8,4500,39.95,15300,0,0
TATACHEM30Jan20640CE.NFO,07/01/2020,10:34:48,37.2,34.85,2700,39.95,15300,0,0
TATACHEM30Jan20640CE.NFO,07/01/2020,10:34:51,37.2,35,2700,39.95,15300,0,0
TATACHEM30Jan20640CE.NFO,07/01/2020,10:34:52,37.2,34.65,2700,39.95,15300,0,0
TATACHEM30Jan20640CE.NFO,07/01/2020,10:34:53,37.2,34.4,4500,39.95,15300,0,0
TATACHEM30Jan20640CE.NFO,07/01/2020,10:34:54,37.2,34.45,4500,39.95,15300,0,0
TATACHEM30Jan20640CE.NFO,07/01/2020,10:35:03,37.2,34.5,4500,39.95,15300,0,0
TATACHEM30Jan20640CE.NFO,07/01/2020,10:35:03,37.2,34.9,2700,39.95,15300,0,0
TATACHEM30Jan20640CE.NFO,07/01/2020,10:35:04,37.2,34.55,4500,39.95,15300,0,0
TATACHEM30Jan20640CE.NFO,07/01/2020,10:35:05,37.2,34.65,2700,39.95,15300,0,0
TATACHEM30Jan20640CE.NFO,07/01/2020,10:35:06,37.2,34.5,4500,39.95,15300,0,0
TATACHEM30Jan20640CE.NFO,07/01/2020,10:35:07,37.2,34.5,8100,39.95,15300,0,0
TATACHEM30Jan20640CE.NFO,07/01/2020,10:35:08,37.2,34.5,9900,39.95,15300,0,0
TATACHEM30Jan20640CE.NFO,07/01/2020,10:35:11,37.2,34.65,2700,39.95,15300,0,0
TATACHEM30Jan20640CE.NFO,07/01/2020,10:35:11,37.2,34.8,2700,39.95,15300,0,0
TATACHEM30Jan20640CE.NFO,07/01/2020,10:35:15,37.2,34.85,2700,39.55,9900,0,0
TATACHEM30Jan20640CE.NFO,07/01/2020,10:35:16,37.2,34.8,2700,38.85,2700,0,0
TATACHEM30Jan20640CE.NFO,07/01/2020,10:35:20,37.2,34.75,2700,38.85,8100,0,0
TATACHEM30Jan20640CE.NFO,07/01/2020,10:35:22,37.2,34.5,4500,38.85,9900,0,0
TATACHEM30Jan20640CE.NFO,07/01/2020,10:35:23,37.2,34.5,9900,38.85,8100,0,0
TATACHEM30Jan20640CE.NFO,07/01/2020,10:35:24,37.2,34.6,2700,38.85,4500,0,0
TATACHEM30Jan20640CE.NFO,07/01/2020,10:35:25,37.2,34.6,4500,38.85,4500,0,0
TATACHEM30Jan20640CE.NFO,07/01/2020,10:35:26,37.2,34.6,6300,38.85,4500,0,0
TATACHEM30Jan20640CE.NFO,07/01/2020,10:35:36,37.2,35.45,2700,39.8,6300,0,0
TATACHEM30Jan20640CE.NFO,07/01/2020,10:35:37,37.2,34.85,4500,39.8,15300,0,0
TATACHEM30Jan20640CE.NFO,07/01/2020,10:35:38,37.2,34.75,4500,39.8,15300,0,0
TATACHEM30Jan20640CE.NFO,07/01/2020,10:35:40,37.2,35.2,2700,39.8,15300,0,0
TATACHEM30Jan20640CE.NFO,07/01/2020,10:35:41,37.2,34,9900,39.8,15300,0,0
TATACHEM30Jan20640CE.NFO,07/01/2020,10:35:42,37.2,34.55,2700,39.8,15300,0,0
TATACHEM30Jan20640CE.NFO,07/01/2020,10:35:43,37.2,35.4,2700,39.75,15300,0,0
TATACHEM30Jan20640CE.NFO,07/01/2020,10:35:44,37.2,34.95,2700,39.75,15300,0,0
TATACHEM30Jan20640CE.NFO,07/01/2020,10:35:45,37.2,35.45,2700,39.75,15300,0,0
TATACHEM30Jan20640CE.NFO,07/01/2020,10:35:46,37.2,34.65,8100,39.75,15300,0,0
TATACHEM30Jan20640CE.NFO,07/01/2020,10:35:47,37.2,34.65,9900,39.75,15300,0,0
TATACHEM30Jan20640CE.NFO,07/01/2020,10:35:49,37.2,34.65,11700,39.75,15300,0,0
TATACHEM30Jan20640CE.NFO,07/01/2020,10:35:59,37.2,34.25,4500,38.6,2700,0,0
TATACHEM30Jan20640CE.NFO,07/01/2020,10:36:00,37.2,34.3,2700,38.5,900,0,0
TATACHEM30Jan20640CE.NFO,07/01/2020,10:36:01,37.2,34.3,4500,38.7,2700,0,0
TATACHEM30Jan20640CE.NFO,07/01/2020,10:36:02,37.2,34.45,2700,38.65,3600,0,0
TATACHEM30Jan20640CE.NFO,07/01/2020,10:36:03,37.2,34.5,2700,38.65,3600,0,0
TATACHEM30Jan20640CE.NFO,07/01/2020,10:36:09,37.2,34.6,2700,38.75,6300,0,0
TATACHEM30Jan20640CE.NFO,07/01/2020,10:36:10,37.2,33.95,4500,38.7,7200,0,0
TATACHEM30Jan20640CE.NFO,07/01/2020,10:36:11,37.2,33.95,13500,38.7,7200,0,0
TATACHEM30Jan20640CE.NFO,07/01/2020,10:36:14,37.2,33.95,13500,38.5,3600,0,0
TATACHEM30Jan20640CE.NFO,07/01/2020,10:36:18,37.2,33.95,13500,38.65,4500,0,0
TATACHEM30Jan20640CE.NFO,07/01/2020,10:36:22,37.2,34.55,2700,38.55,3600,0,0
TATACHEM30Jan20640CE.NFO,07/01/2020,10:36:24,37.2,34.6,2700,38.6,1800,0,0
TATACHEM30Jan20640CE.NFO,07/01/2020,10:36:27,37.2,34.6,2700,38.75,1800,0,0
TATACHEM30Jan20640CE.NFO,07/01/2020,10:36:29,37.2,34.6,2700,38.7,1800,0,0
TATACHEM30Jan20640CE.NFO,07/01/2020,10:36:31,37.2,34.7,2700,38.7,1800,0,0
TATACHEM30Jan20640CE.NFO,07/01/2020,10:36:33,37.2,34.45,2700,39.2,15300,0,0
TATACHEM30Jan20640CE.NFO,07/01/2020,10:36:36,37.2,34.2,9900,39.2,15300,0,0
TATACHEM30Jan20640CE.NFO,07/01/2020,10:36:39,37.2,34.75,2700,39.2,15300,0,0
TATACHEM30Jan20640CE.NFO,07/01/2020,10:36:42,37.2,34.65,2700,39.2,15300,0,0
TATACHEM30Jan20640CE.NFO,07/01/2020,10:36:45,37.2,34.3,9900,39.2,15300,0,0
TATACHEM30Jan20640CE.NFO,07/01/2020,10:36:49,37.2,34.15,6300,39.2,15300,0,0
TATACHEM30Jan20640CE.NFO,07/01/2020,10:36:55,37.2,34.15,11700,39.2,15300,0,0
TATACHEM30Jan20640CE.NFO,07/01/2020,10:36:59,37.2,34.35,8100,38.8,1800,0,0
TATACHEM30Jan20640CE.NFO,07/01/2020,10:37:03,37.2,33.9,15300,38.8,5400,0,0
TATACHEM30Jan20640CE.NFO,07/01/2020,10:37:08,37.2,34.3,12600,39.2,10800,0,0
TATACHEM30Jan20640CE.NFO,07/01/2020,10:37:11,37.2,34.3,11700,39.15,13500,0,0
TATACHEM30Jan20640CE.NFO,07/01/2020,10:37:13,37.2,34.35,2700,39.15,13500,0,0
TATACHEM30Jan20640CE.NFO,07/01/2020,10:37:13,37.2,34.25,7200,39.15,15300,0,0
TATACHEM30Jan20640CE.NFO,07/01/2020,10:37:14,37.2,33.6,5400,39.15,15300,0,0
TATACHEM30Jan20640CE.NFO,07/01/2020,10:37:15,37.2,33.6,9000,39.15,15300,0,0
TATACHEM30Jan20640CE.NFO,07/01/2020,10:37:16,37.2,33.6,7200,39.15,15300,0,0
TATACHEM30Jan20640CE.NFO,07/01/2020,10:37:17,37.2,33.65,9900,39.15,15300,0,0
TATACHEM30Jan20640CE.NFO,07/01/2020,10:37:22,37.2,33.65,8100,39.15,15300,0,0
TATACHEM30Jan20640CE.NFO,07/01/2020,10:37:27,37.2,33.65,6300,39.15,15300,0,0
TATACHEM30Jan20640CE.NFO,07/01/2020,10:37:28,37.2,33.65,8100,39.15,15300,0,0
TATACHEM30Jan20640CE.NFO,07/01/2020,10:37:30,37.2,33.65,9900,39.15,15300,0,0
TATACHEM30Jan20640CE.NFO,07/01/2020,10:37:31,37.2,33.65,8100,39.15,15300,0,0
TATACHEM30Jan20640CE.NFO,07/01/2020,10:37:35,37.2,33.65,9900,39.15,15300,0,0
TATACHEM30Jan20640CE.NFO,07/01/2020,10:37:35,37.2,33.65,8100,39.15,15300,0,0
TATACHEM30Jan20640CE.NFO,07/01/2020,10:37:36,37.2,33.55,4500,38.3,15300,0,0
TATACHEM30Jan20640CE.NFO,07/01/2020,10:37:39,37.2,33.6,4500,37.85,5400,0,0
TATACHEM30Jan20640CE.NFO,07/01/2020,10:37:50,37.2,33.6,4500,37.85,3600,0,0
TATACHEM30Jan20640CE.NFO,07/01/2020,10:37:51,37.2,32.95,8100,37.85,7200,0,0
TATACHEM30Jan20640CE.NFO,07/01/2020,10:37:51,37.2,33.7,2700,37.8,11700,0,0
TATACHEM30Jan20640CE.NFO,07/01/2020,10:37:52,37.2,33.5,4500,37.8,13500,0,0
TATACHEM30Jan20640CE.NFO,07/01/2020,10:37:53,37.2,33.55,2700,37.8,13500,0,0
TATACHEM30Jan20640CE.NFO,07/01/2020,10:37:54,37.2,33.35,6300,37.8,13500,0,0
TATACHEM30Jan20640CE.NFO,07/01/2020,10:37:55,37.2,33.35,4500,37.8,13500,0,0
TATACHEM30Jan20640CE.NFO,07/01/2020,10:37:56,37.2,33.4,2700,37.4,1800,0,0
TATACHEM30Jan20640CE.NFO,07/01/2020,10:37:57,37.2,33.9,2700,37.4,1800,0,0
TATACHEM30Jan20640CE.NFO,07/01/2020,10:37:58,37.2,32.7,15300,37.4,1800,0,0
TATACHEM30Jan20640CE.NFO,07/01/2020,10:38:05,37.2,32.85,13500,37.4,1800,0,0
TATACHEM30Jan20640CE.NFO,07/01/2020,10:38:06,37.2,33.8,2700,37.4,1800,0,0
TATACHEM30Jan20640CE.NFO,07/01/2020,10:38:07,37.2,34.05,2700,37.7,6300,0,0
TATACHEM30Jan20640CE.NFO,07/01/2020,10:38:08,37.2,33.8,2700,37.7,4500,0,0
TATACHEM30Jan20640CE.NFO,07/01/2020,10:38:09,37.2,33.8,2700,37.7,6300,0,0
TATACHEM30Jan20640CE.NFO,07/01/2020,10:38:10,37.2,33.6,4500,37.7,6300,0,0
TATACHEM30Jan20640CE.NFO,07/01/2020,10:38:14,37.2,33.6,6300,37.7,6300,0,0
TATACHEM30Jan20640CE.NFO,07/01/2020,10:38:17,37.2,33.65,4500,37.7,8100,0,0
TATACHEM30Jan20640CE.NFO,07/01/2020,10:38:20,37.2,33.45,8100,37.7,9900,0,0
TATACHEM30Jan20640CE.NFO,07/01/2020,10:38:24,37.2,33.6,2700,37.7,11700,0,0
TATACHEM30Jan20640CE.NFO,07/01/2020,10:38:27,37.2,33.8,2700,37.7,11700,0,0
TATACHEM30Jan20640CE.NFO,07/01/2020,10:38:39,37.2,33.8,2700,37.7,9900,0,0
TATACHEM30Jan20640CE.NFO,07/01/2020,10:38:44,37.2,33.6,8100,38.2,8100,0,0
TATACHEM30Jan20640CE.NFO,07/01/2020,10:38:47,37.2,33.7,4500,38.2,13500,0,0
TATACHEM30Jan20640CE.NFO,07/01/2020,10:38:50,37.2,33.6,4500,38.2,15300,0,0
TATACHEM30Jan20640CE.NFO,07/01/2020,10:38:54,37.2,33.75,2700,37.6,1800,0,0
TATACHEM30Jan20640CE.NFO,07/01/2020,10:38:57,37.2,33.45,4500,37.6,2700,0,0
TATACHEM30Jan20640CE.NFO,07/01/2020,10:39:01,37.2,33.45,13500,38.15,13500,0,0
TATACHEM30Jan20640CE.NFO,07/01/2020,10:39:06,37.2,33.6,8100,38.15,13500,0,0
TATACHEM30Jan20640CE.NFO,07/01/2020,10:39:10,37.2,33.6,9900,38.15,13500,0,0
TATACHEM30Jan20640CE.NFO,07/01/2020,10:39:15,37.2,33.6,8100,38.15,13500,0,0
TATACHEM30Jan20640CE.NFO,07/01/2020,10:39:19,37.2,33.85,2700,38.15,13500,0,0
TATACHEM30Jan20640CE.NFO,07/01/2020,10:39:23,37.2,33.85,2700,38.15,15300,0,0
TATACHEM30Jan20640CE.NFO,07/01/2020,10:39:34,37.2,33.65,9900,38.15,15300,0,0
TATACHEM30Jan20640CE.NFO,07/01/2020,10:39:47,37.2,33.95,9000,38.15,15300,0,0
TATACHEM30Jan20640CE.NFO,07/01/2020,10:40:05,37.2,33.95,9000,37.75,4500,0,0
TATACHEM30Jan20640CE.NFO,07/01/2020,10:40:10,37.2,33.75,10800,38.1,10800,0,0
TATACHEM30Jan20640CE.NFO,07/01/2020,10:40:16,37.2,33.75,10800,38.05,13500,0,0
TATACHEM30Jan20640CE.NFO,07/01/2020,10:40:20,37.2,33.75,10800,37.55,6300,0,0
TATACHEM30Jan20640CE.NFO,07/01/2020,10:40:24,37.2,33.75,10800,37.6,3600,0,0
TATACHEM30Jan20640CE.NFO,07/01/2020,10:40:28,37.2,33.95,9900,37.9,4500,0,0
TATACHEM30Jan20640CE.NFO,07/01/2020,10:40:32,37.2,34.6,5400,38.5,4500,0,0
TATACHEM30Jan20640CE.NFO,07/01/2020,10:40:35,37.2,33.75,11700,38.15,1800,0,0
TATACHEM30Jan20640CE.NFO,07/01/2020,10:40:39,37.2,33.85,11700,38.1,4500,0,0
TATACHEM30Jan20640CE.NFO,07/01/2020,10:40:43,37.2,33.95,11700,38.45,13500,0,0
TATACHEM30Jan20640CE.NFO,07/01/2020,10:40:47,37.2,33.95,13500,38.45,4500,0,0
TATACHEM30Jan20640CE.NFO,07/01/2020,10:40:52,37.2,34.45,2700,38.25,6300,0,0
TATACHEM30Jan20640CE.NFO,07/01/2020,10:40:55,37.2,34.3,8100,38.25,6300,0,0
TATACHEM30Jan20640CE.NFO,07/01/2020,10:40:59,37.2,34.6,2700,38.8,13500,0,0
TATACHEM30Jan20640CE.NFO,07/01/2020,10:41:02,37.2,34.4,6300,38.8,13500,0,0
TATACHEM30Jan20640CE.NFO,07/01/2020,10:41:09,37.2,34.5,2700,38.2,1800,0,0
TATACHEM30Jan20640CE.NFO,07/01/2020,10:41:12,37.2,34.5,4500,38.4,5400,0,0
TATACHEM30Jan20640CE.NFO,07/01/2020,10:41:13,37.2,34.9,2700,38.35,6300,0,0
TATACHEM30Jan20640CE.NFO,07/01/2020,10:41:15,37.2,34.55,2700,38.35,6300,0,0
TATACHEM30Jan20640CE.NFO,07/01/2020,10:41:15,37.2,34.85,2700,38.35,8100,0,0
TATACHEM30Jan20640CE.NFO,07/01/2020,10:41:16,37.2,34.55,2700,38.35,8100,0,0
TATACHEM30Jan20640CE.NFO,07/01/2020,10:41:17,37.2,34.9,2700,38.35,6300,0,0
TATACHEM30Jan20640CE.NFO,07/01/2020,10:41:18,37.2,34.55,2700,38.35,4500,0,0
TATACHEM30Jan20640CE.NFO,07/01/2020,10:41:19,37.2,34.55,4500,38.65,10800,0,0
TATACHEM30Jan20640CE.NFO,07/01/2020,10:41:20,37.2,34.55,4500,38.65,7200,0,0
TATACHEM30Jan20640CE.NFO,07/01/2020,10:41:22,37.2,34.55,4500,38.65,3600,0,0
TATACHEM30Jan20640CE.NFO,07/01/2020,10:41:27,37.2,34.55,4500,38.6,3600,0,0
TATACHEM30Jan20640CE.NFO,07/01/2020,10:41:28,37.2,34.6,4500,38.6,5400,0,0
TATACHEM30Jan20640CE.NFO,07/01/2020,10:41:31,37.2,34.4,4500,39.4,18000,0,0
TATACHEM30Jan20640CE.NFO,07/01/2020,10:41:33,37.2,34.4,4500,38.6,2700,0,0
TATACHEM30Jan20640CE.NFO,07/01/2020,10:41:34,37.2,34.4,4500,38.5,5400,0,0
TATACHEM30Jan20640CE.NFO,07/01/2020,10:41:41,37.2,34.4,4500,38.5,10800,0,0
TATACHEM30Jan20640CE.NFO,07/01/2020,10:41:43,37.2,34.4,4500,38.5,12600,0,0
TATACHEM30Jan20640CE.NFO,07/01/2020,10:41:44,37.2,34.4,4500,38.45,13500,0,0
TATACHEM30Jan20640CE.NFO,07/01/2020,10:41:45,37.2,34.4,4500,38.25,7200,0,0
TATACHEM30Jan20640CE.NFO,07/01/2020,10:41:52,37.2,34.4,4500,38.25,4500,0,0
TATACHEM30Jan20640CE.NFO,07/01/2020,10:41:52,37.2,34.4,4500,38.35,6300,0,0
TATACHEM30Jan20640CE.NFO,07/01/2020,10:41:55,37.2,34.4,4500,38.4,3600,0,0
TATACHEM30Jan20640CE.NFO,07/01/2020,10:41:57,37.2,34.4,4500,38.4,5400,0,0
TATACHEM30Jan20640CE.NFO,07/01/2020,10:41:58,37.2,34.4,4500,38.35,4500,0,0
TATACHEM30Jan20640CE.NFO,07/01/2020,10:41:59,37.2,34.4,4500,38.3,5400,0,0
TATACHEM30Jan20640CE.NFO,07/01/2020,10:42:01,37.2,34.4,6300,38.3,5400,0,0
TATACHEM30Jan20640CE.NFO,07/01/2020,10:42:03,37.2,34.4,6300,38.7,5400,0,0
TATACHEM30Jan20640CE.NFO,07/01/2020,10:42:05,37.2,34.4,6300,38.4,3600,0,0
TATACHEM30Jan20640CE.NFO,07/01/2020,10:42:06,37.2,34.4,6300,38.7,1800,0,0
TATACHEM30Jan20640CE.NFO,07/01/2020,10:42:06,37.2,34.4,6300,39.05,14400,0,0
TATACHEM30Jan20640CE.NFO,07/01/2020,10:42:08,37.2,34.4,4500,38.45,2700,0,0
TATACHEM30Jan20640CE.NFO,07/01/2020,10:42:09,37.2,34.4,4500,39,15300,0,0
TATACHEM30Jan20640CE.NFO,07/01/2020,10:42:22,37.2,34.4,4500,39,10800,0,0
TATACHEM30Jan20640CE.NFO,07/01/2020,10:42:25,37.2,34.4,4500,38.95,15300,0,0
TATACHEM30Jan20640CE.NFO,07/01/2020,10:42:32,37.2,34.4,4500,38.95,13500,0,0
TATACHEM30Jan20640CE.NFO,07/01/2020,10:42:35,37.2,34.4,4500,38.95,15300,0,0
TATACHEM30Jan20640CE.NFO,07/01/2020,10:42:38,37.2,34.1,4500,38.95,15300,0,0
TATACHEM30Jan20640CE.NFO,07/01/2020,10:42:42,37.2,34.15,4500,38.95,15300,0,0
TATACHEM30Jan20640CE.NFO,07/01/2020,10:42:45,37.2,34.15,9900,38.95,15300,0,0
TATACHEM30Jan20640CE.NFO,07/01/2020,10:42:55,37.2,34.15,6300,38.95,15300,0,0
TATACHEM30Jan20640CE.NFO,07/01/2020,10:43:02,37.2,34.25,8100,38.95,15300,0,0
TATACHEM30Jan20640CE.NFO,07/01/2020,10:43:05,37.2,33.25,15300,38.95,15300,0,0
TATACHEM30Jan20640CE.NFO,07/01/2020,10:43:11,37.2,33.25,15300,40,15300,0,0
TATACHEM30Jan20640CE.NFO,07/01/2020,10:43:14,37.2,33.25,15300,38.85,15300,0,0
TATACHEM30Jan20640CE.NFO,07/01/2020,10:43:18,37.2,33.25,15300,39.85,15300,0,0
TATACHEM30Jan20640CE.NFO,07/01/2020,10:43:24,37.2,33.25,15300,39.65,15300,0,0
TATACHEM30Jan20640CE.NFO,07/01/2020,10:44:18,37.2,34.5,2700,38,6300,0,0
TATACHEM30Jan20640CE.NFO,07/01/2020,10:44:21,37.2,34.1,4500,39.05,13500,0,0
TATACHEM30Jan20640CE.NFO,07/01/2020,10:44:24,37.2,34.05,2700,39.05,15300,0,0
TATACHEM30Jan20640CE.NFO,07/01/2020,10:44:26,37.2,34.55,2700,39.05,15300,0,0
TATACHEM30Jan20640CE.NFO,07/01/2020,10:44:29,37.2,34.5,4500,39.05,15300,0,0
TATACHEM30Jan20640CE.NFO,07/01/2020,10:44:32,37.2,34.75,2700,39.05,15300,0,0
TATACHEM30Jan20640CE.NFO,07/01/2020,10:44:35,37.2,34.6,2700,39.05,15300,0,0
TATACHEM30Jan20640CE.NFO,07/01/2020,10:44:38,37.2,34.5,2700,38.35,2700,0,0
TATACHEM30Jan20640CE.NFO,07/01/2020,10:44:41,37.2,34.65,2700,38.7,4500,0,0
TATACHEM30Jan20640CE.NFO,07/01/2020,10:44:44,37.2,34.6,2700,38.7,4500,0,0
TATACHEM30Jan20640CE.NFO,07/01/2020,10:44:47,37.2,34.5,2700,38.7,4500,0,0
TATACHEM30Jan20640CE.NFO,07/01/2020,10:44:53,37.2,34.3,6300,38.7,13500,0,0
TATACHEM30Jan20640CE.NFO,07/01/2020,10:44:56,37.2,34.25,4500,39.6,15300,0,0
TATACHEM30Jan20640CE.NFO,07/01/2020,10:45:01,37.2,34.45,4500,39.6,15300,0,0
TATACHEM30Jan20640CE.NFO,07/01/2020,10:45:07,37.2,34.6,2700,39.6,15300,0,0
TATACHEM30Jan20640CE.NFO,07/01/2020,10:45:11,37.2,34.55,2700,39.6,15300,0,0
TATACHEM30Jan20640CE.NFO,07/01/2020,10:45:12,37.2,34.4,4500,39.6,15300,0,0
TATACHEM30Jan20640CE.NFO,07/01/2020,10:45:15,37.2,34.8,2700,39.6,15300,0,0
TATACHEM30Jan20640CE.NFO,07/01/2020,10:45:15,37.2,34.55,4500,39.6,15300,0,0
TATACHEM30Jan20640CE.NFO,07/01/2020,10:45:16,37.2,34.75,2700,39.6,15300,0,0
TATACHEM30Jan20640CE.NFO,07/01/2020,10:45:17,37.2,34.65,2700,39.3,13500,0,0
TATACHEM30Jan20640CE.NFO,07/01/2020,10:45:18,37.2,34.7,2700,38.7,2700,0,0
TATACHEM30Jan20640CE.NFO,07/01/2020,10:45:19,37.2,34.65,4500,38.85,4500,0,0
TATACHEM30Jan20640CE.NFO,07/01/2020,10:45:20,37.2,34.75,1800,38.95,6300,0,0
TATACHEM30Jan20640CE.NFO,07/01/2020,10:45:21,37.2,34.1,15300,38.95,6300,0,0
TATACHEM30Jan20640CE.NFO,07/01/2020,10:45:22,37.2,34.75,2700,38.65,2700,0,0
TATACHEM30Jan20640CE.NFO,07/01/2020,10:45:23,37.2,34.8,2700,38.75,11700,0,0
TATACHEM30Jan20640CE.NFO,07/01/2020,10:45:24,37.2,34.7,2700,38.75,13500,0,0
TATACHEM30Jan20640CE.NFO,07/01/2020,10:45:27,37.2,34.6,2700,38.75,13500,0,0
TATACHEM30Jan20640CE.NFO,07/01/2020,10:45:28,37.2,34.75,2700,38.75,11700,0,0
TATACHEM30Jan20640CE.NFO,07/01/2020,10:45:30,37.2,34.85,2700,38.75,11700,0,0
TATACHEM30Jan20640CE.NFO,07/01/2020,10:45:31,37.2,34.75,2700,38.75,13500,0,0
TATACHEM30Jan20640CE.NFO,07/01/2020,10:45:32,37.2,34.7,2700,38.75,13500,0,0
TATACHEM30Jan20640CE.NFO,07/01/2020,10:45:33,37.2,34.75,9000,38.75,13500,0,0
TATACHEM30Jan20640CE.NFO,07/01/2020,10:45:35,37.2,34.45,9900,38.45,4500,0,0
TATACHEM30Jan20640CE.NFO,07/01/2020,10:45:36,37.2,34.65,6300,38.45,4500,0,0
TATACHEM30Jan20640CE.NFO,07/01/2020,10:45:43,37.2,34.65,6300,38.45,6300,0,0
TATACHEM30Jan20640CE.NFO,07/01/2020,10:45:44,37.2,34.65,6300,38.45,4500,0,0
TATACHEM30Jan20640CE.NFO,07/01/2020,10:45:44,37.2,34.65,9000,38.45,4500,0,0
TATACHEM30Jan20640CE.NFO,07/01/2020,10:45:49,37.2,34.7,7200,38.45,4500,0,0
TATACHEM30Jan20640CE.NFO,07/01/2020,10:45:50,37.2,34.7,9000,38.45,4500,0,0
TATACHEM30Jan20640CE.NFO,07/01/2020,10:45:50,37.2,34.65,9000,38.45,4500,0,0
TATACHEM30Jan20640CE.NFO,07/01/2020,10:45:51,37.2,34.7,2700,38.65,8100,0,0
TATACHEM30Jan20640CE.NFO,07/01/2020,10:45:52,37.2,34.65,1800,38.65,13500,0,0
TATACHEM30Jan20640CE.NFO,07/01/2020,10:45:57,37.2,34.45,3600,38.65,13500,0,0
TATACHEM30Jan20640CE.NFO,07/01/2020,10:45:57,37.2,34.5,2700,38.65,13500,0,0
TATACHEM30Jan20640CE.NFO,07/01/2020,10:45:58,37.2,34.5,4500,38.65,13500,0,0
TATACHEM30Jan20640CE.NFO,07/01/2020,10:46:02,37.2,34.5,4500,38.65,11700,0,0
TATACHEM30Jan20640CE.NFO,07/01/2020,10:46:04,37.2,34.5,4500,38.65,8100,0,0
TATACHEM30Jan20640CE.NFO,07/01/2020,10:46:04,37.2,34.5,4500,38.65,9900,0,0
TATACHEM30Jan20640CE.NFO,07/01/2020,10:46:05,37.2,34.5,4500,38.65,13500,0,0
TATACHEM30Jan20640CE.NFO,07/01/2020,10:46:07,37.2,34.5,4500,38.65,11700,0,0
TATACHEM30Jan20640CE.NFO,07/01/2020,10:46:11,37.2,34.5,4500,38.65,13500,0,0
TATACHEM30Jan20640CE.NFO,07/01/2020,10:46:26,37.2,34.5,4500,38.65,6300,0,0
TATACHEM30Jan20640CE.NFO,07/01/2020,10:46:29,37.2,34.5,4500,38.65,9900,0,0
TATACHEM30Jan20640CE.NFO,07/01/2020,10:46:33,37.2,34.5,4500,38.65,11700,0,0
TATACHEM30Jan20640CE.NFO,07/01/2020,10:46:43,37.2,34.5,4500,38.65,9900,0,0
TATACHEM30Jan20640CE.NFO,07/01/2020,10:46:48,37.2,34.5,4500,38.65,8100,0,0
TATACHEM30Jan20640CE.NFO,07/01/2020,10:46:51,37.2,34.5,4500,38.65,11700,0,0
TATACHEM30Jan20640CE.NFO,07/01/2020,10:46:54,37.2,34.5,4500,38.65,13500,0,0
TATACHEM30Jan20640CE.NFO,07/01/2020,10:46:57,37.2,34.3,4500,38.65,13500,0,0
TATACHEM30Jan20640CE.NFO,07/01/2020,10:47:00,37.2,33.7,6300,38.65,15300,0,0
TATACHEM30Jan20640CE.NFO,07/01/2020,10:47:04,37.2,33.95,2700,38.65,15300,0,0
TATACHEM30Jan20640CE.NFO,07/01/2020,10:47:07,37.2,33.75,4500,38.65,15300,0,0
TATACHEM30Jan20640CE.NFO,07/01/2020,10:47:10,37.2,33.85,2700,37.75,3600,0,0
TATACHEM30Jan20640CE.NFO,07/01/2020,10:47:12,37.2,33.85,4500,38.1,16200,0,0
TATACHEM30Jan20640CE.NFO,07/01/2020,10:47:16,37.2,33.95,2700,38.05,900,0,0
TATACHEM30Jan20640CE.NFO,07/01/2020,10:47:22,37.2,33.65,2700,38.4,11700,0,0
TATACHEM30Jan20640CE.NFO,07/01/2020,10:47:26,37.2,34.3,2700,38.4,8100,0,0
TATACHEM30Jan20640CE.NFO,07/01/2020,10:47:30,37.2,34.4,4500,38.4,6300,0,0
TATACHEM30Jan20640CE.NFO,07/01/2020,10:47:37,37.2,34.35,2700,38.4,8100,0,0
TATACHEM30Jan20640CE.NFO,07/01/2020,10:47:45,37.2,34.4,4500,38.4,4500,0,0
TATACHEM30Jan20640CE.NFO,07/01/2020,10:47:49,37.2,34.45,2700,38.4,4500,0,0
TATACHEM30Jan20640CE.NFO,07/01/2020,10:47:59,37.2,34.25,4500,38.4,4500,0,0
TATACHEM30Jan20640CE.NFO,07/01/2020,10:48:16,37.2,34.3,4500,38.35,6300,0,0
TATACHEM30Jan20640CE.NFO,07/01/2020,10:48:20,37.2,34.45,2700,38.35,4500,0,0
TATACHEM30Jan20640CE.NFO,07/01/2020,10:48:23,37.2,34.45,5400,38.35,4500,0,0
TATACHEM30Jan20640CE.NFO,07/01/2020,10:48:29,37.2,33.55,19800,38.35,8100,0,0
TATACHEM30Jan20640CE.NFO,07/01/2020,10:48:33,37.2,34,7200,38.35,6300,0,0
TATACHEM30Jan20640CE.NFO,07/01/2020,10:48:39,37.2,32.95,15300,38.35,6300,0,0
TATACHEM30Jan20640CE.NFO,07/01/2020,10:48:51,37.2,32.95,15300,38.35,4500,0,0
TATACHEM30Jan20640CE.NFO,07/01/2020,10:48:55,37.2,32.95,15300,38.3,4500,0,0
TATACHEM30Jan20640CE.NFO,07/01/2020,10:49:03,37.2,32.95,15300,38.95,15300,0,0
TATACHEM30Jan20640CE.NFO,07/01/2020,10:49:48,37.2,32.95,15300,38.2,1800,0,0
TATACHEM30Jan20640CE.NFO,07/01/2020,10:49:55,37.2,32.95,15300,38.2,3600,0,0
TATACHEM30Jan20640CE.NFO,07/01/2020,10:50:01,37.2,32.95,15300,38.2,1800,0,0
TATACHEM30Jan20640CE.NFO,07/01/2020,10:50:06,37.2,32.95,15300,38.25,2700,0,0
TATACHEM30Jan20640CE.NFO,07/01/2020,10:50:11,37.2,32.95,15300,38.45,6300,0,0
TATACHEM30Jan20640CE.NFO,07/01/2020,10:50:17,37.2,32.95,15300,38.3,900,0,0
TATACHEM30Jan20640CE.NFO,07/01/2020,10:50:23,37.2,32.95,15300,38.2,2700,0,0
TATACHEM30Jan20640CE.NFO,07/01/2020,10:50:28,37.2,32.95,15300,38,1800,0,0
TATACHEM30Jan20640CE.NFO,07/01/2020,10:50:33,37.2,32.95,15300,38.25,8100,0,0
TATACHEM30Jan20640CE.NFO,07/01/2020,10:50:38,37.2,32.95,15300,38.25,5400,0,0
TATACHEM30Jan20640CE.NFO,07/01/2020,10:50:44,37.2,32.95,15300,38.15,1800,0,0
TATACHEM30Jan20640CE.NFO,07/01/2020,10:50:48,37.2,32.95,15300,38.1,5400,0,0
TATACHEM30Jan20640CE.NFO,07/01/2020,10:50:52,37.2,32.95,15300,38.05,5400,0,0
TATACHEM30Jan20640CE.NFO,07/01/2020,10:50:57,37.2,32.95,15300,38.35,11700,0,0
TATACHEM30Jan20640CE.NFO,07/01/2020,10:51:04,37.2,32.95,15300,38.05,5400,0,0
TATACHEM30Jan20640CE.NFO,07/01/2020,10:51:08,37.2,33.8,10800,38.1,6300,0,0
TATACHEM30Jan20640CE.NFO,07/01/2020,10:51:12,37.2,33.95,3600,38.1,4500,0,0
TATACHEM30Jan20640CE.NFO,07/01/2020,10:51:17,37.2,33.9,4500,38.05,4500,0,0
TATACHEM30Jan20640CE.NFO,07/01/2020,10:51:21,37.2,33.75,4500,38.05,6300,0,0
TATACHEM30Jan20640CE.NFO,07/01/2020,10:51:25,37.2,33.8,4500,38.05,9900,0,0
TATACHEM30Jan20640CE.NFO,07/01/2020,10:51:29,37.2,33.35,13500,38.05,11700,0,0
TATACHEM30Jan20640CE.NFO,07/01/2020,10:51:33,37.2,33.35,9900,38.05,13500,0,0
TATACHEM30Jan20640CE.NFO,07/01/2020,10:51:36,37.2,33.35,13500,38.05,13500,0,0
TATACHEM30Jan20640CE.NFO,07/01/2020,10:51:45,37.2,33.35,15300,38.05,8100,0,0
TATACHEM30Jan20640CE.NFO,07/01/2020,10:51:49,37.2,33.65,4500,38.05,6300,0,0
TATACHEM30Jan20640CE.NFO,07/01/2020,10:51:53,37.2,32.95,15300,38.05,11700,0,0
TATACHEM30Jan20640CE.NFO,07/01/2020,10:51:57,37.2,33.35,11700,38.05,11700,0,0
TATACHEM30Jan20640CE.NFO,07/01/2020,10:52:01,37.2,33.35,13500,38.05,8100,0,0
TATACHEM30Jan20640CE.NFO,07/01/2020,10:52:05,37.2,33.35,4500,38.05,13500,0,0
TATACHEM30Jan20640CE.NFO,07/01/2020,10:52:09,37.2,33.35,9900,38.05,13500,0,0
TATACHEM30Jan20640CE.NFO,07/01/2020,10:52:14,37.2,33.35,4500,38.05,15300,0,0
TATACHEM30Jan20640CE.NFO,07/01/2020,10:52:19,37.2,32.8,12600,38.05,15300,0,0
TATACHEM30Jan20640CE.NFO,07/01/2020,10:52:24,37.2,32.85,15300,38.05,15300,0,0
TATACHEM30Jan20640CE.NFO,07/01/2020,10:52:28,37.2,33.15,9900,38.05,15300,0,0
TATACHEM30Jan20640CE.NFO,07/01/2020,10:52:33,37.2,33.2,4500,38.05,15300,0,0
TATACHEM30Jan20640CE.NFO,07/01/2020,10:52:36,37.2,33.1,2700,38.05,15300,0,0
TATACHEM30Jan20640CE.NFO,07/01/2020,10:52:40,37.2,33.2,4500,38.05,15300,0,0
TATACHEM30Jan20640CE.NFO,07/01/2020,10:52:45,37.2,33.1,4500,38.05,15300,0,0
TATACHEM30Jan20640CE.NFO,07/01/2020,10:52:49,37.2,33.2,6300,38.05,15300,0,0
TATACHEM30Jan20640CE.NFO,07/01/2020,10:52:53,37.2,33.2,4500,37.55,4500,0,0
TATACHEM30Jan20640CE.NFO,07/01/2020,10:52:58,37.2,33.1,4500,37.55,8100,0,0
TATACHEM30Jan20640CE.NFO,07/01/2020,10:53:05,37.2,32.95,9000,37.5,4500,0,0
TATACHEM30Jan20640CE.NFO,07/01/2020,10:53:11,37.2,32.8,3600,37.4,13500,0,0
TATACHEM30Jan20640CE.NFO,07/01/2020,10:53:24,37.2,32.85,4500,37.4,13500,0,0
TATACHEM30Jan20640CE.NFO,07/01/2020,10:53:40,37.2,32.85,6300,37.1,2700,0,0
TATACHEM30Jan20640CE.NFO,07/01/2020,10:53:46,37.2,32.85,8100,37.1,2700,0,0
TATACHEM30Jan20640CE.NFO,07/01/2020,10:53:52,37.2,32.8,6300,36.9,2700,0,0
TATACHEM30Jan20640CE.NFO,07/01/2020,10:53:59,37.2,33,5400,37.05,2700,0,0
TATACHEM30Jan20640CE.NFO,07/01/2020,10:54:05,37.2,33,7200,37.05,2700,0,0
TATACHEM30Jan20640CE.NFO,07/01/2020,10:54:11,37.2,32.7,14400,36.95,900,0,0
TATACHEM30Jan20640CE.NFO,07/01/2020,10:54:17,37.2,32.95,7200,37,900,0,0
TATACHEM30Jan20640CE.NFO,07/01/2020,10:54:23,37.2,33.1,8100,37,900,0,0
TATACHEM30Jan20640CE.NFO,07/01/2020,10:54:28,37.2,33,5400,37,900,0,0
TATACHEM30Jan20640CE.NFO,07/01/2020,10:54:32,37.2,32.85,7200,37.3,10800,0,0
TATACHEM30Jan20640CE.NFO,07/01/2020,10:54:41,37.2,33.05,4500,37.3,10800,0,0
TATACHEM30Jan20640CE.NFO,07/01/2020,10:54:46,37.2,33,6300,37.3,7200,0,0
TATACHEM30Jan20640CE.NFO,07/01/2020,10:54:51,37.2,33,5400,36.95,2700,0,0
TATACHEM30Jan20640CE.NFO,07/01/2020,10:54:56,37.2,33,5400,37.05,900,0,0
TATACHEM30Jan20640CE.NFO,07/01/2020,10:55:00,37.2,32.75,12600,37.05,900,0,0
TATACHEM30Jan20640CE.NFO,07/01/2020,10:55:05,37.2,32.9,8100,37.05,900,0,0
TATACHEM30Jan20640CE.NFO,07/01/2020,10:55:09,37.2,33,8100,37.05,900,0,0
TATACHEM30Jan20640CE.NFO,07/01/2020,10:55:13,37.2,33.7,5400,37.2,8100,0,0
TATACHEM30Jan20640CE.NFO,07/01/2020,10:55:18,37.2,32.8,10800,36.95,900,0,0
TATACHEM30Jan20640CE.NFO,07/01/2020,10:55:22,37.2,32.8,12600,36.95,900,0,0
TATACHEM30Jan20640CE.NFO,07/01/2020,10:55:27,37.2,32.8,12600,36.95,2700,0,0
TATACHEM30Jan20640CE.NFO,07/01/2020,10:55:38,37.2,32.85,10800,37,2700,0,0
TATACHEM30Jan20640CE.NFO,07/01/2020,10:55:47,37.2,32.85,12600,37.05,2700,0,0
TATACHEM30Jan20640CE.NFO,07/01/2020,10:55:51,37.2,33.15,4500,37.75,15300,0,0
TATACHEM30Jan20640CE.NFO,07/01/2020,10:55:56,37.2,33,6300,37.7,16200,0,0
TATACHEM30Jan20640CE.NFO,07/01/2020,10:56:01,37.2,33,6300,37.65,13500,0,0
TATACHEM30Jan20640CE.NFO,07/01/2020,10:56:06,37.2,33.05,7200,37.35,1800,0,0
TATACHEM30Jan20640CE.NFO,07/01/2020,10:56:12,37.2,32.95,4500,37.35,13500,0,0
TATACHEM30Jan20640CE.NFO,07/01/2020,10:56:26,37.2,33.7,2700,37.15,4500,0,0
TATACHEM30Jan20640CE.NFO,07/01/2020,10:56:30,37.2,32.65,11700,37.15,8100,0,0
TATACHEM30Jan20640CE.NFO,07/01/2020,10:56:41,37.2,32.65,11700,37.05,6300,0,0
TATACHEM30Jan20640CE.NFO,07/01/2020,10:57:13,37.2,32.65,9900,37.05,13500,0,0
TATACHEM30Jan20640CE.NFO,07/01/2020,10:57:20,37.2,32.2,5400,37,11700,0,0
TATACHEM30Jan20640CE.NFO,07/01/2020,10:57:27,37.2,32.2,5400,37,8100,0,0
TATACHEM30Jan20640CE.NFO,07/01/2020,10:57:33,37.2,32.2,5400,37,13500,0,0
TATACHEM30Jan20640CE.NFO,07/01/2020,10:57:39,37.2,32.65,7200,37,8100,0,0
TATACHEM30Jan20640CE.NFO,07/01/2020,10:57:45,37.2,32.7,2700,37,9900,0,0
TATACHEM30Jan20640CE.NFO,07/01/2020,10:57:51,37.2,32.6,7200,37,6300,0,0
TATACHEM30Jan20640CE.NFO,07/01/2020,10:57:55,37.2,32.6,5400,37,6300,0,0
TATACHEM30Jan20640CE.NFO,07/01/2020,10:58:15,37.2,32.6,7200,37,1800,0,0
TATACHEM30Jan20640CE.NFO,07/01/2020,10:58:37,37.2,32.6,10800,37.9,12600,0,0
TATACHEM30Jan20640CE.NFO,07/01/2020,10:58:42,37.2,32.65,2700,36.75,2700,0,0
TATACHEM30Jan20640CE.NFO,07/01/2020,10:58:48,37.2,32.6,4500,37,2700,0,0
TATACHEM30Jan20640CE.NFO,07/01/2020,10:58:53,37.2,32.6,1800,37,2700,0,0
TATACHEM30Jan20640CE.NFO,07/01/2020,10:58:59,37.2,32.2,2700,37,2700,0,0
TATACHEM30Jan20640CE.NFO,07/01/2020,10:59:05,37.2,32.7,6300,36.95,4500,0,0
TATACHEM30Jan20640CE.NFO,07/01/2020,10:59:11,37.2,32.2,2700,36.9,900,0,0
TATACHEM30Jan20640CE.NFO,07/01/2020,10:59:15,37.2,32.65,4500,36.95,2700,0,0
TATACHEM30Jan20640CE.NFO,07/01/2020,10:59:20,37.2,32.65,4500,37.1,1800,0,0
TATACHEM30Jan20640CE.NFO,07/01/2020,10:59:25,37.2,32.8,2700,37.1,3600,0,0
TATACHEM30Jan20640CE.NFO,07/01/2020,10:59:30,37.2,32.65,6300,37.15,5400,0,0
TATACHEM30Jan20640CE.NFO,07/01/2020,10:59:36,37.2,32.85,4500,37.4,4500,0,0
TATACHEM30Jan20640CE.NFO,07/01/2020,10:59:42,37.2,32.85,4500,37.4,10800,0,0
TATACHEM30Jan20640CE.NFO,07/01/2020,10:59:48,37.2,32.95,2700,37.4,9000,0,0
TATACHEM30Jan20640CE.NFO,07/01/2020,10:59:53,37.2,32.95,2700,37.35,7200,0,0
TATACHEM30Jan20640CE.NFO,07/01/2020,10:59:58,37.2,32.65,2700,37.35,10800,0,0
TATACHEM30Jan20640CE.NFO,07/01/2020,11:00:03,37.2,32.7,4500,37.35,7200,0,0
TATACHEM30Jan20640CE.NFO,07/01/2020,11:00:10,37.2,32.55,1800,37.35,10800,0,0
TATACHEM30Jan20640CE.NFO,07/01/2020,11:00:16,37.2,30.7,2700,37.35,10800,0,0
TATACHEM30Jan20640CE.NFO,07/01/2020,11:00:30,37.2,32.6,1800,37.35,12600,0,0
TATACHEM30Jan20640CE.NFO,07/01/2020,11:00:37,37.2,32.2,2700,37.3,13500,0,0
TATACHEM30Jan20640CE.NFO,07/01/2020,11:00:44,37.2,32.2,5400,37.3,15300,0,0
TATACHEM30Jan20640CE.NFO,07/01/2020,11:01:06,37.2,32.2,2700,37.3,15300,0,0
TATACHEM30Jan20640CE.NFO,07/01/2020,11:01:20,37.2,26.6,4500,36.5,6300,0,0
TATACHEM30Jan20640CE.NFO,07/01/2020,11:01:28,37.2,32.2,2700,36.5,4500,0,0
TATACHEM30Jan20640CE.NFO,07/01/2020,11:01:35,37.2,32.2,2700,36.5,9900,0,0
TATACHEM30Jan20640CE.NFO,07/01/2020,11:01:43,37.2,32.2,5400,36.45,4500,0,0
TATACHEM30Jan20640CE.NFO,07/01/2020,11:01:51,37.2,32.2,2700,36.5,1800,0,0
TATACHEM30Jan20640CE.NFO,07/01/2020,11:01:59,37.2,32.2,5400,36.6,4500,0,0
TATACHEM30Jan20640CE.NFO,07/01/2020,11:02:05,37.2,32.2,5400,36.3,8100,0,0
TATACHEM30Jan20640CE.NFO,07/01/2020,11:02:12,37.2,32.2,5400,36.3,1800,0,0
TATACHEM30Jan20640CE.NFO,07/01/2020,11:02:19,37.2,32.2,5400,36.3,2700,0,0
TATACHEM30Jan20640CE.NFO,07/01/2020,11:02:26,37.2,32.2,5400,36.2,900,0,0
TATACHEM30Jan20640CE.NFO,07/01/2020,11:02:33,37.2,32.2,5400,36.2,2700,0,0
TATACHEM30Jan20640CE.NFO,07/01/2020,11:02:40,37.2,32.2,5400,36.3,2700,0,0
TATACHEM30Jan20640CE.NFO,07/01/2020,11:02:52,37.2,32.2,5400,36.3,4500,0,0
TATACHEM30Jan20640CE.NFO,07/01/2020,11:02:59,37.2,32.2,5400,36.3,2700,0,0
TATACHEM30Jan20640CE.NFO,07/01/2020,11:03:05,37.2,32.2,2700,36.3,1800,0,0
TATACHEM30Jan20640CE.NFO,07/01/2020,11:03:19,37.2,32.2,5400,36.3,3600,0,0
TATACHEM30Jan20640CE.NFO,07/01/2020,11:03:24,37.2,32.2,2700,36.3,1800,0,0
TATACHEM30Jan20640CE.NFO,07/01/2020,11:03:51,37.2,32.2,5400,36.3,1800,0,0
TATACHEM30Jan20640CE.NFO,07/01/2020,11:03:57,37.2,21.9,2700,36.3,1800,0,0
TATACHEM30Jan20640CE.NFO,07/01/2020,11:04:04,37.2,21.05,4500,36.3,1800,0,0
TATACHEM30Jan20640CE.NFO,07/01/2020,11:04:11,37.2,17.95,4500,36.3,3600,0,0
TATACHEM30Jan20640CE.NFO,07/01/2020,11:04:24,37.2,17.9,20700,36.3,3600,0,0
TATACHEM30Jan20640CE.NFO,07/01/2020,11:04:37,37.2,32.2,2700,36.3,3600,0,0
TATACHEM30Jan20640CE.NFO,07/01/2020,11:04:51,37.2,32.2,2700,36.3,1800,0,0
TATACHEM30Jan20640CE.NFO,07/01/2020,11:04:58,37.2,32.7,4500,37.45,10800,0,0
TATACHEM30Jan20640CE.NFO,07/01/2020,11:05:05,37.2,32.7,4500,37.1,3600,0,0
TATACHEM30Jan20640CE.NFO,07/01/2020,11:05:11,37.2,32.2,2700,37.1,3600,0,0
TATACHEM30Jan20640CE.NFO,07/01/2020,11:05:18,37.2,32.6,9900,37.1,3600,0,0
TATACHEM30Jan20640CE.NFO,07/01/2020,11:05:25,37.2,32.6,4500,37.1,3600,0,0
TATACHEM30Jan20640CE.NFO,07/01/2020,11:05:31,37.2,32.7,4500,37.3,5400,0,0
TATACHEM30Jan20640CE.NFO,07/01/2020,11:05:38,37.2,33.9,2700,38.2,3600,0,0
TATACHEM30Jan20640CE.NFO,07/01/2020,11:05:44,37.2,33.8,2700,37.95,1800,0,0
TATACHEM30Jan20640CE.NFO,07/01/2020,11:05:50,37.2,32.8,13500,37.8,3600,0,0
TATACHEM30Jan20640CE.NFO,07/01/2020,11:05:58,37.2,33.7,2700,37.75,2700,0,0
TATACHEM30Jan20640CE.NFO,07/01/2020,11:06:04,37.2,33.2,15300,38.6,13500,0,0
TATACHEM30Jan20640CE.NFO,07/01/2020,11:06:12,37.2,34.3,2700,39.3,10800,0,0
TATACHEM30Jan20640CE.NFO,07/01/2020,11:06:18,37.2,34.55,4500,39.3,5400,0,0
TATACHEM30Jan20640CE.NFO,07/01/2020,11:06:24,37.2,33.6,15300,39.3,12600,0,0
TATACHEM30Jan20640CE.NFO,07/01/2020,11:06:30,37.2,33.6,1800,39.15,12600,0,0
TATACHEM30Jan20640CE.NFO,07/01/2020,11:06:36,37.2,33.8,4500,39.15,12600,0,0
TATACHEM30Jan20640CE.NFO,07/01/2020,11:06:41,37.2,33,15300,39.15,12600,0,0
TATACHEM30Jan20640CE.NFO,07/01/2020,11:06:52,37.2,34.35,7200,39.1,15300,0,0
TATACHEM30Jan20640CE.NFO,07/01/2020,11:06:57,37.2,33.9,7200,38.7,15300,0,0
TATACHEM30Jan20640CE.NFO,07/01/2020,11:07:03,37.2,33.65,7200,38.7,13500,0,0
TATACHEM30Jan20640CE.NFO,07/01/2020,11:07:14,37.2,33.8,4500,38.7,15300,0,0
TATACHEM30Jan20640CE.NFO,07/01/2020,11:07:19,37.2,33.3,15300,38.7,15300,0,0
TATACHEM30Jan20640CE.NFO,07/01/2020,11:07:29,37.2,33.3,15300,38.7,8100,0,0
TATACHEM30Jan20640CE.NFO,07/01/2020,11:07:34,37.2,33.3,15300,39.15,10800,0,0
TATACHEM30Jan20640CE.NFO,07/01/2020,11:07:40,37.2,33.3,15300,39.15,5400,0,0
TATACHEM30Jan20640CE.NFO,07/01/2020,11:07:45,37.2,33.3,15300,39.15,10800,0,0
TATACHEM30Jan20640CE.NFO,07/01/2020,11:07:55,37.2,33.3,15300,39.1,13500,0,0
TATACHEM30Jan20640CE.NFO,07/01/2020,11:08:04,37.2,33.3,15300,39.1,15300,0,0
TATACHEM30Jan20640CE.NFO,07/01/2020,11:09:02,37.2,33.3,15300,38.35,3600,0,0
TATACHEM30Jan20640CE.NFO,07/01/2020,11:09:27,37.2,33.3,15300,38.45,2700,0,0
TATACHEM30Jan20640CE.NFO,07/01/2020,11:09:32,37.2,33.3,15300,38.3,2700,0,0
TATACHEM30Jan20640CE.NFO,07/01/2020,11:09:48,37.2,34.05,5400,38.3,2700,0,0
TATACHEM30Jan20640CE.NFO,07/01/2020,11:09:59,37.2,34.05,7200,38.3,2700,0,0
TATACHEM30Jan20640CE.NFO,07/01/2020,11:10:04,37.2,33.75,10800,38.3,6300,0,0
TATACHEM30Jan20640CE.NFO,07/01/2020,11:10:09,37.2,33.75,9000,38.25,2700,0,0
TATACHEM30Jan20640CE.NFO,07/01/2020,11:10:19,37.2,33.75,12600,38.4,3600,0,0
TATACHEM30Jan20640CE.NFO,07/01/2020,11:10:24,37.2,34.05,5400,38.25,6300,0,0
TATACHEM30Jan20640CE.NFO,07/01/2020,11:10:28,37.2,33.95,5400,38.1,3600,0,0
TATACHEM30Jan20640CE.NFO,07/01/2020,11:10:31,37.2,34,4500,38.35,3600,0,0
TATACHEM30Jan20640CE.NFO,07/01/2020,11:10:39,37.2,33.8,8100,38,900,0,0
TATACHEM30Jan20640CE.NFO,07/01/2020,11:10:42,37.2,33.8,11700,38.1,2700,0,0
TATACHEM30Jan20640CE.NFO,07/01/2020,11:10:49,37.2,33.8,4500,38.2,6300,0,0
TATACHEM30Jan20640CE.NFO,07/01/2020,11:10:52,37.2,33.8,6300,38.15,6300,0,0
TATACHEM30Jan20640CE.NFO,07/01/2020,11:10:56,37.2,33.8,9900,38.1,3600,0,0
TATACHEM30Jan20640CE.NFO,07/01/2020,11:10:59,37.2,33.8,8100,37.95,900,0,0
TATACHEM30Jan20640CE.NFO,07/01/2020,11:11:03,37.2,33.8,4500,38,2700,0,0
TATACHEM30Jan20640CE.NFO,07/01/2020,11:11:08,37.2,33.05,15300,37.95,4500,0,0
TATACHEM30Jan20640CE.NFO,07/01/2020,11:11:13,37.2,33.05,13500,37.8,8100,0,0
TATACHEM30Jan20640CE.NFO,07/01/2020,11:11:20,37.2,33.05,11700,37.8,13500,0,0
TATACHEM30Jan20640CE.NFO,07/01/2020,11:11:28,37.2,32.9,13500,37.8,13500,0,0
TATACHEM30Jan20640CE.NFO,07/01/2020,11:11:36,37.2,32.95,9900,37.8,13500,0,0
TATACHEM30Jan20640CE.NFO,07/01/2020,11:11:44,37.2,33.05,11700,37.8,11700,0,0
TATACHEM30Jan20640CE.NFO,07/01/2020,11:11:50,37.2,33.05,8100,37.8,11700,0,0
TATACHEM30Jan20640CE.NFO,07/01/2020,11:12:04,37.2,32.75,9900,37.8,13500,0,0
TATACHEM30Jan20640CE.NFO,07/01/2020,11:12:13,37.2,32.95,8100,37.8,11700,0,0
TATACHEM30Jan20640CE.NFO,07/01/2020,11:12:20,37.2,33.1,2700,37.6,6300,0,0
TATACHEM30Jan20640CE.NFO,07/01/2020,11:12:25,37.2,32.7,15300,37.6,4500,0,0
TATACHEM30Jan20640CE.NFO,07/01/2020,11:12:31,37.2,33,2700,37.6,6300,0,0
TATACHEM30Jan20640CE.NFO,07/01/2020,11:12:37,37.2,33,4500,37.6,6300,0,0
TATACHEM30Jan20640CE.NFO,07/01/2020,11:12:42,37.2,33.05,2700,37.6,13500,0,0
TATACHEM30Jan20640CE.NFO,07/01/2020,11:12:48,37.2,32.85,4500,37.6,10800,0,0
TATACHEM30Jan20640CE.NFO,07/01/2020,11:12:53,37.2,32.85,4500,37.55,13500,0,0
TATACHEM30Jan20640CE.NFO,07/01/2020,11:13:08,37.2,29.2,6300,37.55,15300,0,0
TATACHEM30Jan20640CE.NFO,07/01/2020,11:13:13,37.2,25.45,5400,37.55,15300,0,0
TATACHEM30Jan20640CE.NFO,07/01/2020,11:13:19,37.2,32.2,2700,36.7,2700,0,0
TATACHEM30Jan20640CE.NFO,07/01/2020,11:13:25,37.2,32.65,2700,36.9,6300,0,0
TATACHEM30Jan20640CE.NFO,07/01/2020,11:13:30,37.2,32.2,2700,36.9,6300,0,0
TATACHEM30Jan20640CE.NFO,07/01/2020,11:13:42,37.2,32.2,2700,36.85,900,0,0
TATACHEM30Jan20640CE.NFO,07/01/2020,11:13:48,37.2,32.2,2700,36.7,5400,0,0
TATACHEM30Jan20640CE.NFO,07/01/2020,11:13:54,37.2,32.2,2700,36.8,5400,0,0
TATACHEM30Jan20640CE.NFO,07/01/2020,11:13:59,37.2,32.2,2700,36.75,2700,0,0
TATACHEM30Jan20640CE.NFO,07/01/2020,11:14:04,37.2,32.2,2700,36.7,9900,0,0
TATACHEM30Jan20640CE.NFO,07/01/2020,11:14:09,37.2,32.2,5400,36.3,900,0,0
TATACHEM30Jan20640CE.NFO,07/01/2020,11:14:14,37.2,32.2,2700,36.95,12600,0,0
TATACHEM30Jan20640CE.NFO,07/01/2020,11:14:19,37.2,32.2,2700,36.9,12600,0,0
TATACHEM30Jan20640CE.NFO,07/01/2020,11:14:25,37.2,32.2,2700,36.35,5400,0,0
TATACHEM30Jan20640CE.NFO,07/01/2020,11:14:29,37.2,32.2,2700,36.65,4500,0,0
TATACHEM30Jan20640CE.NFO,07/01/2020,11:14:48,37.2,32.2,2700,36.65,11700,0,0
TATACHEM30Jan20640CE.NFO,07/01/2020,11:15:04,37.2,20.55,2700,36.65,9900,0,0
TATACHEM30Jan20640CE.NFO,07/01/2020,11:15:11,37.2,20.9,2700,36.65,13500,0,0
TATACHEM30Jan20640CE.NFO,07/01/2020,11:15:17,37.2,20.4,2700,36.65,8100,0,0
TATACHEM30Jan20640CE.NFO,07/01/2020,11:15:22,37.2,20.75,2700,36.65,13500,0,0
TATACHEM30Jan20640CE.NFO,07/01/2020,11:15:55,37.2,30.8,5400,36.65,13500,0,0
TATACHEM30Jan20640CE.NFO,07/01/2020,11:16:56,37.2,30.8,5400,36.5,9000,0,0
TATACHEM30Jan20640CE.NFO,07/01/2020,11:17:06,37.2,30.8,5400,36.45,9000,0,0
TATACHEM30Jan20640CE.NFO,07/01/2020,11:17:39,37.2,30.8,5400,36.5,3600,0,0
TATACHEM30Jan20640CE.NFO,07/01/2020,11:18:01,37.2,30.8,5400,36.4,5400,0,0
TATACHEM30Jan20640CE.NFO,07/01/2020,11:18:05,37.2,30.8,5400,36.35,1800,0,0
TATACHEM30Jan20640CE.NFO,07/01/2020,11:18:23,37.2,30.8,5400,36.8,17100,0,0
TATACHEM30Jan20640CE.NFO,07/01/2020,11:18:39,37.2,30.8,5400,36.7,5400,0,0
TATACHEM30Jan20640CE.NFO,07/01/2020,11:18:47,37.2,30.8,5400,36.8,4500,0,0
TATACHEM30Jan20640CE.NFO,07/01/2020,11:19:00,37.2,30.8,4500,36.75,1800,0,0
TATACHEM30Jan20640CE.NFO,07/01/2020,11:19:06,37.2,30.8,4500,36.7,1800,0,0
TATACHEM30Jan20640CE.NFO,07/01/2020,11:19:11,37.2,30.8,4500,36.7,3600,0,0
TATACHEM30Jan20640CE.NFO,07/01/2020,11:19:17,37.2,30.8,4500,36.65,3600,0,0
TATACHEM30Jan20640CE.NFO,07/01/2020,11:19:26,37.2,30.8,4500,36.5,2700,0,0
TATACHEM30Jan20640CE.NFO,07/01/2020,11:19:34,37.2,30.8,2700,36.65,3600,0,0
TATACHEM30Jan20640CE.NFO,07/01/2020,11:19:45,37.2,30.8,1800,36.2,900,0,0
TATACHEM30Jan20640CE.NFO,07/01/2020,11:19:59,37.2,30.8,2700,36.3,900,0,0
TATACHEM30Jan20640CE.NFO,07/01/2020,11:20:03,37.2,30.8,2700,36.15,4500,0,0
TATACHEM30Jan20640CE.NFO,07/01/2020,11:20:09,37.2,30.8,2700,36.1,2700,0,0
TATACHEM30Jan20640CE.NFO,07/01/2020,11:20:14,37.2,30.8,2700,36.3,4500,0,0
TATACHEM30Jan20640CE.NFO,07/01/2020,11:20:20,37.2,30.8,2700,36.35,1800,0,0
TATACHEM30Jan20640CE.NFO,07/01/2020,11:20:25,37.2,30.8,2700,37.15,15300,0,0
TATACHEM30Jan20640CE.NFO,07/01/2020,11:20:36,37.2,30.8,4500,36.35,1800,0,0
TATACHEM30Jan20640CE.NFO,07/01/2020,11:20:42,37.2,30.8,4500,36.4,3600,0,0
TATACHEM30Jan20640CE.NFO,07/01/2020,11:20:47,37.2,30.8,2700,36.4,3600,0,0
TATACHEM30Jan20640CE.NFO,07/01/2020,11:20:53,37.2,30.8,2700,36.75,1800,0,0
TATACHEM30Jan20640CE.NFO,07/01/2020,11:20:59,37.2,30.8,2700,36.75,12600,0,0
TATACHEM30Jan20640CE.NFO,07/01/2020,11:21:04,37.2,30.8,2700,36.75,1800,0,0
TATACHEM30Jan20640CE.NFO,07/01/2020,11:21:09,37.2,30.8,2700,37.8,15300,0,0
TATACHEM30Jan20640CE.NFO,07/01/2020,11:21:33,37.2,30.8,2700,37.75,13500,0,0
TATACHEM30Jan20640CE.NFO,07/01/2020,11:21:39,37.2,30.8,2700,37.75,15300,0,0
TATACHEM30Jan20640CE.NFO,07/01/2020,11:21:43,37.2,32.25,4500,37.75,15300,0,0
TATACHEM30Jan20640CE.NFO,07/01/2020,11:21:48,37.2,30.8,4500,37.75,15300,0,0
TATACHEM30Jan20640CE.NFO,07/01/2020,11:22:10,37.2,30.8,5400,37.75,15300,0,0
TATACHEM30Jan20640CE.NFO,07/01/2020,11:22:52,37.2,30.8,5400,36.5,5400,0,0
TATACHEM30Jan20640CE.NFO,07/01/2020,11:23:10,37.2,30.8,5400,36.45,9900,0,0
TATACHEM30Jan20640CE.NFO,07/01/2020,11:23:15,37.2,30.8,5400,36.35,4500,0,0
TATACHEM30Jan20640CE.NFO,07/01/2020,11:23:20,37.2,30.8,5400,36.4,4500,0,0
TATACHEM30Jan20640CE.NFO,07/01/2020,11:23:25,37.2,30.8,5400,36.35,5400,0,0
TATACHEM30Jan20640CE.NFO,07/01/2020,11:23:30,37.2,30.8,2700,36.9,18000,0,0
TATACHEM30Jan20640CE.NFO,07/01/2020,11:23:34,37.2,30.8,5400,36.85,17100,0,0
TATACHEM30Jan20640CE.NFO,07/01/2020,11:23:39,37.2,30.8,5400,36.8,16200,0,0
TATACHEM30Jan20640CE.NFO,07/01/2020,11:23:52,37.2,30.8,4500,36.4,900,0,0
TATACHEM30Jan20640CE.NFO,07/01/2020,11:24:11,37.2,30.8,4500,36.5,3600,0,0
TATACHEM30Jan20640CE.NFO,07/01/2020,11:24:20,37.2,30.8,4500,36.45,5400,0,0
TATACHEM30Jan20640CE.NFO,07/01/2020,11:24:29,37.2,30.8,4500,36.4,2700,0,0
TATACHEM30Jan20640CE.NFO,07/01/2020,11:24:43,37.2,30.8,4500,36.5,4500,0,0
TATACHEM30Jan20640CE.NFO,07/01/2020,11:25:06,37.2,30.8,4500,36.5,3600,0,0
TATACHEM30Jan20640CE.NFO,07/01/2020,11:25:11,37.2,30.8,4500,36.25,900,0,0
TATACHEM30Jan20640CE.NFO,07/01/2020,11:25:15,37.2,30.8,4500,36.5,4500,0,0
TATACHEM30Jan20640CE.NFO,07/01/2020,11:25:19,37.2,30.8,4500,36.6,7200,0,0
TATACHEM30Jan20640CE.NFO,07/01/2020,11:25:24,37.2,30.8,4500,36.4,4500,0,0
TATACHEM30Jan20640CE.NFO,07/01/2020,11:25:30,37.2,30.8,4500,36.4,6300,0,0
TATACHEM30Jan20640CE.NFO,07/01/2020,11:25:35,37.2,30.8,4500,36.3,2700,0,0
TATACHEM30Jan20640CE.NFO,07/01/2020,11:25:38,37.2,30.8,4500,36.3,4500,0,0
TATACHEM30Jan20640CE.NFO,07/01/2020,11:25:43,37.2,30.8,1800,36.2,900,0,0
TATACHEM30Jan20640CE.NFO,07/01/2020,11:25:49,37.2,30.8,4500,36.65,900,0,0
TATACHEM30Jan20640CE.NFO,07/01/2020,11:25:53,37.2,30.8,4500,36.75,4500,0,0
TATACHEM30Jan20640CE.NFO,07/01/2020,11:26:00,37.2,30.8,4500,36.7,10800,0,0
TATACHEM30Jan20640CE.NFO,07/01/2020,11:26:04,37.2,30.8,4500,36.65,13500,0,0
TATACHEM30Jan20640CE.NFO,07/01/2020,11:26:08,37.2,30.8,4500,36.65,9900,0,0
TATACHEM30Jan20640CE.NFO,07/01/2020,11:26:15,37.2,30.8,4500,36.55,8100,0,0
TATACHEM30Jan20640CE.NFO,07/01/2020,11:26:18,37.2,30.8,5400,36.5,4500,0,0
TATACHEM30Jan20640CE.NFO,07/01/2020,11:26:20,37.2,30.8,5400,36.7,13500,0,0
TATACHEM30Jan20640CE.NFO,07/01/2020,11:26:32,37.2,30.8,4500,36.7,7200,0,0
TATACHEM30Jan20640CE.NFO,07/01/2020,11:26:37,37.2,30.8,4500,36.85,1800,0,0
TATACHEM30Jan20640CE.NFO,07/01/2020,11:26:41,37.2,30.8,4500,36.85,10800,0,0
TATACHEM30Jan20640CE.NFO,07/01/2020,11:26:46,37.2,30.8,4500,36.85,12600,0,0
TATACHEM30Jan20640CE.NFO,07/01/2020,11:27:35,37.2,30.8,4500,36.8,15300,0,0
TATACHEM30Jan20640CE.NFO,07/01/2020,11:27:50,37.2,30.8,4500,36.8,13500,0,0
TATACHEM30Jan20640CE.NFO,07/01/2020,11:27:54,37.2,30.8,5400,36.8,13500,0,0
TATACHEM30Jan20640CE.NFO,07/01/2020,11:28:16,37.2,30.8,4500,36.8,13500,0,0
TATACHEM30Jan20640CE.NFO,07/01/2020,11:28:24,37.2,32.95,5400,36.8,11700,0,0
TATACHEM30Jan20640CE.NFO,07/01/2020,11:28:27,37.2,30.8,5400,36.8,10800,0,0
TATACHEM30Jan20640CE.NFO,07/01/2020,11:28:30,37.2,32.2,2700,36.75,11700,0,0
TATACHEM30Jan20640CE.NFO,07/01/2020,11:28:33,37.2,32.2,2700,36.75,13500,0,0
TATACHEM30Jan20640CE.NFO,07/01/2020,11:28:48,37.2,32.2,2700,37.75,15300,0,0
TATACHEM30Jan20640CE.NFO,07/01/2020,11:28:51,37.2,32.2,5400,36.6,900,0,0
TATACHEM30Jan20640CE.NFO,07/01/2020,11:28:54,37.2,32.2,5400,36.55,900,0,0
TATACHEM30Jan20640CE.NFO,07/01/2020,11:29:02,37.2,32.2,5400,37.05,4500,0,0
TATACHEM30Jan20640CE.NFO,07/01/2020,11:29:06,37.2,32.2,5400,37.05,5400,0,0
TATACHEM30Jan20640CE.NFO,07/01/2020,11:29:17,37.2,32.2,5400,37.05,3600,0,0
TATACHEM30Jan20640CE.NFO,07/01/2020,11:29:21,37.2,32.2,5400,37,1800,0,0
TATACHEM30Jan20640CE.NFO,07/01/2020,11:29:28,37.2,32.2,5400,38.1,15300,0,0
TATACHEM30Jan20640CE.NFO,07/01/2020,11:29:32,37.2,32.2,5400,37.05,10800,0,0
TATACHEM30Jan20640CE.NFO,07/01/2020,11:29:36,37.2,32.2,5400,37,13500,0,0
TATACHEM30Jan20640CE.NFO,07/01/2020,11:29:46,37.2,32.2,5400,37,7200,0,0
TATACHEM30Jan20640CE.NFO,07/01/2020,11:30:10,37.2,32.2,5400,37,1800,0,0
TATACHEM30Jan20640CE.NFO,07/01/2020,11:30:22,37.2,32.2,2700,37.9,11700,0,0
TATACHEM30Jan20640CE.NFO,07/01/2020,11:30:27,37.2,32.2,2700,37.9,15300,0,0
TATACHEM30Jan20640CE.NFO,07/01/2020,11:30:41,37.2,32.6,2700,37.9,15300,0,0
TATACHEM30Jan20640CE.NFO,07/01/2020,11:30:44,37.2,32.2,2700,37.9,15300,0,0
TATACHEM30Jan20640CE.NFO,07/01/2020,11:30:49,37.2,32.6,4500,37.9,15300,0,0
TATACHEM30Jan20640CE.NFO,07/01/2020,11:30:53,37.2,32.2,2700,37.9,15300,0,0
TATACHEM30Jan20640CE.NFO,07/01/2020,11:31:05,37.2,30.8,6300,37.9,15300,0,0
TATACHEM30Jan20640CE.NFO,07/01/2020,11:31:12,37.2,32.6,6300,37.9,15300,0,0
TATACHEM30Jan20640CE.NFO,07/01/2020,11:31:17,37.2,32.65,6300,37.9,15300,0,0
TATACHEM30Jan20640CE.NFO,07/01/2020,11:31:21,37.2,32.7,4500,37.9,15300,0,0
TATACHEM30Jan20640CE.NFO,07/01/2020,11:31:26,37.2,32.7,6300,37.9,15300,0,0
TATACHEM30Jan20640CE.NFO,07/01/2020,11:31:31,37.2,32.2,2700,37.9,15300,0,0
TATACHEM30Jan20640CE.NFO,07/01/2020,11:31:39,37.2,32.2,2700,37.25,10800,0,0
TATACHEM30Jan20640CE.NFO,07/01/2020,11:31:43,37.2,32.2,2700,37.2,9900,0,0
TATACHEM30Jan20640CE.NFO,07/01/2020,11:31:47,37.2,32.6,6300,37.2,8100,0,0
TATACHEM30Jan20640CE.NFO,07/01/2020,11:32:00,37.2,33,2700,37.2,8100,0,0
TATACHEM30Jan20640CE.NFO,07/01/2020,11:32:06,37.2,33,2700,37.2,6300,0,0
TATACHEM30Jan20640CE.NFO,07/01/2020,11:32:11,37.2,32.85,2700,37.2,6300,0,0
TATACHEM30Jan20640CE.NFO,07/01/2020,11:32:16,37.2,32.9,2700,37.2,8100,0,0
TATACHEM30Jan20640CE.NFO,07/01/2020,11:32:22,37.2,32.2,5400,36.8,9900,0,0
TATACHEM30Jan20640CE.NFO,07/01/2020,11:32:26,37.2,32.2,5400,36.95,8100,0,0
TATACHEM30Jan20640CE.NFO,07/01/2020,11:32:31,37.2,32.2,5400,36.85,1800,0,0
TATACHEM30Jan20640CE.NFO,07/01/2020,11:32:41,37.2,32.2,5400,37.8,17100,0,0
TATACHEM30Jan20640CE.NFO,07/01/2020,11:32:49,37.2,32.2,5400,37.75,18000,0,0
TATACHEM30Jan20640CE.NFO,07/01/2020,11:32:53,37.2,32.2,5400,37.7,17100,0,0
TATACHEM30Jan20640CE.NFO,07/01/2020,11:32:56,37.2,32.2,5400,36.6,9900,0,0
TATACHEM30Jan20640CE.NFO,07/01/2020,11:33:01,37.2,32.2,5400,36.6,5400,0,0
TATACHEM30Jan20640CE.NFO,07/01/2020,11:33:11,37.2,32.2,5400,36.55,1800,0,0
TATACHEM30Jan20640CE.NFO,07/01/2020,11:33:15,37.2,32.2,5400,36.45,3600,0,0
TATACHEM30Jan20640CE.NFO,07/01/2020,11:33:18,37.2,32.2,5400,36.4,6300,0,0
TATACHEM30Jan20640CE.NFO,07/01/2020,11:33:22,37.2,32.2,5400,36.3,2700,0,0
TATACHEM30Jan20640CE.NFO,07/01/2020,11:33:25,37.2,32.2,5400,36.3,1800,0,0
TATACHEM30Jan20640CE.NFO,07/01/2020,11:33:28,37.2,32.2,5400,36.4,1800,0,0
TATACHEM30Jan20640CE.NFO,07/01/2020,11:33:31,37.2,32.2,5400,36.35,900,0,0
TATACHEM30Jan20640CE.NFO,07/01/2020,11:33:35,37.2,32.2,5400,36.4,1800,0,0
TATACHEM30Jan20640CE.NFO,07/01/2020,11:33:40,37.2,30.8,4500,36.9,10800,0,0
TATACHEM30Jan20640CE.NFO,07/01/2020,11:33:44,37.2,30.8,4500,36.9,12600,0,0
TATACHEM30Jan20640CE.NFO,07/01/2020,11:33:48,37.2,30.8,5400,36.85,9900,0,0
TATACHEM30Jan20640CE.NFO,07/01/2020,11:33:52,37.2,30.8,5400,36.85,11700,0,0
TATACHEM30Jan20640CE.NFO,07/01/2020,11:34:17,37.2,30.8,5400,36.85,15300,0,0
TATACHEM30Jan20640CE.NFO,07/01/2020,11:34:24,37.2,32.25,6300,36.85,15300,0,0
TATACHEM30Jan20640CE.NFO,07/01/2020,11:34:30,37.2,32.25,5400,36.85,15300,0,0
TATACHEM30Jan20640CE.NFO,07/01/2020,11:34:36,37.2,30.8,5400,36.85,15300,0,0
TATACHEM30Jan20640CE.NFO,07/01/2020,11:35:01,37.2,32.65,3600,36.85,15300,0,0
TATACHEM30Jan20640CE.NFO,07/01/2020,11:35:07,37.2,30.8,2700,36.85,15300,0,0
TATACHEM30Jan20640CE.NFO,07/01/2020,11:35:13,37.2,30.8,5400,36.85,15300,0,0
TATACHEM30Jan20640CE.NFO,07/01/2020,11:35:20,37.2,30.8,2700,36.85,15300,0,0
TATACHEM30Jan20640CE.NFO,07/01/2020,11:35:26,37.2,32.2,2700,36.85,15300,0,0
TATACHEM30Jan20640CE.NFO,07/01/2020,11:35:37,37.2,30.75,1800,36.85,15300,0,0
TATACHEM30Jan20640CE.NFO,07/01/2020,11:35:44,37.2,32.2,2700,36.85,15300,0,0
TATACHEM30Jan20640CE.NFO,07/01/2020,11:36:09,37.2,32.2,2700,36.2,1800,0,0
TATACHEM30Jan20640CE.NFO,07/01/2020,11:36:14,37.2,32.2,2700,36.1,2700,0,0
TATACHEM30Jan20640CE.NFO,07/01/2020,11:36:19,37.2,32.2,2700,36.25,900,0,0
TATACHEM30Jan20640CE.NFO,07/01/2020,11:36:25,37.2,32.2,2700,36.1,2700,0,0
TATACHEM30Jan20640CE.NFO,07/01/2020,11:36:30,37.2,32.2,2700,36.1,3600,0,0
TATACHEM30Jan20640CE.NFO,07/01/2020,11:36:35,37.2,32.2,2700,36.1,1800,0,0
TATACHEM30Jan20640CE.NFO,07/01/2020,11:36:58,37.2,32.2,2700,36.05,1800,0,0
TATACHEM30Jan20640CE.NFO,07/01/2020,11:37:38,37.2,32.2,2700,36.35,9900,0,0
TATACHEM30Jan20640CE.NFO,07/01/2020,11:37:44,37.2,32.2,2700,36.2,4500,0,0
TATACHEM30Jan20640CE.NFO,07/01/2020,11:37:49,37.2,32.2,2700,36.2,6300,0,0
TATACHEM30Jan20640CE.NFO,07/01/2020,11:38:03,37.2,30.8,6300,35.95,1800,0,0
TATACHEM30Jan20640CE.NFO,07/01/2020,11:38:11,37.2,32.2,2700,35.9,1800,0,0
TATACHEM30Jan20640CE.NFO,07/01/2020,11:38:16,37.2,32.2,2700,35.85,900,0,0
TATACHEM30Jan20640CE.NFO,07/01/2020,11:38:20,37.2,32.2,2700,35.9,1800,0,0
TATACHEM30Jan20640CE.NFO,07/01/2020,11:38:39,37.2,32.2,2700,36,3600,0,0
TATACHEM30Jan20640CE.NFO,07/01/2020,11:39:01,37.2,32.2,2700,35.95,900,0,0
