Ticker,Date,Time,LTP,BuyPrice,BuyQty,SellPrice,SellQty,LTQ,OpenInterest
TCS30Jan202320CE.NFO,07/01/2020,09:15:43,20,19.9,250,27.95,250,250,54000
TCS30Jan202320CE.NFO,07/01/2020,09:15:43,20,19.9,250,27.95,250,0,54000
TCS30Jan202320CE.NFO,07/01/2020,09:15:43,20,19.9,250,27.95,250,0,54000
TCS30Jan202320CE.NFO,07/01/2020,09:15:43,20,19.9,250,27.95,250,0,54000
TCS30Jan202320CE.NFO,07/01/2020,09:15:56,20,19.9,250,26.95,250,0,54000
TCS30Jan202320CE.NFO,07/01/2020,09:16:08,20,20,250,26.65,250,0,54000
TCS30Jan202320CE.NFO,07/01/2020,09:16:19,20,20.2,250,26.65,250,0,54000
TCS30Jan202320CE.NFO,07/01/2020,09:16:50,20,21.05,250,26.65,250,0,54000
TCS30Jan202320CE.NFO,07/01/2020,09:17:00,20,21.25,250,26.65,250,0,54000
TCS30Jan202320CE.NFO,07/01/2020,09:17:18,20,22.45,250,25.15,250,0,54000
TCS30Jan202320CE.NFO,07/01/2020,09:17:28,20,22.45,250,24.75,500,0,54000
TCS30Jan202320CE.NFO,07/01/2020,09:17:38,20,21.5,250,24.4,250,0,54000
TCS30Jan202320CE.NFO,07/01/2020,09:17:59,20,21.55,250,24.4,250,0,54000
TCS30Jan202320CE.NFO,07/01/2020,09:18:09,20,21.5,250,24.4,250,0,54000
TCS30Jan202320CE.NFO,07/01/2020,09:18:18,20,21.5,750,24.3,250,0,54000
TCS30Jan202320CE.NFO,07/01/2020,09:18:27,20,21.5,750,24.15,750,0,54000
TCS30Jan202320CE.NFO,07/01/2020,09:18:35,20,21.3,500,24,250,0,54000
TCS30Jan202320CE.NFO,07/01/2020,09:18:44,20,20.95,750,23.65,250,0,54000
TCS30Jan202320CE.NFO,07/01/2020,09:18:54,20,20.95,750,23.65,750,0,54000
TCS30Jan202320CE.NFO,07/01/2020,09:19:02,23.45,21.15,250,24.45,250,250,54000
TCS30Jan202320CE.NFO,07/01/2020,09:19:02,23.45,21.15,250,24.45,250,0,54000
TCS30Jan202320CE.NFO,07/01/2020,09:19:11,23.45,21.2,1000,24.35,250,0,54000
TCS30Jan202320CE.NFO,07/01/2020,09:19:20,23.45,21.2,1000,24.3,250,0,54000
TCS30Jan202320CE.NFO,07/01/2020,09:19:28,23.45,21.25,750,24.15,250,0,54000
TCS30Jan202320CE.NFO,07/01/2020,09:19:37,23.45,21.25,750,23.95,250,0,54000
TCS30Jan202320CE.NFO,07/01/2020,09:19:45,23.45,21.25,750,23.95,750,0,54000
TCS30Jan202320CE.NFO,07/01/2020,09:19:53,23.45,21.5,750,23.45,750,0,54000
TCS30Jan202320CE.NFO,07/01/2020,09:20:08,23.45,22.05,250,24.65,250,750,54000
TCS30Jan202320CE.NFO,07/01/2020,09:20:16,23.45,22.1,750,24.45,250,0,54000
TCS30Jan202320CE.NFO,07/01/2020,09:20:39,23.45,22.3,1000,24.45,250,0,54000
TCS30Jan202320CE.NFO,07/01/2020,09:20:55,23.45,22.3,1000,24.35,250,0,54000
TCS30Jan202320CE.NFO,07/01/2020,09:21:02,23.45,21.9,250,23.85,250,0,54000
TCS30Jan202320CE.NFO,07/01/2020,09:21:11,23.45,22.35,250,23,250,0,54000
TCS30Jan202320CE.NFO,07/01/2020,09:21:19,22.4,22.35,250,23,250,250,54750
TCS30Jan202320CE.NFO,07/01/2020,09:21:26,21.5,20.75,500,22.1,250,2500,54750
TCS30Jan202320CE.NFO,07/01/2020,09:21:33,21.5,20.4,250,21.1,250,0,54750
TCS30Jan202320CE.NFO,07/01/2020,09:21:41,21.5,20.25,250,21.8,250,0,54750
TCS30Jan202320CE.NFO,07/01/2020,09:21:50,21.5,20.5,250,21.25,500,0,54750
TCS30Jan202320CE.NFO,07/01/2020,09:21:58,21.5,20.5,250,21.25,750,0,54750
TCS30Jan202320CE.NFO,07/01/2020,09:22:05,21.5,20.5,500,21.45,750,0,54750
TCS30Jan202320CE.NFO,07/01/2020,09:22:14,21.5,20.05,250,20.6,250,0,54750
TCS30Jan202320CE.NFO,07/01/2020,09:22:22,21.5,20.05,250,20.75,750,0,54750
TCS30Jan202320CE.NFO,07/01/2020,09:22:29,20.35,20.4,250,21.1,250,1500,54750
TCS30Jan202320CE.NFO,07/01/2020,09:22:36,20.35,20.4,500,21.1,250,0,54750
TCS30Jan202320CE.NFO,07/01/2020,09:22:43,20.35,20.7,250,21.2,250,0,54750
TCS30Jan202320CE.NFO,07/01/2020,09:22:58,20.8,20.4,500,21.25,250,500,54750
TCS30Jan202320CE.NFO,07/01/2020,09:23:06,20.8,20.25,500,21.05,500,0,54750
TCS30Jan202320CE.NFO,07/01/2020,09:23:13,20.85,20.25,250,20.75,250,250,54750
TCS30Jan202320CE.NFO,07/01/2020,09:23:20,20.85,20.05,250,21.15,250,0,54750
TCS30Jan202320CE.NFO,07/01/2020,09:23:45,20.85,20.3,250,21.9,750,0,54750
TCS30Jan202320CE.NFO,07/01/2020,09:23:52,20.85,20.75,250,21.75,250,0,54750
TCS30Jan202320CE.NFO,07/01/2020,09:23:59,20.85,21.05,250,21.9,250,0,54750
TCS30Jan202320CE.NFO,07/01/2020,09:24:06,20.85,21.15,500,21.85,250,0,54750
TCS30Jan202320CE.NFO,07/01/2020,09:24:13,20.85,21,250,21.65,500,0,54750
TCS30Jan202320CE.NFO,07/01/2020,09:24:20,20.85,20.9,250,21.65,500,0,54750
TCS30Jan202320CE.NFO,07/01/2020,09:24:26,20.85,20.9,250,21.5,500,0,54750
TCS30Jan202320CE.NFO,07/01/2020,09:24:33,20.85,21,250,21.6,500,0,54750
TCS30Jan202320CE.NFO,07/01/2020,09:24:39,20.85,21,250,21.5,250,0,54750
TCS30Jan202320CE.NFO,07/01/2020,09:24:52,20.85,21.1,250,21.85,250,0,54750
TCS30Jan202320CE.NFO,07/01/2020,09:24:58,20.85,21.1,500,21.7,250,0,54750
TCS30Jan202320CE.NFO,07/01/2020,09:25:05,20.85,21.65,250,22,250,0,54750
TCS30Jan202320CE.NFO,07/01/2020,09:25:13,20.85,21.65,250,22,1000,0,54750
TCS30Jan202320CE.NFO,07/01/2020,09:25:20,21.65,21.55,250,21.95,500,250,54500
TCS30Jan202320CE.NFO,07/01/2020,09:25:27,21.65,21.55,250,21.95,500,0,54500
TCS30Jan202320CE.NFO,07/01/2020,09:25:33,21.65,21.55,250,21.85,500,0,54500
TCS30Jan202320CE.NFO,07/01/2020,09:25:41,21.5,21.05,250,21.6,500,500,54500
TCS30Jan202320CE.NFO,07/01/2020,09:25:50,21.6,21.35,250,21.75,500,500,54500
TCS30Jan202320CE.NFO,07/01/2020,09:26:04,21.75,21.1,1000,21.7,500,500,54500
TCS30Jan202320CE.NFO,07/01/2020,09:26:12,21.75,21.25,250,21.65,1000,0,54500
TCS30Jan202320CE.NFO,07/01/2020,09:26:20,21.75,21.25,250,21.6,500,0,54500
TCS30Jan202320CE.NFO,07/01/2020,09:26:26,21.75,21.25,500,21.65,750,0,54500
TCS30Jan202320CE.NFO,07/01/2020,09:26:32,21.75,21.35,1000,21.8,500,0,54500
TCS30Jan202320CE.NFO,07/01/2020,09:26:39,21.75,21.35,500,21.75,500,0,54500
TCS30Jan202320CE.NFO,07/01/2020,09:26:46,21.75,21.25,1000,21.7,500,0,54500
TCS30Jan202320CE.NFO,07/01/2020,09:26:51,21.75,21.45,250,21.85,750,0,54500
TCS30Jan202320CE.NFO,07/01/2020,09:26:57,21.75,21.45,250,21.8,500,0,54500
TCS30Jan202320CE.NFO,07/01/2020,09:27:02,21.75,21.55,250,21.95,750,0,54500
TCS30Jan202320CE.NFO,07/01/2020,09:27:13,21.75,21.65,250,22,500,0,54500
TCS30Jan202320CE.NFO,07/01/2020,09:27:19,21.75,21.7,1250,22,250,0,54500
TCS30Jan202320CE.NFO,07/01/2020,09:27:26,22,21.9,1000,22.3,500,250,55250
TCS30Jan202320CE.NFO,07/01/2020,09:27:32,22,21.9,1000,22.3,1000,0,55250
TCS30Jan202320CE.NFO,07/01/2020,09:27:38,22,21.9,1000,22.3,250,0,55250
TCS30Jan202320CE.NFO,07/01/2020,09:27:44,22,22,750,22.4,500,0,55250
TCS30Jan202320CE.NFO,07/01/2020,09:27:50,22,21.65,1000,22.15,500,250,55250
TCS30Jan202320CE.NFO,07/01/2020,09:28:01,22,21.75,500,22.2,1000,0,55250
TCS30Jan202320CE.NFO,07/01/2020,09:28:14,22,21.95,750,22.4,250,0,55250
TCS30Jan202320CE.NFO,07/01/2020,09:28:21,22,21.9,500,22.3,250,0,55250
TCS30Jan202320CE.NFO,07/01/2020,09:28:27,22,22.05,250,22.4,750,0,55250
TCS30Jan202320CE.NFO,07/01/2020,09:28:33,22,22,1000,22.4,750,0,55250
TCS30Jan202320CE.NFO,07/01/2020,09:28:39,22,22.05,1000,22.4,250,0,55250
TCS30Jan202320CE.NFO,07/01/2020,09:28:44,22,22.1,500,22.4,250,0,55250
TCS30Jan202320CE.NFO,07/01/2020,09:28:50,22,22.05,1000,22.4,250,0,55250
TCS30Jan202320CE.NFO,07/01/2020,09:28:56,22,22.2,500,22.6,750,0,55250
TCS30Jan202320CE.NFO,07/01/2020,09:29:02,22,22.25,500,22.65,750,0,55250
TCS30Jan202320CE.NFO,07/01/2020,09:29:08,22,22.3,500,22.7,1000,0,55250
TCS30Jan202320CE.NFO,07/01/2020,09:29:26,22,22.3,1000,22.7,1000,0,55250
TCS30Jan202320CE.NFO,07/01/2020,09:29:33,22,22.15,500,22.55,1000,0,55250
TCS30Jan202320CE.NFO,07/01/2020,09:29:39,22,22.25,500,22.75,1000,0,55250
TCS30Jan202320CE.NFO,07/01/2020,09:29:45,22,22.25,1000,22.7,1000,0,55250
TCS30Jan202320CE.NFO,07/01/2020,09:29:51,22,22.2,500,22.6,750,0,55250
TCS30Jan202320CE.NFO,07/01/2020,09:29:56,22,22.2,1250,22.6,250,0,55250
TCS30Jan202320CE.NFO,07/01/2020,09:30:01,22,22.2,1000,22.6,250,0,55250
TCS30Jan202320CE.NFO,07/01/2020,09:30:07,22,21.95,250,22.5,750,0,55250
TCS30Jan202320CE.NFO,07/01/2020,09:30:13,22,21.95,1000,22.45,750,0,55250
TCS30Jan202320CE.NFO,07/01/2020,09:30:18,22,21.95,500,22.4,750,0,55250
TCS30Jan202320CE.NFO,07/01/2020,09:30:24,22,21.85,1000,22.3,750,0,55250
TCS30Jan202320CE.NFO,07/01/2020,09:30:35,22,21.85,500,22.25,500,0,55250
TCS30Jan202320CE.NFO,07/01/2020,09:31:24,22,22.05,500,22.45,500,0,55250
TCS30Jan202320CE.NFO,07/01/2020,09:31:58,22,22,500,22.35,500,0,55250
TCS30Jan202320CE.NFO,07/01/2020,09:32:04,22,22.1,500,22.45,500,0,55250
TCS30Jan202320CE.NFO,07/01/2020,09:32:12,22,21.95,500,22.3,500,0,55250
TCS30Jan202320CE.NFO,07/01/2020,09:32:25,22,22.05,1000,22.5,750,0,55250
TCS30Jan202320CE.NFO,07/01/2020,09:32:32,22,22.15,500,22.55,750,0,55250
TCS30Jan202320CE.NFO,07/01/2020,09:32:38,22,22.1,250,22.45,1000,0,55250
TCS30Jan202320CE.NFO,07/01/2020,09:32:45,22,22,500,22.35,750,0,55250
TCS30Jan202320CE.NFO,07/01/2020,09:32:50,22,21.5,1000,22,250,0,55250
TCS30Jan202320CE.NFO,07/01/2020,09:32:56,22,21.6,250,21.9,750,0,55250
TCS30Jan202320CE.NFO,07/01/2020,09:33:02,22,21.8,250,22.2,250,0,55250
TCS30Jan202320CE.NFO,07/01/2020,09:33:08,22,21.75,250,22.1,1000,0,55250
TCS30Jan202320CE.NFO,07/01/2020,09:33:14,22,21.85,1000,22.35,750,0,55250
TCS30Jan202320CE.NFO,07/01/2020,09:33:20,22,21.8,500,22.25,750,0,55250
TCS30Jan202320CE.NFO,07/01/2020,09:33:27,22,21.8,500,22.25,1000,0,55250
TCS30Jan202320CE.NFO,07/01/2020,09:33:33,22,21.8,750,22.25,1000,0,55250
TCS30Jan202320CE.NFO,07/01/2020,09:33:38,22,21.8,500,22.2,1000,0,55250
TCS30Jan202320CE.NFO,07/01/2020,09:33:49,22,21.7,250,22.05,750,0,55250
TCS30Jan202320CE.NFO,07/01/2020,09:33:54,22,21.8,500,22.3,1000,0,55250
TCS30Jan202320CE.NFO,07/01/2020,09:34:00,22,21.75,500,22.2,1000,0,55250
TCS30Jan202320CE.NFO,07/01/2020,09:34:05,22,21.75,500,22.2,1500,0,55250
TCS30Jan202320CE.NFO,07/01/2020,09:34:11,22,21.7,750,22.15,250,0,55250
TCS30Jan202320CE.NFO,07/01/2020,09:34:16,22,21.5,500,21.85,500,0,55250
TCS30Jan202320CE.NFO,07/01/2020,09:34:22,22,21.5,1250,21.95,1000,0,55250
TCS30Jan202320CE.NFO,07/01/2020,09:34:29,21.95,21.85,250,22.35,500,500,55250
TCS30Jan202320CE.NFO,07/01/2020,09:34:35,21.95,21.85,250,22.35,500,0,55250
TCS30Jan202320CE.NFO,07/01/2020,09:34:41,21.95,21.85,500,22.3,750,0,55250
TCS30Jan202320CE.NFO,07/01/2020,09:34:47,21.95,22.1,500,22.55,500,0,55250
TCS30Jan202320CE.NFO,07/01/2020,09:34:53,21.95,22.3,250,22.8,250,0,55250
TCS30Jan202320CE.NFO,07/01/2020,09:34:58,21.95,22.3,500,22.75,500,0,55250
TCS30Jan202320CE.NFO,07/01/2020,09:35:03,21.95,22.5,500,22.9,500,0,55250
TCS30Jan202320CE.NFO,07/01/2020,09:35:09,21.95,22.75,500,23,250,0,55250
TCS30Jan202320CE.NFO,07/01/2020,09:35:14,21.95,22.5,250,22.95,500,0,55250
TCS30Jan202320CE.NFO,07/01/2020,09:35:20,21.95,22.5,500,22.85,500,0,55250
TCS30Jan202320CE.NFO,07/01/2020,09:35:25,21.95,22.5,250,22.8,500,0,55250
TCS30Jan202320CE.NFO,07/01/2020,09:35:31,21.95,22.1,250,22.6,500,0,55250
TCS30Jan202320CE.NFO,07/01/2020,09:35:37,21.95,22.2,250,22.65,500,0,55250
TCS30Jan202320CE.NFO,07/01/2020,09:35:45,21.95,22.2,250,22.55,500,0,55250
TCS30Jan202320CE.NFO,07/01/2020,09:35:53,21.95,22.3,500,22.8,750,0,55250
TCS30Jan202320CE.NFO,07/01/2020,09:36:01,21.95,22.3,500,22.75,500,0,55250
TCS30Jan202320CE.NFO,07/01/2020,09:36:19,21.95,22.2,500,22.6,500,0,55250
TCS30Jan202320CE.NFO,07/01/2020,09:36:25,21.95,22.15,500,22.5,500,0,55250
TCS30Jan202320CE.NFO,07/01/2020,09:36:31,21.95,22.1,250,22.45,500,0,55250
TCS30Jan202320CE.NFO,07/01/2020,09:36:36,21.95,22.1,500,22.4,500,0,55250
TCS30Jan202320CE.NFO,07/01/2020,09:36:58,21.95,22.05,250,22.35,500,0,55250
TCS30Jan202320CE.NFO,07/01/2020,09:37:03,21.95,22.1,500,22.5,500,0,55250
TCS30Jan202320CE.NFO,07/01/2020,09:37:09,21.95,21.9,250,22.3,500,0,55250
TCS30Jan202320CE.NFO,07/01/2020,09:37:14,21.95,21.9,500,22.3,750,0,55250
TCS30Jan202320CE.NFO,07/01/2020,09:37:19,21.95,21.9,1000,22.35,750,0,55250
TCS30Jan202320CE.NFO,07/01/2020,09:37:29,21.95,21.9,1000,22.35,1000,0,55250
TCS30Jan202320CE.NFO,07/01/2020,09:37:34,21.95,21.9,1000,22.3,750,0,55250
TCS30Jan202320CE.NFO,07/01/2020,09:37:39,21.95,21.9,250,22.25,750,0,55250
TCS30Jan202320CE.NFO,07/01/2020,09:37:45,21.95,21.8,1000,22.25,750,0,55250
TCS30Jan202320CE.NFO,07/01/2020,09:37:50,21.95,21.8,250,22.1,1000,0,55250
TCS30Jan202320CE.NFO,07/01/2020,09:37:54,21.95,21.7,250,22.05,750,0,55250
TCS30Jan202320CE.NFO,07/01/2020,09:37:59,21.95,21.45,250,21.95,250,0,55250
TCS30Jan202320CE.NFO,07/01/2020,09:38:04,21.95,21.55,750,21.95,500,0,55250
TCS30Jan202320CE.NFO,07/01/2020,09:38:10,21.95,21.55,250,21.85,750,0,55250
TCS30Jan202320CE.NFO,07/01/2020,09:38:15,21.95,21.55,250,21.85,500,0,55250
TCS30Jan202320CE.NFO,07/01/2020,09:38:20,21.95,21.3,500,21.7,500,0,55250
TCS30Jan202320CE.NFO,07/01/2020,09:38:25,21.95,21.55,250,21.8,250,0,55250
TCS30Jan202320CE.NFO,07/01/2020,09:38:34,21.95,21.55,750,21.85,750,0,55250
TCS30Jan202320CE.NFO,07/01/2020,09:38:43,21.95,21.45,250,21.75,500,0,55250
TCS30Jan202320CE.NFO,07/01/2020,09:38:48,21.95,21.35,250,21.6,500,0,55250
TCS30Jan202320CE.NFO,07/01/2020,09:38:53,21.95,21.3,1000,21.6,500,0,55250
TCS30Jan202320CE.NFO,07/01/2020,09:38:59,21.95,21.3,250,21.6,500,0,55250
TCS30Jan202320CE.NFO,07/01/2020,09:39:03,21.95,21.3,250,21.55,500,0,55250
TCS30Jan202320CE.NFO,07/01/2020,09:39:14,21.95,21.3,250,21.5,500,0,55250
TCS30Jan202320CE.NFO,07/01/2020,09:39:19,21.15,21.1,250,21.15,750,500,55750
TCS30Jan202320CE.NFO,07/01/2020,09:39:25,21.15,21.1,250,21.25,500,250,55750
TCS30Jan202320CE.NFO,07/01/2020,09:39:29,21.1,21.05,500,21.3,750,250,55750
TCS30Jan202320CE.NFO,07/01/2020,09:39:35,21,20.95,750,21.2,500,250,55750
TCS30Jan202320CE.NFO,07/01/2020,09:39:40,21,21,750,21.25,750,0,55750
TCS30Jan202320CE.NFO,07/01/2020,09:39:45,21,21,750,21.25,500,0,55750
TCS30Jan202320CE.NFO,07/01/2020,09:39:51,21,21,500,21.25,500,0,55750
TCS30Jan202320CE.NFO,07/01/2020,09:39:56,21,21.2,750,21.5,750,0,55750
TCS30Jan202320CE.NFO,07/01/2020,09:40:07,21,21.5,250,21.9,250,0,55750
TCS30Jan202320CE.NFO,07/01/2020,09:40:13,21,21.4,250,21.7,500,0,55750
TCS30Jan202320CE.NFO,07/01/2020,09:40:19,21,21.55,500,21.85,500,0,55750
TCS30Jan202320CE.NFO,07/01/2020,09:40:25,21,21.75,500,22,1000,0,55750
TCS30Jan202320CE.NFO,07/01/2020,09:40:30,21,21.7,500,21.95,500,0,55750
TCS30Jan202320CE.NFO,07/01/2020,09:40:37,21.7,21.4,500,21.75,500,750,55750
TCS30Jan202320CE.NFO,07/01/2020,09:40:42,21.7,21.65,250,21.9,500,0,55750
TCS30Jan202320CE.NFO,07/01/2020,09:40:47,21.7,21.5,750,21.8,500,0,55750
TCS30Jan202320CE.NFO,07/01/2020,09:40:53,21.8,21.55,1000,21.85,500,500,55750
TCS30Jan202320CE.NFO,07/01/2020,09:40:58,21.8,21.65,250,21.9,750,0,55750
TCS30Jan202320CE.NFO,07/01/2020,09:41:04,21.8,21.6,750,21.85,500,0,55750
TCS30Jan202320CE.NFO,07/01/2020,09:41:10,21.8,21.6,250,21.85,500,0,55750
TCS30Jan202320CE.NFO,07/01/2020,09:41:15,21.8,21.6,750,21.85,750,0,55750
TCS30Jan202320CE.NFO,07/01/2020,09:41:20,21.8,21.7,250,21.95,1000,0,55750
TCS30Jan202320CE.NFO,07/01/2020,09:41:25,21.8,21.75,250,21.95,750,0,55750
TCS30Jan202320CE.NFO,07/01/2020,09:41:31,21.8,21.65,750,21.9,750,0,55750
TCS30Jan202320CE.NFO,07/01/2020,09:41:35,21.8,21.7,250,21.95,500,0,55750
TCS30Jan202320CE.NFO,07/01/2020,09:41:40,21.8,21.8,250,22,1000,0,55750
TCS30Jan202320CE.NFO,07/01/2020,09:41:45,21.8,21.8,1000,22,500,0,55750
TCS30Jan202320CE.NFO,07/01/2020,09:41:50,21.8,21.45,250,21.85,500,0,55750
TCS30Jan202320CE.NFO,07/01/2020,09:41:57,21.8,21.45,1000,21.85,500,0,55750
TCS30Jan202320CE.NFO,07/01/2020,09:42:05,21.8,21.45,1000,21.8,500,0,55750
TCS30Jan202320CE.NFO,07/01/2020,09:42:19,21.8,21.6,500,21.85,750,0,55750
TCS30Jan202320CE.NFO,07/01/2020,09:42:25,21.8,21.6,500,21.85,500,0,55750
TCS30Jan202320CE.NFO,07/01/2020,09:42:32,21.8,21.55,1000,21.85,750,0,55750
TCS30Jan202320CE.NFO,07/01/2020,09:42:40,21.8,21.65,1000,21.95,750,0,55750
TCS30Jan202320CE.NFO,07/01/2020,09:43:05,21.8,21.55,750,21.9,750,0,55750
TCS30Jan202320CE.NFO,07/01/2020,09:43:15,21.8,21.65,250,21.95,750,0,55750
TCS30Jan202320CE.NFO,07/01/2020,09:43:20,21.8,21.6,250,21.95,750,0,55750
TCS30Jan202320CE.NFO,07/01/2020,09:43:25,21.8,21.6,500,21.95,750,0,55750
TCS30Jan202320CE.NFO,07/01/2020,09:43:36,22,21.85,500,22.15,750,750,55750
TCS30Jan202320CE.NFO,07/01/2020,09:43:41,22,22.15,750,22.5,750,0,55750
TCS30Jan202320CE.NFO,07/01/2020,09:43:46,22,22.2,750,22.45,250,0,55750
TCS30Jan202320CE.NFO,07/01/2020,09:43:51,22,22.2,1250,22.45,250,0,55750
TCS30Jan202320CE.NFO,07/01/2020,09:43:57,22,22.3,250,22.6,1000,0,55750
TCS30Jan202320CE.NFO,07/01/2020,09:44:02,22,22.3,1250,22.6,750,0,55750
TCS30Jan202320CE.NFO,07/01/2020,09:44:14,22,22.3,1250,22.6,250,0,55750
TCS30Jan202320CE.NFO,07/01/2020,09:44:20,22,22.35,500,22.6,750,0,55750
TCS30Jan202320CE.NFO,07/01/2020,09:44:26,22,22.2,250,22.45,750,0,55750
TCS30Jan202320CE.NFO,07/01/2020,09:44:31,22,21.95,250,22.3,500,0,55750
TCS30Jan202320CE.NFO,07/01/2020,09:44:35,22,21.95,1250,22.3,500,0,55750
TCS30Jan202320CE.NFO,07/01/2020,09:44:40,22,22.2,1000,22.6,750,0,55750
TCS30Jan202320CE.NFO,07/01/2020,09:44:50,22,22.2,500,22.6,750,0,55750
TCS30Jan202320CE.NFO,07/01/2020,09:44:55,22,22.2,750,22.6,750,0,55750
TCS30Jan202320CE.NFO,07/01/2020,09:45:00,22,22.4,500,22.7,250,0,55750
TCS30Jan202320CE.NFO,07/01/2020,09:45:06,22,22.55,750,22.85,250,0,55750
TCS30Jan202320CE.NFO,07/01/2020,09:45:13,22,22.8,250,23,500,0,55750
TCS30Jan202320CE.NFO,07/01/2020,09:45:21,22,22.8,500,23,500,0,55750
TCS30Jan202320CE.NFO,07/01/2020,09:45:27,22,22.75,250,23,1000,0,55750
TCS30Jan202320CE.NFO,07/01/2020,09:45:33,22,22.85,250,23,250,0,55750
TCS30Jan202320CE.NFO,07/01/2020,09:45:38,22.85,22.65,750,22.95,1000,250,56500
TCS30Jan202320CE.NFO,07/01/2020,09:45:43,22.85,22.6,1000,22.95,1000,0,56500
TCS30Jan202320CE.NFO,07/01/2020,09:45:49,22.85,22.75,750,23,250,0,56500
TCS30Jan202320CE.NFO,07/01/2020,09:45:54,23,22.8,500,23.1,250,250,56500
TCS30Jan202320CE.NFO,07/01/2020,09:46:00,23,22.8,500,23.2,250,0,56500
TCS30Jan202320CE.NFO,07/01/2020,09:46:06,23,23.15,750,23.4,250,0,56500
TCS30Jan202320CE.NFO,07/01/2020,09:46:11,23.4,23.2,750,23.55,1000,250,56500
TCS30Jan202320CE.NFO,07/01/2020,09:46:16,23.4,23,250,23.35,250,0,56500
TCS30Jan202320CE.NFO,07/01/2020,09:46:21,23.35,23.05,1000,23.4,500,250,56500
TCS30Jan202320CE.NFO,07/01/2020,09:46:27,23.35,23.1,1000,23.4,250,0,56500
TCS30Jan202320CE.NFO,07/01/2020,09:46:32,23.35,23.05,250,23.4,500,0,56500
TCS30Jan202320CE.NFO,07/01/2020,09:46:39,23.05,23,750,23.3,500,250,56500
TCS30Jan202320CE.NFO,07/01/2020,09:46:44,23.05,23.05,500,23.3,500,0,56500
TCS30Jan202320CE.NFO,07/01/2020,09:46:50,23.05,23.1,500,23.3,250,0,56500
TCS30Jan202320CE.NFO,07/01/2020,09:47:05,23.05,23.2,500,23.4,250,0,56500
TCS30Jan202320CE.NFO,07/01/2020,09:47:20,23.05,23.2,250,23.4,250,0,56500
TCS30Jan202320CE.NFO,07/01/2020,09:47:34,23.05,23.25,250,23.5,250,0,56500
TCS30Jan202320CE.NFO,07/01/2020,09:47:38,23.5,23.35,250,24.45,250,250,56500
TCS30Jan202320CE.NFO,07/01/2020,09:47:38,23.5,23.35,250,24.45,250,0,56500
TCS30Jan202320CE.NFO,07/01/2020,09:47:42,23.5,23.35,250,23.8,500,0,56500
TCS30Jan202320CE.NFO,07/01/2020,09:47:47,23.5,23.35,250,23.7,250,0,56500
TCS30Jan202320CE.NFO,07/01/2020,09:47:51,23.5,23.35,250,23.65,500,0,56500
TCS30Jan202320CE.NFO,07/01/2020,09:47:56,23.5,23.2,250,23.55,250,0,56500
TCS30Jan202320CE.NFO,07/01/2020,09:48:01,23.5,23.2,250,23.45,250,0,56500
TCS30Jan202320CE.NFO,07/01/2020,09:48:06,23.5,23.2,500,23.45,250,0,56500
TCS30Jan202320CE.NFO,07/01/2020,09:48:15,23.5,22.25,250,23.2,250,0,56500
TCS30Jan202320CE.NFO,07/01/2020,09:48:20,23.5,22.8,750,23.25,500,0,56500
TCS30Jan202320CE.NFO,07/01/2020,09:48:25,23.5,22.8,250,23.1,250,0,56500
TCS30Jan202320CE.NFO,07/01/2020,09:48:31,23.5,22.7,750,23.1,750,0,56500
TCS30Jan202320CE.NFO,07/01/2020,09:48:37,23.5,22.7,750,23.1,250,0,56500
TCS30Jan202320CE.NFO,07/01/2020,09:48:43,23.5,22.7,750,23.1,500,0,56500
TCS30Jan202320CE.NFO,07/01/2020,09:48:49,23.5,22.9,750,23.25,250,0,56500
TCS30Jan202320CE.NFO,07/01/2020,09:48:55,23.5,22.8,750,23.15,250,0,56500
TCS30Jan202320CE.NFO,07/01/2020,09:49:01,23.5,22.85,750,23.15,250,0,56500
TCS30Jan202320CE.NFO,07/01/2020,09:49:08,22.9,22.35,500,23,750,500,56500
TCS30Jan202320CE.NFO,07/01/2020,09:49:13,22.9,22.5,750,23,250,0,56500
TCS30Jan202320CE.NFO,07/01/2020,09:49:19,22.9,22.5,500,23,250,0,56500
TCS30Jan202320CE.NFO,07/01/2020,09:49:30,22.9,22.35,250,22.7,250,0,56500
TCS30Jan202320CE.NFO,07/01/2020,09:49:41,22.9,22.3,250,22.7,250,0,56500
TCS30Jan202320CE.NFO,07/01/2020,09:49:51,22.9,22.35,250,22.7,250,0,56500
TCS30Jan202320CE.NFO,07/01/2020,09:49:56,22.9,22.3,250,22.7,500,0,56500
TCS30Jan202320CE.NFO,07/01/2020,09:50:01,22.9,22.35,250,22.7,500,0,56500
TCS30Jan202320CE.NFO,07/01/2020,09:50:06,22.9,22.2,250,22.6,250,0,56500
TCS30Jan202320CE.NFO,07/01/2020,09:50:11,22.9,22.2,250,22.6,500,0,56500
TCS30Jan202320CE.NFO,07/01/2020,09:50:16,22.9,22.15,250,22.5,500,0,56500
TCS30Jan202320CE.NFO,07/01/2020,09:50:27,22.9,21.3,250,22.5,750,0,56500
TCS30Jan202320CE.NFO,07/01/2020,09:50:31,22.9,22.15,500,22.55,250,0,56500
TCS30Jan202320CE.NFO,07/01/2020,09:50:44,22.9,22.25,250,22.6,250,0,56500
TCS30Jan202320CE.NFO,07/01/2020,09:50:49,22.9,22.25,500,22.6,250,0,56500
TCS30Jan202320CE.NFO,07/01/2020,09:50:58,22.9,22.45,250,22.8,500,0,56500
TCS30Jan202320CE.NFO,07/01/2020,09:51:04,22.9,22.5,250,22.9,500,0,56500
TCS30Jan202320CE.NFO,07/01/2020,09:51:09,22.9,22.35,500,22.8,500,0,56500
TCS30Jan202320CE.NFO,07/01/2020,09:51:14,22.9,22.2,500,22.6,500,0,56500
TCS30Jan202320CE.NFO,07/01/2020,09:51:18,22.9,22.1,500,22.5,750,0,56500
TCS30Jan202320CE.NFO,07/01/2020,09:51:23,22.9,22.1,500,22.5,250,0,56500
TCS30Jan202320CE.NFO,07/01/2020,09:51:27,22.9,22.1,500,22.5,500,0,56500
TCS30Jan202320CE.NFO,07/01/2020,09:51:40,22.9,22.1,250,22.45,750,0,56500
TCS30Jan202320CE.NFO,07/01/2020,09:51:44,22.25,22.25,500,22.65,500,250,56750
TCS30Jan202320CE.NFO,07/01/2020,09:51:49,22.25,22.1,250,22.4,250,0,56750
TCS30Jan202320CE.NFO,07/01/2020,09:51:54,22.25,22.1,250,22.4,500,0,56750
TCS30Jan202320CE.NFO,07/01/2020,09:51:59,22.25,22.1,250,22.4,250,0,56750
TCS30Jan202320CE.NFO,07/01/2020,09:52:04,22.25,22.15,750,22.45,500,0,56750
TCS30Jan202320CE.NFO,07/01/2020,09:52:09,22.25,22.15,500,22.5,750,0,56750
TCS30Jan202320CE.NFO,07/01/2020,09:52:14,22.25,22.15,750,22.5,750,0,56750
TCS30Jan202320CE.NFO,07/01/2020,09:52:19,22.25,22.3,250,22.65,750,0,56750
TCS30Jan202320CE.NFO,07/01/2020,09:52:24,22.25,22.25,250,22.55,500,0,56750
TCS30Jan202320CE.NFO,07/01/2020,09:52:39,22.25,22.25,500,22.6,750,0,56750
TCS30Jan202320CE.NFO,07/01/2020,09:52:44,22.25,22.25,500,22.6,500,0,56750
TCS30Jan202320CE.NFO,07/01/2020,09:52:48,22.25,22.25,500,22.6,750,0,56750
TCS30Jan202320CE.NFO,07/01/2020,09:52:53,22.25,22.45,250,23.1,250,0,56750
TCS30Jan202320CE.NFO,07/01/2020,09:52:58,22.25,22.5,250,22.9,750,0,56750
TCS30Jan202320CE.NFO,07/01/2020,09:53:02,22.25,22.6,500,23,750,0,56750
TCS30Jan202320CE.NFO,07/01/2020,09:53:09,22.25,22.65,250,23.2,250,0,56750
TCS30Jan202320CE.NFO,07/01/2020,09:53:16,22.25,22.6,750,23.1,500,0,56750
TCS30Jan202320CE.NFO,07/01/2020,09:53:21,22.25,22.65,500,23.1,500,0,56750
TCS30Jan202320CE.NFO,07/01/2020,09:53:26,22.25,22.75,250,23.15,500,0,56750
TCS30Jan202320CE.NFO,07/01/2020,09:53:30,22.25,22.8,500,23.35,750,0,56750
TCS30Jan202320CE.NFO,07/01/2020,09:53:56,22.25,22.5,750,23.15,750,0,56750
TCS30Jan202320CE.NFO,07/01/2020,09:54:01,22.25,22.65,500,23.15,500,0,56750
TCS30Jan202320CE.NFO,07/01/2020,09:54:06,22.25,22.7,500,23.2,500,0,56750
TCS30Jan202320CE.NFO,07/01/2020,09:54:11,22.25,22.7,500,23.2,750,0,56750
TCS30Jan202320CE.NFO,07/01/2020,09:54:51,22.25,22.8,250,23.2,250,0,56750
TCS30Jan202320CE.NFO,07/01/2020,09:54:57,22.25,22.85,250,23.35,250,0,56750
TCS30Jan202320CE.NFO,07/01/2020,09:55:02,22.25,22.95,250,23.5,500,0,56750
TCS30Jan202320CE.NFO,07/01/2020,09:55:14,22.25,23.1,500,23.55,500,0,56750
TCS30Jan202320CE.NFO,07/01/2020,09:55:20,22.25,23.15,500,23.7,250,0,56750
TCS30Jan202320CE.NFO,07/01/2020,09:55:25,22.25,23.1,500,23.6,250,0,56750
TCS30Jan202320CE.NFO,07/01/2020,09:55:31,22.25,23.25,500,23.65,500,0,56750
TCS30Jan202320CE.NFO,07/01/2020,09:55:36,22.25,23.25,250,23.7,500,0,56750
TCS30Jan202320CE.NFO,07/01/2020,09:55:45,22.25,23.25,500,23.7,500,0,56750
TCS30Jan202320CE.NFO,07/01/2020,09:55:49,22.25,23.3,250,23.7,500,0,56750
TCS30Jan202320CE.NFO,07/01/2020,09:55:53,22.25,23.45,500,24.1,250,0,56750
TCS30Jan202320CE.NFO,07/01/2020,09:55:58,22.25,23.65,500,24.2,500,0,56750
TCS30Jan202320CE.NFO,07/01/2020,09:56:03,22.25,23.8,250,24.25,750,0,56750
TCS30Jan202320CE.NFO,07/01/2020,09:56:08,24.35,24.25,250,24.95,250,500,56500
TCS30Jan202320CE.NFO,07/01/2020,09:56:08,24.35,24.25,250,24.95,250,0,56500
TCS30Jan202320CE.NFO,07/01/2020,09:56:15,24.7,24.45,500,24.95,500,500,56500
TCS30Jan202320CE.NFO,07/01/2020,09:56:15,24.7,24.45,500,24.95,500,0,56500
TCS30Jan202320CE.NFO,07/01/2020,09:56:22,24.7,24.7,750,25,250,0,56500
TCS30Jan202320CE.NFO,07/01/2020,09:56:28,25,25,500,25.35,250,250,55500
TCS30Jan202320CE.NFO,07/01/2020,09:56:28,25,25,500,25.35,250,0,55500
TCS30Jan202320CE.NFO,07/01/2020,09:56:34,25,25,250,25.35,500,0,55500
TCS30Jan202320CE.NFO,07/01/2020,09:56:39,25,25,750,25.6,250,0,55500
TCS30Jan202320CE.NFO,07/01/2020,09:56:44,25,25.05,250,25.45,500,0,55500
TCS30Jan202320CE.NFO,07/01/2020,09:56:48,25,25,750,25.45,250,0,55500
TCS30Jan202320CE.NFO,07/01/2020,09:56:53,25,25.2,250,25.6,500,0,55500
TCS30Jan202320CE.NFO,07/01/2020,09:56:57,25,25.3,250,25.7,500,0,55500
TCS30Jan202320CE.NFO,07/01/2020,09:57:01,25.6,25.3,250,26.1,250,250,55500
TCS30Jan202320CE.NFO,07/01/2020,09:57:01,25.6,25.3,250,26.1,250,0,55500
TCS30Jan202320CE.NFO,07/01/2020,09:57:06,25.6,25.8,500,26.3,250,0,55500
TCS30Jan202320CE.NFO,07/01/2020,09:57:10,25.6,26,250,26.55,250,0,55500
TCS30Jan202320CE.NFO,07/01/2020,09:57:16,25.6,26.2,250,26.7,250,0,55500
TCS30Jan202320CE.NFO,07/01/2020,09:57:22,25.6,26.4,500,26.85,250,0,55500
TCS30Jan202320CE.NFO,07/01/2020,09:57:28,26.2,26,750,26.65,250,250,55500
TCS30Jan202320CE.NFO,07/01/2020,09:57:28,26.2,26,750,26.65,250,0,55500
TCS30Jan202320CE.NFO,07/01/2020,09:57:38,26.2,25.7,250,26.6,250,0,55500
TCS30Jan202320CE.NFO,07/01/2020,09:57:42,26.2,26.2,3000,26.55,250,2000,55500
TCS30Jan202320CE.NFO,07/01/2020,09:57:46,26.2,26.2,2250,26.4,250,750,55500
TCS30Jan202320CE.NFO,07/01/2020,09:57:51,26.2,25.75,500,26.15,250,2250,55500
TCS30Jan202320CE.NFO,07/01/2020,09:57:55,26.2,25.85,250,26.25,500,0,55500
TCS30Jan202320CE.NFO,07/01/2020,09:57:59,26.2,25.85,500,26.4,500,0,55500
TCS30Jan202320CE.NFO,07/01/2020,09:58:04,26.2,26.05,250,26.45,500,0,55500
TCS30Jan202320CE.NFO,07/01/2020,09:58:10,26.2,25.6,500,26.15,250,0,55500
TCS30Jan202320CE.NFO,07/01/2020,09:58:15,26.2,25.35,250,25.85,250,0,55500
TCS30Jan202320CE.NFO,07/01/2020,09:58:21,26.2,24.75,250,25.35,250,0,55500
TCS30Jan202320CE.NFO,07/01/2020,09:58:25,26.2,24.85,500,25.35,250,0,55500
TCS30Jan202320CE.NFO,07/01/2020,09:58:30,26.2,24.95,250,25.35,250,0,55500
TCS30Jan202320CE.NFO,07/01/2020,09:58:35,26.2,25.05,250,25.45,250,0,55500
TCS30Jan202320CE.NFO,07/01/2020,09:58:44,26.2,25.1,250,25.5,250,0,55500
TCS30Jan202320CE.NFO,07/01/2020,09:58:49,26.2,24.85,500,25.4,250,0,55500
TCS30Jan202320CE.NFO,07/01/2020,09:58:55,26.2,25.05,250,25.45,500,0,55500
TCS30Jan202320CE.NFO,07/01/2020,09:59:01,26.2,25.35,500,25.8,250,0,55500
TCS30Jan202320CE.NFO,07/01/2020,09:59:07,26.2,25.6,250,26,500,0,55500
TCS30Jan202320CE.NFO,07/01/2020,09:59:13,26.2,25.55,250,25.95,250,0,55500
TCS30Jan202320CE.NFO,07/01/2020,09:59:19,26.2,25.75,500,26.2,500,0,55500
TCS30Jan202320CE.NFO,07/01/2020,09:59:25,26.2,25.7,500,26.2,250,0,55500
TCS30Jan202320CE.NFO,07/01/2020,09:59:30,26.2,25.7,750,26.2,500,0,55500
TCS30Jan202320CE.NFO,07/01/2020,09:59:35,26.2,25.35,250,25.9,250,0,55500
TCS30Jan202320CE.NFO,07/01/2020,09:59:40,26.2,25.65,750,26.2,250,0,55500
TCS30Jan202320CE.NFO,07/01/2020,09:59:49,26.2,25.6,250,26.15,750,0,55500
TCS30Jan202320CE.NFO,07/01/2020,09:59:53,26.2,25.6,500,26.05,750,0,55500
TCS30Jan202320CE.NFO,07/01/2020,10:00:01,26.2,25.6,750,26.15,250,0,55500
TCS30Jan202320CE.NFO,07/01/2020,10:00:06,26.2,25.7,500,26.15,250,0,55500
TCS30Jan202320CE.NFO,07/01/2020,10:00:09,26.2,25.7,750,26.15,250,0,55500
TCS30Jan202320CE.NFO,07/01/2020,10:00:13,26.2,25.7,750,26.2,500,0,55500
TCS30Jan202320CE.NFO,07/01/2020,10:00:17,26.2,25.55,250,26,500,0,55500
TCS30Jan202320CE.NFO,07/01/2020,10:00:27,26.2,25.65,1000,26.05,250,0,55500
TCS30Jan202320CE.NFO,07/01/2020,10:00:32,26.2,25.75,500,26.15,250,0,55500
TCS30Jan202320CE.NFO,07/01/2020,10:00:37,26.05,25.5,250,26.05,250,250,58250
TCS30Jan202320CE.NFO,07/01/2020,10:00:41,26.05,25.35,500,25.9,250,0,58250
TCS30Jan202320CE.NFO,07/01/2020,10:00:48,26.05,25.6,250,26,250,0,58250
TCS30Jan202320CE.NFO,07/01/2020,10:00:55,26.05,25.95,500,26.15,250,0,58250
TCS30Jan202320CE.NFO,07/01/2020,10:01:01,26,26,500,26.2,250,250,58250
TCS30Jan202320CE.NFO,07/01/2020,10:01:07,26.05,26,250,26.25,500,500,58250
TCS30Jan202320CE.NFO,07/01/2020,10:01:13,26.05,25.9,250,26.2,750,0,58250
TCS30Jan202320CE.NFO,07/01/2020,10:01:20,26.05,25.75,250,26.05,250,0,58250
TCS30Jan202320CE.NFO,07/01/2020,10:01:27,26.05,25.55,250,25.9,250,0,58250
TCS30Jan202320CE.NFO,07/01/2020,10:01:32,26.05,25.55,250,25.85,500,0,58250
TCS30Jan202320CE.NFO,07/01/2020,10:01:38,26.05,25.4,250,25.7,500,0,58250
TCS30Jan202320CE.NFO,07/01/2020,10:01:43,26.05,25.35,250,25.7,250,0,58250
TCS30Jan202320CE.NFO,07/01/2020,10:01:49,26.05,25.4,250,25.75,500,0,58250
TCS30Jan202320CE.NFO,07/01/2020,10:01:55,26.05,25.4,250,25.75,750,0,58250
TCS30Jan202320CE.NFO,07/01/2020,10:02:07,26.05,25.45,250,25.8,500,0,58250
TCS30Jan202320CE.NFO,07/01/2020,10:02:12,26.05,25.55,250,25.95,250,0,58250
TCS30Jan202320CE.NFO,07/01/2020,10:02:17,26.05,25.5,250,25.9,750,0,58250
TCS30Jan202320CE.NFO,07/01/2020,10:02:22,26.05,25.45,250,25.9,750,0,58250
TCS30Jan202320CE.NFO,07/01/2020,10:02:27,26.05,25.5,250,25.85,500,0,58250
TCS30Jan202320CE.NFO,07/01/2020,10:02:32,26.05,25.55,250,25.85,250,0,58250
TCS30Jan202320CE.NFO,07/01/2020,10:02:37,26.05,25.8,250,26.15,250,0,58250
TCS30Jan202320CE.NFO,07/01/2020,10:02:52,26.05,25.6,250,25.95,250,0,58250
TCS30Jan202320CE.NFO,07/01/2020,10:03:03,26.05,25.75,500,26,250,0,58250
TCS30Jan202320CE.NFO,07/01/2020,10:03:09,26.05,25.75,250,26,250,0,58250
TCS30Jan202320CE.NFO,07/01/2020,10:03:15,26.05,25.55,250,25.95,1000,0,58250
TCS30Jan202320CE.NFO,07/01/2020,10:03:21,26.05,25.7,750,25.95,500,0,58250
TCS30Jan202320CE.NFO,07/01/2020,10:03:42,26.05,25.8,250,25.95,500,0,58250
TCS30Jan202320CE.NFO,07/01/2020,10:03:47,26.05,25.8,500,26.1,250,0,58250
TCS30Jan202320CE.NFO,07/01/2020,10:03:53,26.05,25.8,500,26,500,0,58250
TCS30Jan202320CE.NFO,07/01/2020,10:03:59,26.05,26,250,26.35,500,0,58250
TCS30Jan202320CE.NFO,07/01/2020,10:04:04,26.05,25.95,250,26.25,500,0,58250
TCS30Jan202320CE.NFO,07/01/2020,10:04:15,26.05,25.9,250,26.2,750,0,58250
TCS30Jan202320CE.NFO,07/01/2020,10:04:20,26.05,25.9,250,26.15,500,0,58250
TCS30Jan202320CE.NFO,07/01/2020,10:04:30,26.15,26.05,250,26.3,250,500,58250
TCS30Jan202320CE.NFO,07/01/2020,10:04:35,26.15,26,250,26.25,750,0,58250
TCS30Jan202320CE.NFO,07/01/2020,10:04:51,26.15,26,250,26.25,500,0,58250
TCS30Jan202320CE.NFO,07/01/2020,10:04:56,26.25,26.4,500,26.6,250,500,58250
TCS30Jan202320CE.NFO,07/01/2020,10:04:56,26.25,26.4,500,26.6,250,0,58250
TCS30Jan202320CE.NFO,07/01/2020,10:05:02,26.25,26.4,250,26.6,250,0,58250
TCS30Jan202320CE.NFO,07/01/2020,10:05:07,26.25,26.4,500,26.6,250,0,58250
TCS30Jan202320CE.NFO,07/01/2020,10:05:12,26.25,26.45,250,26.6,250,0,58250
TCS30Jan202320CE.NFO,07/01/2020,10:05:17,26.25,26.45,500,26.6,250,0,58250
TCS30Jan202320CE.NFO,07/01/2020,10:05:21,26.25,26.35,250,26.6,250,0,58250
TCS30Jan202320CE.NFO,07/01/2020,10:05:26,26.25,26.35,250,26.6,500,0,58250
TCS30Jan202320CE.NFO,07/01/2020,10:05:32,26.25,26.4,250,26.6,500,0,58250
TCS30Jan202320CE.NFO,07/01/2020,10:05:39,26.25,26.45,500,26.6,250,0,58250
TCS30Jan202320CE.NFO,07/01/2020,10:05:45,26.9,26.95,250,27.55,250,1000,59250
TCS30Jan202320CE.NFO,07/01/2020,10:05:45,26.9,26.95,250,27.55,250,0,59250
TCS30Jan202320CE.NFO,07/01/2020,10:05:51,27.35,27.25,500,27.65,250,750,59250
TCS30Jan202320CE.NFO,07/01/2020,10:05:51,27.45,27.25,500,27.65,250,0,59250
TCS30Jan202320CE.NFO,07/01/2020,10:05:57,27.35,27.2,500,27.6,250,0,59250
TCS30Jan202320CE.NFO,07/01/2020,10:06:02,27.35,27.3,750,27.7,250,0,59250
TCS30Jan202320CE.NFO,07/01/2020,10:06:08,27.35,27.1,250,27.65,750,0,59250
TCS30Jan202320CE.NFO,07/01/2020,10:06:15,27.3,27.05,250,27.55,250,500,59250
TCS30Jan202320CE.NFO,07/01/2020,10:06:20,27.3,26.75,500,27.2,500,0,59250
TCS30Jan202320CE.NFO,07/01/2020,10:06:26,27.3,26.9,250,27.35,750,0,59250
TCS30Jan202320CE.NFO,07/01/2020,10:06:32,27.3,26.8,250,27.25,750,0,59250
TCS30Jan202320CE.NFO,07/01/2020,10:06:37,26.8,26.5,250,26.85,750,250,59250
TCS30Jan202320CE.NFO,07/01/2020,10:06:42,26.8,26.25,500,26.7,250,0,59250
TCS30Jan202320CE.NFO,07/01/2020,10:06:47,26.8,26.35,500,26.85,750,0,59250
TCS30Jan202320CE.NFO,07/01/2020,10:06:53,26.8,26.15,1250,26.65,500,0,59250
TCS30Jan202320CE.NFO,07/01/2020,10:06:57,26.8,26.15,1000,26.55,250,0,59250
TCS30Jan202320CE.NFO,07/01/2020,10:07:02,26.8,26.45,750,26.85,250,0,59250
TCS30Jan202320CE.NFO,07/01/2020,10:07:07,26.8,26.45,500,26.8,1000,0,59250
TCS30Jan202320CE.NFO,07/01/2020,10:07:12,26.8,26.45,500,26.7,750,0,59250
TCS30Jan202320CE.NFO,07/01/2020,10:07:18,26.45,26.3,250,26.6,750,500,59250
TCS30Jan202320CE.NFO,07/01/2020,10:07:24,26.45,26.25,250,26.55,500,0,59250
TCS30Jan202320CE.NFO,07/01/2020,10:07:30,26.45,26.4,500,26.7,750,0,59250
TCS30Jan202320CE.NFO,07/01/2020,10:07:36,26.45,26.6,250,26.95,500,0,59250
TCS30Jan202320CE.NFO,07/01/2020,10:07:42,26.45,26.6,500,26.95,500,0,59250
TCS30Jan202320CE.NFO,07/01/2020,10:07:48,26.45,26.6,750,26.95,500,0,59250
TCS30Jan202320CE.NFO,07/01/2020,10:07:54,26.45,26.5,250,26.85,500,0,59250
TCS30Jan202320CE.NFO,07/01/2020,10:08:00,26.45,26.4,500,26.8,500,0,59250
TCS30Jan202320CE.NFO,07/01/2020,10:08:05,26.45,26.4,500,26.75,500,0,59250
TCS30Jan202320CE.NFO,07/01/2020,10:08:14,26.45,26.4,500,26.8,500,0,59250
TCS30Jan202320CE.NFO,07/01/2020,10:08:20,26.45,26.5,750,27.5,250,0,59250
TCS30Jan202320CE.NFO,07/01/2020,10:08:26,26.45,26.8,250,27.35,250,0,59250
TCS30Jan202320CE.NFO,07/01/2020,10:08:32,26.45,26.75,250,27.8,250,0,59250
TCS30Jan202320CE.NFO,07/01/2020,10:08:39,26.45,26.65,250,27.15,1250,0,59250
TCS30Jan202320CE.NFO,07/01/2020,10:08:45,26.45,26.55,250,26.95,250,0,59250
TCS30Jan202320CE.NFO,07/01/2020,10:08:51,26.45,26.35,500,26.8,500,0,59250
TCS30Jan202320CE.NFO,07/01/2020,10:08:57,26.45,26.35,250,26.85,750,0,59250
TCS30Jan202320CE.NFO,07/01/2020,10:09:02,26.45,26.35,250,26.8,500,0,59250
TCS30Jan202320CE.NFO,07/01/2020,10:09:08,26.45,26.35,250,26.95,500,0,59250
TCS30Jan202320CE.NFO,07/01/2020,10:09:13,26.45,26.35,250,26.9,750,0,59250
TCS30Jan202320CE.NFO,07/01/2020,10:09:18,26.45,26.35,250,26.8,1000,0,59250
TCS30Jan202320CE.NFO,07/01/2020,10:09:24,26.45,26.35,250,26.75,500,0,59250
TCS30Jan202320CE.NFO,07/01/2020,10:09:29,26.45,26.35,250,26.7,250,0,59250
TCS30Jan202320CE.NFO,07/01/2020,10:09:34,26.45,26.35,500,26.85,500,0,59250
TCS30Jan202320CE.NFO,07/01/2020,10:09:39,26.45,26.35,750,26.95,500,0,59250
TCS30Jan202320CE.NFO,07/01/2020,10:09:49,26.45,26.35,500,26.7,500,0,59250
TCS30Jan202320CE.NFO,07/01/2020,10:09:54,26.45,26.35,250,26.65,500,0,59250
TCS30Jan202320CE.NFO,07/01/2020,10:10:00,26.45,26.35,250,26.6,250,0,59250
TCS30Jan202320CE.NFO,07/01/2020,10:10:07,26.45,26.35,250,26.7,750,0,59250
TCS30Jan202320CE.NFO,07/01/2020,10:10:14,26.45,26.35,250,26.65,500,0,59250
TCS30Jan202320CE.NFO,07/01/2020,10:10:20,26.45,26.35,250,26.6,500,0,59250
TCS30Jan202320CE.NFO,07/01/2020,10:10:39,26.45,26.35,500,26.85,250,0,59250
TCS30Jan202320CE.NFO,07/01/2020,10:10:44,26.45,26.35,250,26.75,750,0,59250
TCS30Jan202320CE.NFO,07/01/2020,10:10:49,26.45,26.35,250,26.55,250,0,59250
TCS30Jan202320CE.NFO,07/01/2020,10:10:54,26.45,26.2,250,26.5,500,0,59250
TCS30Jan202320CE.NFO,07/01/2020,10:11:08,26.45,26.2,250,26.5,750,0,59250
TCS30Jan202320CE.NFO,07/01/2020,10:11:13,26.45,26.2,500,26.6,250,0,59250
TCS30Jan202320CE.NFO,07/01/2020,10:11:19,26.45,26.2,250,26.5,750,0,59250
TCS30Jan202320CE.NFO,07/01/2020,10:11:40,26.45,26.15,250,26.4,750,0,59250
TCS30Jan202320CE.NFO,07/01/2020,10:11:46,26.1,25.55,750,26,250,500,58000
TCS30Jan202320CE.NFO,07/01/2020,10:11:52,26.1,25.65,1000,26.1,250,0,58000
TCS30Jan202320CE.NFO,07/01/2020,10:11:58,26,25.65,1000,26.05,750,250,58000
TCS30Jan202320CE.NFO,07/01/2020,10:12:04,26,25.65,1000,26,250,0,58000
TCS30Jan202320CE.NFO,07/01/2020,10:12:10,26,25.65,750,26.1,1000,250,58000
TCS30Jan202320CE.NFO,07/01/2020,10:12:16,26,25.55,500,25.95,1000,0,58000
TCS30Jan202320CE.NFO,07/01/2020,10:12:21,26,25.55,500,25.95,1250,0,58000
TCS30Jan202320CE.NFO,07/01/2020,10:12:31,26,25.6,250,25.95,250,0,58000
TCS30Jan202320CE.NFO,07/01/2020,10:12:37,26,25.45,500,25.95,750,0,58000
TCS30Jan202320CE.NFO,07/01/2020,10:12:42,26,25.4,750,25.95,1250,0,58000
TCS30Jan202320CE.NFO,07/01/2020,10:12:47,26,25.4,750,25.85,250,0,58000
TCS30Jan202320CE.NFO,07/01/2020,10:12:53,26,25.55,250,26.2,250,0,58000
TCS30Jan202320CE.NFO,07/01/2020,10:12:58,26,25.6,250,25.95,500,0,58000
TCS30Jan202320CE.NFO,07/01/2020,10:13:10,26,25.5,750,25.95,1250,0,58000
TCS30Jan202320CE.NFO,07/01/2020,10:13:16,26,25.4,250,25.8,500,0,58000
TCS30Jan202320CE.NFO,07/01/2020,10:13:35,26,25.4,250,25.8,1000,0,58000
TCS30Jan202320CE.NFO,07/01/2020,10:13:45,26,25.55,250,26.1,500,0,58000
TCS30Jan202320CE.NFO,07/01/2020,10:13:52,26,25.4,250,25.85,250,0,58000
TCS30Jan202320CE.NFO,07/01/2020,10:13:58,26,25.45,500,25.95,250,0,58000
TCS30Jan202320CE.NFO,07/01/2020,10:14:03,26,25.45,500,25.95,1000,0,58000
TCS30Jan202320CE.NFO,07/01/2020,10:14:25,26,25.45,250,25.95,1000,0,58000
TCS30Jan202320CE.NFO,07/01/2020,10:14:31,26,25.25,500,25.65,250,0,58000
TCS30Jan202320CE.NFO,07/01/2020,10:14:37,26,25.15,250,25.55,750,0,58000
TCS30Jan202320CE.NFO,07/01/2020,10:14:42,26,25.05,500,25.45,250,0,58000
TCS30Jan202320CE.NFO,07/01/2020,10:14:48,26,25.15,500,25.45,500,0,58000
TCS30Jan202320CE.NFO,07/01/2020,10:14:53,25.45,25.15,750,25.55,250,250,58250
TCS30Jan202320CE.NFO,07/01/2020,10:14:59,25.45,25.4,500,26.1,1000,0,58250
TCS30Jan202320CE.NFO,07/01/2020,10:15:05,25.45,25.3,750,25.9,1000,0,58250
TCS30Jan202320CE.NFO,07/01/2020,10:15:11,25.45,25.3,250,25.9,1000,0,58250
TCS30Jan202320CE.NFO,07/01/2020,10:15:16,25.45,25.25,250,25.8,250,0,58250
TCS30Jan202320CE.NFO,07/01/2020,10:15:21,25.45,25.25,250,25.7,250,0,58250
TCS30Jan202320CE.NFO,07/01/2020,10:15:26,25.45,25.25,500,25.7,500,0,58250
TCS30Jan202320CE.NFO,07/01/2020,10:15:31,25.45,25.3,750,25.7,500,0,58250
TCS30Jan202320CE.NFO,07/01/2020,10:15:37,25.45,25.3,500,25.65,750,0,58250
TCS30Jan202320CE.NFO,07/01/2020,10:15:42,25.45,25.2,1000,25.65,750,0,58250
TCS30Jan202320CE.NFO,07/01/2020,10:15:54,25.45,25.3,750,26.65,250,0,58250
TCS30Jan202320CE.NFO,07/01/2020,10:15:59,25.45,25.4,500,25.9,250,0,58250
TCS30Jan202320CE.NFO,07/01/2020,10:16:04,25.45,25.4,750,25.9,250,0,58250
TCS30Jan202320CE.NFO,07/01/2020,10:16:08,25.45,25.5,750,25.9,250,0,58250
TCS30Jan202320CE.NFO,07/01/2020,10:16:17,25.45,25.45,250,25.9,250,0,58250
TCS30Jan202320CE.NFO,07/01/2020,10:16:26,25.45,25.65,250,26,250,0,58250
TCS30Jan202320CE.NFO,07/01/2020,10:16:46,25.45,25.7,250,26.25,750,0,58250
TCS30Jan202320CE.NFO,07/01/2020,10:16:56,25.45,25.7,500,26.25,750,0,58250
TCS30Jan202320CE.NFO,07/01/2020,10:17:01,25.45,25.7,500,26.25,250,0,58250
TCS30Jan202320CE.NFO,07/01/2020,10:17:07,25.8,25.7,250,26.2,1000,250,58250
TCS30Jan202320CE.NFO,07/01/2020,10:17:13,25.8,25.6,500,26.1,750,0,58250
TCS30Jan202320CE.NFO,07/01/2020,10:17:23,25.8,25.45,250,25.9,250,0,58250
TCS30Jan202320CE.NFO,07/01/2020,10:17:28,25.8,25.4,250,25.85,750,0,58250
TCS30Jan202320CE.NFO,07/01/2020,10:17:33,25.8,25.4,250,25.85,500,0,58250
TCS30Jan202320CE.NFO,07/01/2020,10:17:51,25.8,25.5,500,25.95,250,0,58250
TCS30Jan202320CE.NFO,07/01/2020,10:17:55,25.8,25.5,500,25.95,500,0,58250
TCS30Jan202320CE.NFO,07/01/2020,10:18:07,25.8,25.4,250,25.85,250,0,58250
TCS30Jan202320CE.NFO,07/01/2020,10:18:15,25.8,25.4,250,25.85,1000,0,58250
TCS30Jan202320CE.NFO,07/01/2020,10:18:26,25.8,25.45,1000,25.8,750,0,58250
TCS30Jan202320CE.NFO,07/01/2020,10:18:29,25.95,25.65,250,26.65,250,1000,58000
TCS30Jan202320CE.NFO,07/01/2020,10:18:34,25.95,25.65,250,26.1,250,0,58000
TCS30Jan202320CE.NFO,07/01/2020,10:18:40,25.95,25.6,250,26.1,1000,0,58000
TCS30Jan202320CE.NFO,07/01/2020,10:18:45,25.95,25.55,500,26.05,1000,0,58000
TCS30Jan202320CE.NFO,07/01/2020,10:18:50,25.95,25.55,250,26,1250,0,58000
TCS30Jan202320CE.NFO,07/01/2020,10:19:04,25.95,25.55,500,26,750,0,58000
TCS30Jan202320CE.NFO,07/01/2020,10:19:43,25.95,25.55,250,26,750,0,58000
TCS30Jan202320CE.NFO,07/01/2020,10:19:48,25.95,25.55,500,26,750,0,58000
TCS30Jan202320CE.NFO,07/01/2020,10:19:54,25.95,25.8,500,26.4,1250,0,58000
TCS30Jan202320CE.NFO,07/01/2020,10:19:59,25.95,25.8,500,26.35,1000,0,58000
TCS30Jan202320CE.NFO,07/01/2020,10:20:04,25.95,25.8,500,26.3,1000,0,58000
TCS30Jan202320CE.NFO,07/01/2020,10:20:14,25.95,25.8,500,26.3,750,0,58000
TCS30Jan202320CE.NFO,07/01/2020,10:20:32,25.95,25.9,500,26.35,250,0,58000
TCS30Jan202320CE.NFO,07/01/2020,10:20:37,25.95,25.9,500,26.4,250,0,58000
TCS30Jan202320CE.NFO,07/01/2020,10:21:21,25.95,25.8,500,26.3,250,0,58000
TCS30Jan202320CE.NFO,07/01/2020,10:21:26,25.95,25.8,500,26.3,1000,0,58000
TCS30Jan202320CE.NFO,07/01/2020,10:21:32,26,25.75,250,26.1,500,250,58250
TCS30Jan202320CE.NFO,07/01/2020,10:21:36,26,25.7,500,26.1,500,0,58250
TCS30Jan202320CE.NFO,07/01/2020,10:22:07,26,25.8,500,26.3,750,250,58250
TCS30Jan202320CE.NFO,07/01/2020,10:22:13,26,25.8,250,26.2,750,0,58250
TCS30Jan202320CE.NFO,07/01/2020,10:22:18,26,25.8,500,26.25,750,0,58250
TCS30Jan202320CE.NFO,07/01/2020,10:22:22,26,25.8,250,26.2,750,0,58250
TCS30Jan202320CE.NFO,07/01/2020,10:22:30,26,25.8,250,26.2,500,0,58250
TCS30Jan202320CE.NFO,07/01/2020,10:22:39,26,25.8,250,26.2,750,0,58250
TCS30Jan202320CE.NFO,07/01/2020,10:23:03,25.8,25.7,750,26.15,500,1500,58250
TCS30Jan202320CE.NFO,07/01/2020,10:23:08,25.8,25.7,250,26,750,0,58250
TCS30Jan202320CE.NFO,07/01/2020,10:23:13,25.8,25.7,250,26,500,0,58250
TCS30Jan202320CE.NFO,07/01/2020,10:23:18,25.8,25.6,500,25.95,500,0,58250
TCS30Jan202320CE.NFO,07/01/2020,10:23:32,25.8,25.6,250,25.95,500,0,58250
TCS30Jan202320CE.NFO,07/01/2020,10:23:42,25.6,25.45,250,25.75,500,250,58750
TCS30Jan202320CE.NFO,07/01/2020,10:23:47,25.6,25.45,500,25.85,750,0,58750
TCS30Jan202320CE.NFO,07/01/2020,10:23:52,25.6,25.45,500,25.8,750,0,58750
TCS30Jan202320CE.NFO,07/01/2020,10:25:09,25.6,25.45,500,25.75,750,0,58750
TCS30Jan202320CE.NFO,07/01/2020,10:25:16,25.6,25.45,250,25.7,250,0,58750
TCS30Jan202320CE.NFO,07/01/2020,10:25:21,25.6,25.45,500,25.7,250,0,58750
TCS30Jan202320CE.NFO,07/01/2020,10:25:33,25.6,25.4,250,25.7,750,0,58750
TCS30Jan202320CE.NFO,07/01/2020,10:25:46,25.7,25.7,250,26.25,750,250,58750
TCS30Jan202320CE.NFO,07/01/2020,10:25:52,25.7,25.7,500,26.2,1000,0,58750
TCS30Jan202320CE.NFO,07/01/2020,10:25:57,25.7,25.65,500,26.15,750,0,58750
TCS30Jan202320CE.NFO,07/01/2020,10:26:02,25.7,25.5,250,25.9,1000,0,58750
TCS30Jan202320CE.NFO,07/01/2020,10:26:11,25.7,25.7,500,26.1,1000,0,58750
TCS30Jan202320CE.NFO,07/01/2020,10:26:16,25.7,25.7,250,26.1,750,0,58750
TCS30Jan202320CE.NFO,07/01/2020,10:26:20,26.1,26,250,26.4,500,250,58750
TCS30Jan202320CE.NFO,07/01/2020,10:26:24,26.1,25.95,250,26.4,1000,0,58750
TCS30Jan202320CE.NFO,07/01/2020,10:26:28,26.1,25.95,250,26.35,500,0,58750
TCS30Jan202320CE.NFO,07/01/2020,10:26:34,26.1,25.7,500,26.1,500,0,58750
TCS30Jan202320CE.NFO,07/01/2020,10:26:43,26.1,25.7,250,25.95,500,0,58750
TCS30Jan202320CE.NFO,07/01/2020,10:26:56,26.1,25.8,250,26,500,0,58750
TCS30Jan202320CE.NFO,07/01/2020,10:27:00,26.1,25.8,750,26.25,500,0,58750
TCS30Jan202320CE.NFO,07/01/2020,10:27:13,26.1,25.8,250,26,500,0,58750
TCS30Jan202320CE.NFO,07/01/2020,10:27:21,26.1,25.8,500,26.1,500,0,58750
TCS30Jan202320CE.NFO,07/01/2020,10:27:25,25.8,25.55,500,25.95,250,250,58500
TCS30Jan202320CE.NFO,07/01/2020,10:27:29,25.8,25.5,500,25.95,500,0,58500
TCS30Jan202320CE.NFO,07/01/2020,10:27:33,25.8,25.6,500,26.05,250,0,58500
TCS30Jan202320CE.NFO,07/01/2020,10:27:37,25.8,25.6,750,26.05,500,0,58500
TCS30Jan202320CE.NFO,07/01/2020,10:27:41,25.8,25.8,500,26.3,750,0,58500
TCS30Jan202320CE.NFO,07/01/2020,10:27:46,25.8,25.65,250,26.1,1000,0,58500
TCS30Jan202320CE.NFO,07/01/2020,10:27:50,25.8,25.65,250,26,500,0,58500
TCS30Jan202320CE.NFO,07/01/2020,10:27:54,25.8,25.65,250,26,1000,0,58500
TCS30Jan202320CE.NFO,07/01/2020,10:27:59,25.8,25.45,750,25.85,500,0,58500
TCS30Jan202320CE.NFO,07/01/2020,10:28:07,25.8,25.45,500,25.8,1000,0,58500
TCS30Jan202320CE.NFO,07/01/2020,10:28:11,25.8,25.45,250,25.8,1000,0,58500
TCS30Jan202320CE.NFO,07/01/2020,10:28:16,25.8,25.45,250,25.8,500,0,58500
TCS30Jan202320CE.NFO,07/01/2020,10:28:21,25.8,25.6,750,25.95,500,0,58500
TCS30Jan202320CE.NFO,07/01/2020,10:28:26,25.8,25.5,250,25.85,500,0,58500
TCS30Jan202320CE.NFO,07/01/2020,10:28:45,25.8,25.5,500,25.85,500,0,58500
TCS30Jan202320CE.NFO,07/01/2020,10:28:48,25.5,25.45,250,25.75,500,500,58500
TCS30Jan202320CE.NFO,07/01/2020,10:28:55,25.5,25.5,500,25.8,500,0,58500
TCS30Jan202320CE.NFO,07/01/2020,10:29:06,25.5,25.5,250,25.75,500,0,58500
TCS30Jan202320CE.NFO,07/01/2020,10:29:16,25.5,25.4,500,25.7,500,0,58500
TCS30Jan202320CE.NFO,07/01/2020,10:29:23,25.5,25.4,500,25.7,750,0,58500
TCS30Jan202320CE.NFO,07/01/2020,10:29:35,25.5,25.35,500,25.5,250,0,58500
TCS30Jan202320CE.NFO,07/01/2020,10:29:39,25.5,25.35,250,25.5,250,0,58500
TCS30Jan202320CE.NFO,07/01/2020,10:29:42,25.5,25.2,500,25.45,500,0,58500
TCS30Jan202320CE.NFO,07/01/2020,10:29:51,25.5,25.25,1000,25.5,750,0,58500
TCS30Jan202320CE.NFO,07/01/2020,10:30:00,25.5,25.25,500,25.45,500,0,58500
TCS30Jan202320CE.NFO,07/01/2020,10:30:04,25.5,25.3,750,25.5,750,0,58500
TCS30Jan202320CE.NFO,07/01/2020,10:30:11,25.3,25.3,250,25.55,500,250,59000
TCS30Jan202320CE.NFO,07/01/2020,10:30:18,25.3,25.3,250,25.55,500,0,59000
TCS30Jan202320CE.NFO,07/01/2020,10:30:28,25.3,25.3,250,25.5,500,0,59000
TCS30Jan202320CE.NFO,07/01/2020,10:30:40,25.3,25.3,250,25.45,500,0,59000
TCS30Jan202320CE.NFO,07/01/2020,10:30:47,25.3,25.25,250,25.45,500,0,59000
TCS30Jan202320CE.NFO,07/01/2020,10:30:50,25.3,25.25,250,25.4,500,0,59000
TCS30Jan202320CE.NFO,07/01/2020,10:30:58,25.3,25.15,250,25.4,500,0,59000
TCS30Jan202320CE.NFO,07/01/2020,10:31:03,25.3,25.15,250,25.35,500,0,59000
TCS30Jan202320CE.NFO,07/01/2020,10:31:06,25.3,25.1,500,25.35,500,0,59000
TCS30Jan202320CE.NFO,07/01/2020,10:31:09,25.3,25.1,500,25.4,500,0,59000
TCS30Jan202320CE.NFO,07/01/2020,10:31:12,25.4,25.15,750,25.4,250,250,59000
TCS30Jan202320CE.NFO,07/01/2020,10:31:15,25.4,25.2,500,25.45,500,0,59000
TCS30Jan202320CE.NFO,07/01/2020,10:31:27,25.4,25.1,1000,25.4,500,0,59000
TCS30Jan202320CE.NFO,07/01/2020,10:31:31,25.4,25.1,1000,25.35,500,0,59000
TCS30Jan202320CE.NFO,07/01/2020,10:31:38,25.4,25.1,750,25.35,500,0,59000
TCS30Jan202320CE.NFO,07/01/2020,10:31:47,25.4,25.1,500,25.35,500,0,59000
TCS30Jan202320CE.NFO,07/01/2020,10:31:51,25.4,25.05,750,25.35,500,0,59000
TCS30Jan202320CE.NFO,07/01/2020,10:31:54,25.4,25.1,250,25.35,500,0,59000
TCS30Jan202320CE.NFO,07/01/2020,10:31:59,25.35,25.2,500,25.65,750,250,59000
TCS30Jan202320CE.NFO,07/01/2020,10:32:04,25.35,24.9,1250,25.25,250,0,59000
TCS30Jan202320CE.NFO,07/01/2020,10:32:09,25.35,24.9,1500,25.3,1000,0,59000
TCS30Jan202320CE.NFO,07/01/2020,10:32:32,25.35,24.9,1250,25.3,1000,0,59000
TCS30Jan202320CE.NFO,07/01/2020,10:32:36,25.35,24.65,500,25.05,250,0,59000
TCS30Jan202320CE.NFO,07/01/2020,10:32:40,25.05,25.05,750,25.65,250,250,58500
TCS30Jan202320CE.NFO,07/01/2020,10:32:45,25.05,25.05,750,25.45,250,0,58500
TCS30Jan202320CE.NFO,07/01/2020,10:32:50,25.05,25.25,500,25.55,250,0,58500
TCS30Jan202320CE.NFO,07/01/2020,10:32:55,25.05,25.2,500,25.5,250,0,58500
TCS30Jan202320CE.NFO,07/01/2020,10:32:59,25.05,25.1,250,25.45,1000,0,58500
TCS30Jan202320CE.NFO,07/01/2020,10:33:17,25.05,25.15,1000,25.5,250,0,58500
TCS30Jan202320CE.NFO,07/01/2020,10:33:21,25.05,25.2,500,25.5,250,0,58500
TCS30Jan202320CE.NFO,07/01/2020,10:33:28,25.05,25.4,1000,25.8,250,0,58500
TCS30Jan202320CE.NFO,07/01/2020,10:33:39,25.05,25.3,750,25.7,750,0,58500
TCS30Jan202320CE.NFO,07/01/2020,10:33:54,25.05,25.4,750,25.75,250,0,58500
TCS30Jan202320CE.NFO,07/01/2020,10:33:57,25.05,25.4,1000,25.8,250,0,58500
TCS30Jan202320CE.NFO,07/01/2020,10:34:00,25.05,25.45,1000,25.8,250,0,58500
TCS30Jan202320CE.NFO,07/01/2020,10:34:06,25.05,25.6,500,25.9,250,0,58500
TCS30Jan202320CE.NFO,07/01/2020,10:34:09,25.05,25.6,1000,25.95,250,0,58500
TCS30Jan202320CE.NFO,07/01/2020,10:34:12,25.05,25.5,250,25.85,750,0,58500
TCS30Jan202320CE.NFO,07/01/2020,10:34:16,25.05,25.5,750,25.85,750,0,58500
TCS30Jan202320CE.NFO,07/01/2020,10:34:45,25.05,25.75,750,26.25,250,0,58500
TCS30Jan202320CE.NFO,07/01/2020,10:34:50,25.05,25.75,750,26.1,250,0,58500
TCS30Jan202320CE.NFO,07/01/2020,10:34:54,25.05,25.6,250,26,750,0,58500
TCS30Jan202320CE.NFO,07/01/2020,10:34:59,25.05,25.7,500,26.1,750,0,58500
TCS30Jan202320CE.NFO,07/01/2020,10:35:02,25.05,25.65,500,26,750,0,58500
TCS30Jan202320CE.NFO,07/01/2020,10:35:06,25.05,25.5,1000,25.9,750,0,58500
TCS30Jan202320CE.NFO,07/01/2020,10:35:16,25.05,25.55,1250,25.95,750,0,58500
TCS30Jan202320CE.NFO,07/01/2020,10:35:19,25.05,25.65,750,26,250,0,58500
TCS30Jan202320CE.NFO,07/01/2020,10:35:25,25.05,25.6,250,25.95,1000,0,58500
TCS30Jan202320CE.NFO,07/01/2020,10:35:33,25.05,25.6,500,25.9,500,0,58500
TCS30Jan202320CE.NFO,07/01/2020,10:35:40,25.05,25.8,750,26.15,250,0,58500
TCS30Jan202320CE.NFO,07/01/2020,10:35:42,25.05,25.75,750,26.15,750,0,58500
TCS30Jan202320CE.NFO,07/01/2020,10:35:48,25.05,25.8,500,26.15,750,0,58500
TCS30Jan202320CE.NFO,07/01/2020,10:35:50,25.05,25.85,750,26.35,500,0,58500
TCS30Jan202320CE.NFO,07/01/2020,10:35:53,25.05,25.95,250,26.45,250,0,58500
TCS30Jan202320CE.NFO,07/01/2020,10:35:57,25.05,26,500,26.55,500,0,58500
TCS30Jan202320CE.NFO,07/01/2020,10:36:00,25.05,25.95,500,26.5,500,0,58500
TCS30Jan202320CE.NFO,07/01/2020,10:36:04,25.05,26,250,26.5,500,0,58500
TCS30Jan202320CE.NFO,07/01/2020,10:36:07,25.05,26,500,26.5,1000,0,58500
TCS30Jan202320CE.NFO,07/01/2020,10:36:14,25.05,26,250,26.5,1000,0,58500
TCS30Jan202320CE.NFO,07/01/2020,10:36:18,25.05,26,500,26.5,1000,0,58500
TCS30Jan202320CE.NFO,07/01/2020,10:36:22,25.05,26,250,26.5,1000,0,58500
TCS30Jan202320CE.NFO,07/01/2020,10:36:45,25.05,26.05,750,26.5,500,0,58500
TCS30Jan202320CE.NFO,07/01/2020,10:36:52,25.05,26.25,750,26.65,250,0,58500
TCS30Jan202320CE.NFO,07/01/2020,10:36:55,25.05,26.25,750,26.7,1000,0,58500
TCS30Jan202320CE.NFO,07/01/2020,10:37:00,25.05,26.05,500,26.5,750,0,58500
TCS30Jan202320CE.NFO,07/01/2020,10:37:03,25.05,26.05,1000,26.5,1000,0,58500
TCS30Jan202320CE.NFO,07/01/2020,10:37:08,25.05,25.95,500,26.4,1000,0,58500
TCS30Jan202320CE.NFO,07/01/2020,10:37:15,25.05,25.85,250,26.25,500,0,58500
TCS30Jan202320CE.NFO,07/01/2020,10:37:29,25.05,25.7,500,26.1,750,0,58500
TCS30Jan202320CE.NFO,07/01/2020,10:37:35,25.05,25.7,500,26.05,500,0,58500
TCS30Jan202320CE.NFO,07/01/2020,10:37:40,26.1,25.6,250,25.9,500,250,58500
TCS30Jan202320CE.NFO,07/01/2020,10:37:44,26.1,25.65,750,26.05,250,0,58500
TCS30Jan202320CE.NFO,07/01/2020,10:37:48,26.1,25.55,250,25.9,1000,0,58500
TCS30Jan202320CE.NFO,07/01/2020,10:37:51,26.1,25.5,500,25.85,500,0,58500
TCS30Jan202320CE.NFO,07/01/2020,10:37:55,26.1,25.55,1000,26.05,750,0,58500
TCS30Jan202320CE.NFO,07/01/2020,10:37:58,26.1,25.55,1000,26,500,0,58500
TCS30Jan202320CE.NFO,07/01/2020,10:38:02,26.1,25.6,500,26,1250,0,58500
TCS30Jan202320CE.NFO,07/01/2020,10:38:05,26.1,25.6,1000,26,1250,0,58500
TCS30Jan202320CE.NFO,07/01/2020,10:38:08,26.1,25.75,250,25.95,500,0,58500
TCS30Jan202320CE.NFO,07/01/2020,10:38:11,26.1,25.75,750,26.15,250,0,58500
TCS30Jan202320CE.NFO,07/01/2020,10:38:17,25.8,25.8,250,26.15,1000,1000,58500
TCS30Jan202320CE.NFO,07/01/2020,10:38:20,25.8,25.65,500,26.05,500,0,58500
TCS30Jan202320CE.NFO,07/01/2020,10:38:28,25.8,25.65,750,26.05,750,0,58500
TCS30Jan202320CE.NFO,07/01/2020,10:38:31,25.8,25.65,500,26,500,0,58500
TCS30Jan202320CE.NFO,07/01/2020,10:38:34,25.8,25.65,500,25.95,500,0,58500
TCS30Jan202320CE.NFO,07/01/2020,10:38:37,25.8,25.65,500,25.9,500,0,58500
TCS30Jan202320CE.NFO,07/01/2020,10:38:48,25.8,25.7,500,26.2,750,0,58500
TCS30Jan202320CE.NFO,07/01/2020,10:38:51,25.8,25.75,1000,26.1,500,0,58500
TCS30Jan202320CE.NFO,07/01/2020,10:38:54,25.8,25.8,750,26.25,500,0,58500
TCS30Jan202320CE.NFO,07/01/2020,10:38:58,25.8,25.9,500,26.25,500,0,58500
TCS30Jan202320CE.NFO,07/01/2020,10:39:01,25.8,25.9,250,26.3,750,0,58500
TCS30Jan202320CE.NFO,07/01/2020,10:39:06,25.8,26.1,500,26.55,500,0,58500
TCS30Jan202320CE.NFO,07/01/2020,10:39:11,25.8,26.1,250,26.45,500,0,58500
TCS30Jan202320CE.NFO,07/01/2020,10:39:15,25.8,25.95,250,26.4,500,0,58500
TCS30Jan202320CE.NFO,07/01/2020,10:39:19,25.8,25.95,250,26.3,500,0,58500
TCS30Jan202320CE.NFO,07/01/2020,10:39:23,25.8,26.05,250,26.45,500,0,58500
TCS30Jan202320CE.NFO,07/01/2020,10:39:31,25.8,26.1,500,26.5,500,0,58500
TCS30Jan202320CE.NFO,07/01/2020,10:39:40,25.8,26.1,250,26.45,500,0,58500
TCS30Jan202320CE.NFO,07/01/2020,10:39:44,25.8,26,500,26.4,500,0,58500
TCS30Jan202320CE.NFO,07/01/2020,10:39:57,25.8,26.2,250,26.7,250,0,58500
TCS30Jan202320CE.NFO,07/01/2020,10:40:01,25.8,26.6,250,27,750,0,58500
TCS30Jan202320CE.NFO,07/01/2020,10:40:05,26.6,26.5,250,26.95,500,250,60000
TCS30Jan202320CE.NFO,07/01/2020,10:40:11,26.95,26.75,250,27.25,250,250,60000
TCS30Jan202320CE.NFO,07/01/2020,10:40:20,26.95,26.45,250,27,750,0,60000
TCS30Jan202320CE.NFO,07/01/2020,10:40:24,26.95,26.45,250,26.95,500,0,60000
TCS30Jan202320CE.NFO,07/01/2020,10:40:39,26.95,26.2,250,26.75,500,0,60000
TCS30Jan202320CE.NFO,07/01/2020,10:40:43,26.95,26.2,250,26.7,500,0,60000
TCS30Jan202320CE.NFO,07/01/2020,10:40:47,26.95,26.2,250,26.65,500,0,60000
TCS30Jan202320CE.NFO,07/01/2020,10:41:06,26.95,26.2,250,26.6,750,0,60000
TCS30Jan202320CE.NFO,07/01/2020,10:41:15,26.95,26.2,250,26.7,250,0,60000
TCS30Jan202320CE.NFO,07/01/2020,10:41:18,26.95,26.3,250,26.7,750,0,60000
TCS30Jan202320CE.NFO,07/01/2020,10:41:38,26.95,26.3,250,26.65,500,0,60000
TCS30Jan202320CE.NFO,07/01/2020,10:41:45,26.95,26.3,250,26.65,750,0,60000
TCS30Jan202320CE.NFO,07/01/2020,10:41:49,26.95,26.3,250,26.6,500,0,60000
TCS30Jan202320CE.NFO,07/01/2020,10:41:56,26.95,26.2,250,26.65,250,0,60000
TCS30Jan202320CE.NFO,07/01/2020,10:42:00,26.95,26.2,250,26.6,500,0,60000
TCS30Jan202320CE.NFO,07/01/2020,10:42:14,26.95,26,250,26.55,500,0,60000
TCS30Jan202320CE.NFO,07/01/2020,10:42:19,26.95,26,500,26.5,500,0,60000
TCS30Jan202320CE.NFO,07/01/2020,10:42:25,26.95,26.1,250,26.5,750,0,60000
TCS30Jan202320CE.NFO,07/01/2020,10:42:28,26.95,26.1,250,26.4,750,0,60000
TCS30Jan202320CE.NFO,07/01/2020,10:42:32,26.95,26.05,750,26.35,500,0,60000
TCS30Jan202320CE.NFO,07/01/2020,10:42:57,26.95,26.05,750,26.5,750,0,60000
TCS30Jan202320CE.NFO,07/01/2020,10:43:00,26.95,26.05,750,26.4,750,0,60000
TCS30Jan202320CE.NFO,07/01/2020,10:43:05,26.95,26.05,750,26.35,500,0,60000
TCS30Jan202320CE.NFO,07/01/2020,10:43:29,26.95,26.15,250,26.55,750,0,60000
TCS30Jan202320CE.NFO,07/01/2020,10:43:33,26.95,26.15,250,26.5,750,0,60000
TCS30Jan202320CE.NFO,07/01/2020,10:43:36,26.95,26.15,250,26.45,500,0,60000
TCS30Jan202320CE.NFO,07/01/2020,10:43:47,26.95,26.05,750,26.35,500,0,60000
TCS30Jan202320CE.NFO,07/01/2020,10:43:54,26.95,26.05,750,26.35,750,0,60000
TCS30Jan202320CE.NFO,07/01/2020,10:43:58,26.95,26.05,750,26.55,500,0,60000
TCS30Jan202320CE.NFO,07/01/2020,10:44:00,26.95,26.05,750,26.5,500,0,60000
TCS30Jan202320CE.NFO,07/01/2020,10:44:15,26.95,26.05,750,26.45,750,0,60000
TCS30Jan202320CE.NFO,07/01/2020,10:44:21,26.95,26.05,750,26.35,500,0,60000
TCS30Jan202320CE.NFO,07/01/2020,10:44:29,26.95,26.05,500,26.35,500,0,60000
TCS30Jan202320CE.NFO,07/01/2020,10:44:35,26.95,25.9,250,26.2,500,0,60000
TCS30Jan202320CE.NFO,07/01/2020,10:44:44,26.95,25.9,500,26.4,250,0,60000
TCS30Jan202320CE.NFO,07/01/2020,10:44:47,26.95,25.9,500,26.35,500,0,60000
TCS30Jan202320CE.NFO,07/01/2020,10:44:53,26.95,26.15,500,27.05,250,0,60000
TCS30Jan202320CE.NFO,07/01/2020,10:44:57,26.95,26.15,250,26.55,750,0,60000
TCS30Jan202320CE.NFO,07/01/2020,10:45:02,26.95,26.15,250,26.5,750,0,60000
TCS30Jan202320CE.NFO,07/01/2020,10:45:11,26.95,26.25,750,26.85,750,0,60000
TCS30Jan202320CE.NFO,07/01/2020,10:45:17,26.95,26.35,500,26.85,750,0,60000
TCS30Jan202320CE.NFO,07/01/2020,10:45:26,26.95,26.35,750,26.95,250,0,60000
TCS30Jan202320CE.NFO,07/01/2020,10:45:30,26.95,26.35,750,26.95,750,0,60000
TCS30Jan202320CE.NFO,07/01/2020,10:45:33,26.95,26.5,250,26.95,750,0,60000
TCS30Jan202320CE.NFO,07/01/2020,10:45:35,26.95,26.6,500,27.1,250,0,60000
TCS30Jan202320CE.NFO,07/01/2020,10:45:39,26.95,26.6,500,27.1,1000,0,60000
TCS30Jan202320CE.NFO,07/01/2020,10:45:41,26.95,26.6,750,27.05,750,0,60000
TCS30Jan202320CE.NFO,07/01/2020,10:45:44,26.95,26.35,500,26.85,750,0,60000
TCS30Jan202320CE.NFO,07/01/2020,10:45:47,26.95,26.5,500,26.95,250,0,60000
TCS30Jan202320CE.NFO,07/01/2020,10:45:50,26.95,26.55,750,26.95,250,0,60000
TCS30Jan202320CE.NFO,07/01/2020,10:45:54,26.95,26.6,250,27,250,0,60000
TCS30Jan202320CE.NFO,07/01/2020,10:45:58,26.95,26.6,250,27,750,0,60000
TCS30Jan202320CE.NFO,07/01/2020,10:46:02,26.95,26.55,500,27,750,0,60000
TCS30Jan202320CE.NFO,07/01/2020,10:46:06,26.95,26.55,500,26.9,250,0,60000
TCS30Jan202320CE.NFO,07/01/2020,10:46:16,26.9,26.55,500,26.95,750,250,59500
TCS30Jan202320CE.NFO,07/01/2020,10:46:19,26.9,26.55,500,26.9,750,0,59500
TCS30Jan202320CE.NFO,07/01/2020,10:46:26,26.45,26.45,250,26.8,250,250,59500
TCS30Jan202320CE.NFO,07/01/2020,10:46:30,26.45,26.45,250,26.75,250,0,59500
TCS30Jan202320CE.NFO,07/01/2020,10:46:33,26.45,26.3,500,26.65,500,0,59500
TCS30Jan202320CE.NFO,07/01/2020,10:46:40,26.45,26.35,750,26.7,500,0,59500
TCS30Jan202320CE.NFO,07/01/2020,10:46:43,26.45,26.35,750,26.75,500,0,59500
TCS30Jan202320CE.NFO,07/01/2020,10:46:46,26.45,26.35,750,26.7,500,0,59500
TCS30Jan202320CE.NFO,07/01/2020,10:46:51,26.45,26.4,750,26.7,500,0,59500
TCS30Jan202320CE.NFO,07/01/2020,10:46:57,26.45,26.45,1000,27.5,250,0,59500
TCS30Jan202320CE.NFO,07/01/2020,10:47:01,26.45,26.5,750,26.95,750,0,59500
TCS30Jan202320CE.NFO,07/01/2020,10:47:07,26.45,26.5,750,26.85,500,0,59500
TCS30Jan202320CE.NFO,07/01/2020,10:47:10,26.45,26.55,750,27,750,0,59500
TCS30Jan202320CE.NFO,07/01/2020,10:47:12,26.45,26.55,500,27,750,0,59500
TCS30Jan202320CE.NFO,07/01/2020,10:47:17,26.45,26.55,500,27.05,500,0,59500
TCS30Jan202320CE.NFO,07/01/2020,10:47:26,26.45,26.55,250,27.05,500,0,59500
TCS30Jan202320CE.NFO,07/01/2020,10:47:30,26.45,26.55,250,27,500,0,59500
TCS30Jan202320CE.NFO,07/01/2020,10:47:38,26.45,26.65,250,27,750,0,59500
TCS30Jan202320CE.NFO,07/01/2020,10:47:41,26.45,26.6,250,26.95,750,0,59500
TCS30Jan202320CE.NFO,07/01/2020,10:47:45,26.45,26.6,500,27,750,0,59500
TCS30Jan202320CE.NFO,07/01/2020,10:47:49,26.45,26.6,500,26.95,500,0,59500
TCS30Jan202320CE.NFO,07/01/2020,10:48:13,26.45,26.6,250,26.95,250,0,59500
TCS30Jan202320CE.NFO,07/01/2020,10:48:17,26.45,26.6,250,26.95,750,0,59500
TCS30Jan202320CE.NFO,07/01/2020,10:48:20,26.45,26.6,250,26.85,500,0,59500
TCS30Jan202320CE.NFO,07/01/2020,10:48:24,26.45,26.6,250,26.9,750,0,59500
TCS30Jan202320CE.NFO,07/01/2020,10:48:33,26.45,26.55,250,26.9,750,0,59500
TCS30Jan202320CE.NFO,07/01/2020,10:48:39,26.45,26.55,250,26.85,500,0,59500
TCS30Jan202320CE.NFO,07/01/2020,10:48:44,26.45,26.6,500,27.05,250,0,59500
TCS30Jan202320CE.NFO,07/01/2020,10:48:48,26.45,26.6,500,27.1,1000,0,59500
TCS30Jan202320CE.NFO,07/01/2020,10:48:51,26.45,26.65,500,27.05,250,0,59500
TCS30Jan202320CE.NFO,07/01/2020,10:48:55,26.45,26.65,250,27.05,1000,0,59500
TCS30Jan202320CE.NFO,07/01/2020,10:49:03,26.45,26.65,250,27,750,0,59500
TCS30Jan202320CE.NFO,07/01/2020,10:49:06,26.45,26.6,250,27,750,0,59500
TCS30Jan202320CE.NFO,07/01/2020,10:49:09,26.45,26.6,250,26.95,750,0,59500
TCS30Jan202320CE.NFO,07/01/2020,10:49:30,26.45,26.55,250,26.9,750,0,59500
TCS30Jan202320CE.NFO,07/01/2020,10:49:38,26.45,26.6,250,26.9,750,0,59500
TCS30Jan202320CE.NFO,07/01/2020,10:49:44,26.45,26.65,250,27.1,1000,0,59500
TCS30Jan202320CE.NFO,07/01/2020,10:49:51,26.45,26.7,250,27.1,1000,0,59500
TCS30Jan202320CE.NFO,07/01/2020,10:49:55,26.45,26.7,250,27,750,0,59500
TCS30Jan202320CE.NFO,07/01/2020,10:50:01,26.7,26.45,250,26.85,500,250,59500
TCS30Jan202320CE.NFO,07/01/2020,10:50:07,26.7,26.55,250,26.95,500,0,59500
TCS30Jan202320CE.NFO,07/01/2020,10:50:12,26.7,26.75,500,27.25,500,0,59500
TCS30Jan202320CE.NFO,07/01/2020,10:50:18,26.7,26.8,1000,27.25,1000,0,59500
TCS30Jan202320CE.NFO,07/01/2020,10:50:23,26.7,26.8,1000,27.25,500,0,59500
TCS30Jan202320CE.NFO,07/01/2020,10:50:28,27.3,27.1,500,27.55,500,250,59500
TCS30Jan202320CE.NFO,07/01/2020,10:50:33,27.3,27.15,500,27.55,250,0,59500
TCS30Jan202320CE.NFO,07/01/2020,10:50:39,27.3,27.1,250,27.5,750,0,59500
TCS30Jan202320CE.NFO,07/01/2020,10:50:53,27.3,27.1,500,27.6,750,0,59500
TCS30Jan202320CE.NFO,07/01/2020,10:50:57,27.3,27.25,250,27.6,750,0,59500
TCS30Jan202320CE.NFO,07/01/2020,10:51:01,27.3,27.25,500,27.7,250,0,59500
TCS30Jan202320CE.NFO,07/01/2020,10:51:05,27.3,27.45,250,27.95,250,0,59500
TCS30Jan202320CE.NFO,07/01/2020,10:51:09,27.3,27.35,500,27.8,500,0,59500
TCS30Jan202320CE.NFO,07/01/2020,10:51:13,27.3,27.35,250,27.75,750,0,59500
TCS30Jan202320CE.NFO,07/01/2020,10:51:21,27.3,27.4,500,27.7,750,0,59500
TCS30Jan202320CE.NFO,07/01/2020,10:51:29,27.7,27.3,1000,27.7,750,250,59500
TCS30Jan202320CE.NFO,07/01/2020,10:51:29,27.7,27.3,1000,27.7,750,0,59500
TCS30Jan202320CE.NFO,07/01/2020,10:51:33,27.7,27.35,750,27.8,500,0,59500
TCS30Jan202320CE.NFO,07/01/2020,10:51:37,27.7,27.35,750,27.8,750,0,59500
TCS30Jan202320CE.NFO,07/01/2020,10:51:40,27.7,27.35,750,27.75,500,0,59500
TCS30Jan202320CE.NFO,07/01/2020,10:51:45,27.7,27.3,1000,27.75,250,0,59500
TCS30Jan202320CE.NFO,07/01/2020,10:51:49,27.7,27.3,1000,27.75,500,0,59500
TCS30Jan202320CE.NFO,07/01/2020,10:52:10,27.7,27.3,750,27.7,750,0,59500
TCS30Jan202320CE.NFO,07/01/2020,10:52:15,27.7,27.4,250,27.8,500,0,59500
TCS30Jan202320CE.NFO,07/01/2020,10:52:20,27.7,27.4,250,27.75,1000,0,59500
TCS30Jan202320CE.NFO,07/01/2020,10:52:25,27.75,27.25,250,27.7,500,500,59500
TCS30Jan202320CE.NFO,07/01/2020,10:52:25,27.75,27.25,250,27.7,500,0,59500
TCS30Jan202320CE.NFO,07/01/2020,10:52:29,27.75,27.3,250,27.65,750,0,59500
TCS30Jan202320CE.NFO,07/01/2020,10:52:37,27.75,27.3,250,27.65,500,0,59500
TCS30Jan202320CE.NFO,07/01/2020,10:52:45,27.75,27.35,500,27.65,500,0,59500
TCS30Jan202320CE.NFO,07/01/2020,10:52:49,27.75,27.35,500,27.7,500,0,59500
TCS30Jan202320CE.NFO,07/01/2020,10:52:53,27.5,27.3,250,27.6,500,250,59500
TCS30Jan202320CE.NFO,07/01/2020,10:52:59,27.5,27.2,500,27.6,500,0,59500
TCS30Jan202320CE.NFO,07/01/2020,10:53:11,27.55,27.15,500,27.6,750,250,59500
TCS30Jan202320CE.NFO,07/01/2020,10:53:18,27.55,27.25,250,27.6,500,0,59500
TCS30Jan202320CE.NFO,07/01/2020,10:53:41,27.55,27.45,250,27.85,500,0,59500
TCS30Jan202320CE.NFO,07/01/2020,10:53:53,27.55,27.4,250,27.8,500,0,59500
TCS30Jan202320CE.NFO,07/01/2020,10:54:00,27.55,27.35,750,27.7,500,0,59500
TCS30Jan202320CE.NFO,07/01/2020,10:54:06,27.55,27.35,250,27.85,500,0,59500
TCS30Jan202320CE.NFO,07/01/2020,10:54:11,27.55,27.35,250,27.75,500,0,59500
TCS30Jan202320CE.NFO,07/01/2020,10:54:28,27.55,27.35,250,27.65,500,0,59500
TCS30Jan202320CE.NFO,07/01/2020,10:54:33,27.55,27.35,500,27.7,1000,0,59500
TCS30Jan202320CE.NFO,07/01/2020,10:54:42,27.55,27.35,750,27.7,500,0,59500
TCS30Jan202320CE.NFO,07/01/2020,10:54:52,27.55,27.35,750,27.8,500,0,59500
TCS30Jan202320CE.NFO,07/01/2020,10:54:56,27.55,27.55,500,27.8,500,0,59500
TCS30Jan202320CE.NFO,07/01/2020,10:55:00,27.55,27.55,250,27.8,500,0,59500
TCS30Jan202320CE.NFO,07/01/2020,10:55:23,27.55,27.55,250,27.7,500,0,59500
TCS30Jan202320CE.NFO,07/01/2020,10:55:27,27.55,27.35,250,27.75,500,250,59750
TCS30Jan202320CE.NFO,07/01/2020,10:55:33,27.55,27.35,500,27.65,500,0,59750
TCS30Jan202320CE.NFO,07/01/2020,10:55:39,27.7,27.55,750,27.9,500,500,59750
TCS30Jan202320CE.NFO,07/01/2020,10:55:43,27.7,27.55,750,27.9,500,0,59750
TCS30Jan202320CE.NFO,07/01/2020,10:55:48,27.7,27.55,750,27.95,500,0,59750
TCS30Jan202320CE.NFO,07/01/2020,10:56:22,27.7,27.55,750,27.9,1000,0,59750
TCS30Jan202320CE.NFO,07/01/2020,10:56:27,27.7,27.55,750,27.85,500,0,59750
TCS30Jan202320CE.NFO,07/01/2020,10:56:31,27.7,27.55,750,27.9,1000,0,59750
TCS30Jan202320CE.NFO,07/01/2020,10:56:46,27.7,27.35,250,27.7,500,0,59750
TCS30Jan202320CE.NFO,07/01/2020,10:56:50,27.55,27.5,500,27.8,750,250,60000
TCS30Jan202320CE.NFO,07/01/2020,10:56:55,27.55,27.45,250,27.75,500,0,60000
TCS30Jan202320CE.NFO,07/01/2020,10:56:59,27.55,27.45,500,27.8,750,0,60000
TCS30Jan202320CE.NFO,07/01/2020,10:57:03,27.55,27.45,500,27.75,500,0,60000
TCS30Jan202320CE.NFO,07/01/2020,10:57:07,27.75,27.55,250,27.85,500,250,60000
TCS30Jan202320CE.NFO,07/01/2020,10:57:14,27.75,27.5,250,27.8,750,0,60000
TCS30Jan202320CE.NFO,07/01/2020,10:57:21,27.75,27.5,750,27.8,750,0,60000
TCS30Jan202320CE.NFO,07/01/2020,10:57:27,27.75,27.5,750,27.85,750,500,60000
TCS30Jan202320CE.NFO,07/01/2020,10:57:34,27.8,27.7,1000,28,1250,500,60000
TCS30Jan202320CE.NFO,07/01/2020,10:57:34,27.8,27.7,1000,28,1250,0,60000
TCS30Jan202320CE.NFO,07/01/2020,10:57:40,27.8,27.7,1000,28,1250,0,60000
TCS30Jan202320CE.NFO,07/01/2020,10:57:46,27.8,27.7,1000,27.95,500,0,60000
TCS30Jan202320CE.NFO,07/01/2020,10:57:51,27.95,27.85,250,28,500,500,60000
TCS30Jan202320CE.NFO,07/01/2020,10:57:51,27.95,27.85,250,28,500,0,60000
TCS30Jan202320CE.NFO,07/01/2020,10:57:56,27.95,27.85,500,28,500,0,60000
TCS30Jan202320CE.NFO,07/01/2020,10:58:00,28,27.85,250,28.25,500,500,60000
TCS30Jan202320CE.NFO,07/01/2020,10:58:00,28,27.85,250,28.25,500,0,60000
TCS30Jan202320CE.NFO,07/01/2020,10:58:05,28,27.9,750,28.3,500,250,60000
TCS30Jan202320CE.NFO,07/01/2020,10:58:10,28,27.75,1000,28.15,750,0,60000
TCS30Jan202320CE.NFO,07/01/2020,10:58:15,28,27.75,1000,28.15,500,0,60000
TCS30Jan202320CE.NFO,07/01/2020,10:58:21,28,27.85,750,28.25,750,0,60000
TCS30Jan202320CE.NFO,07/01/2020,10:58:26,28,27.8,750,28.15,500,0,60000
TCS30Jan202320CE.NFO,07/01/2020,10:58:32,28,27.85,750,28.25,500,0,60000
TCS30Jan202320CE.NFO,07/01/2020,10:58:37,28,27.75,750,28.15,500,0,60000
TCS30Jan202320CE.NFO,07/01/2020,10:58:48,28,28.15,500,28.4,1000,0,60000
TCS30Jan202320CE.NFO,07/01/2020,10:58:54,28,28.1,250,28.35,500,0,60000
TCS30Jan202320CE.NFO,07/01/2020,10:59:00,28,28.1,1000,28.55,250,0,60000
TCS30Jan202320CE.NFO,07/01/2020,10:59:05,28.4,28.45,500,28.9,1000,500,60000
TCS30Jan202320CE.NFO,07/01/2020,10:59:05,28.4,28.45,500,28.9,1000,0,60000
TCS30Jan202320CE.NFO,07/01/2020,10:59:11,28.4,28.3,750,28.7,500,0,60000
TCS30Jan202320CE.NFO,07/01/2020,10:59:16,28.4,28.35,1250,28.8,750,0,60000
TCS30Jan202320CE.NFO,07/01/2020,10:59:20,28.4,28.3,500,28.75,500,0,60000
TCS30Jan202320CE.NFO,07/01/2020,10:59:26,28.4,28.45,500,28.85,500,0,60000
TCS30Jan202320CE.NFO,07/01/2020,10:59:31,28.4,28.45,250,28.8,500,0,60000
TCS30Jan202320CE.NFO,07/01/2020,10:59:37,28.4,28.5,750,29.65,250,250,61250
TCS30Jan202320CE.NFO,07/01/2020,10:59:42,28.4,28.5,250,28.95,1000,0,61250
TCS30Jan202320CE.NFO,07/01/2020,10:59:48,28.4,28.4,500,28.9,500,0,61250
TCS30Jan202320CE.NFO,07/01/2020,10:59:53,28.4,28.5,1000,29,500,0,61250
TCS30Jan202320CE.NFO,07/01/2020,10:59:58,28.4,28.45,250,28.9,750,0,61250
TCS30Jan202320CE.NFO,07/01/2020,11:00:04,28.4,28.4,500,28.8,500,0,61250
TCS30Jan202320CE.NFO,07/01/2020,11:00:10,28.4,28.3,750,28.85,500,0,61250
TCS30Jan202320CE.NFO,07/01/2020,11:00:17,28.4,28.3,500,28.75,500,0,61250
TCS30Jan202320CE.NFO,07/01/2020,11:00:24,28.4,28.2,500,28.6,500,0,61250
TCS30Jan202320CE.NFO,07/01/2020,11:00:30,28.4,28.1,500,28.5,500,0,61250
TCS30Jan202320CE.NFO,07/01/2020,11:00:38,28.4,28.1,250,28.4,750,0,61250
TCS30Jan202320CE.NFO,07/01/2020,11:00:45,28.2,27.95,250,28.25,500,250,61250
TCS30Jan202320CE.NFO,07/01/2020,11:00:51,28.2,27.9,250,28.25,500,250,61250
TCS30Jan202320CE.NFO,07/01/2020,11:00:58,28.2,28.1,500,28.4,750,0,61250
TCS30Jan202320CE.NFO,07/01/2020,11:01:06,28.4,28,1000,28.4,750,500,61250
TCS30Jan202320CE.NFO,07/01/2020,11:01:14,28.4,28,750,28.4,750,0,61250
TCS30Jan202320CE.NFO,07/01/2020,11:01:21,28.4,27.95,750,28.3,750,0,61250
TCS30Jan202320CE.NFO,07/01/2020,11:01:28,28.4,28.05,500,28.45,250,0,61250
TCS30Jan202320CE.NFO,07/01/2020,11:01:43,28.4,27.8,500,28.35,250,0,61250
TCS30Jan202320CE.NFO,07/01/2020,11:01:52,28.4,27.85,1000,28.35,500,0,61250
TCS30Jan202320CE.NFO,07/01/2020,11:01:59,28.4,27.6,1000,28.15,750,0,61250
TCS30Jan202320CE.NFO,07/01/2020,11:02:06,28.4,27.7,500,28.15,750,0,61250
TCS30Jan202320CE.NFO,07/01/2020,11:02:13,28.4,27.85,750,28.35,250,0,61250
TCS30Jan202320CE.NFO,07/01/2020,11:02:20,28.3,28,250,28.85,250,250,61250
TCS30Jan202320CE.NFO,07/01/2020,11:02:26,28.3,28.05,250,28.5,1000,0,61250
TCS30Jan202320CE.NFO,07/01/2020,11:02:34,28.3,27.9,500,28.35,1000,0,61250
TCS30Jan202320CE.NFO,07/01/2020,11:02:40,28.3,27.9,250,28.35,750,0,61250
TCS30Jan202320CE.NFO,07/01/2020,11:02:46,28.3,27.75,500,28.2,750,0,61250
TCS30Jan202320CE.NFO,07/01/2020,11:02:53,28.3,27.6,750,27.9,250,0,61250
TCS30Jan202320CE.NFO,07/01/2020,11:02:59,28.3,27.5,250,27.9,1000,0,61250
TCS30Jan202320CE.NFO,07/01/2020,11:03:06,28.3,27.45,250,27.8,750,0,61250
TCS30Jan202320CE.NFO,07/01/2020,11:03:13,27.8,27.65,500,28,750,250,61750
TCS30Jan202320CE.NFO,07/01/2020,11:03:19,27.8,27.75,500,28.2,1000,0,61750
TCS30Jan202320CE.NFO,07/01/2020,11:03:25,27.8,27.75,500,28.15,750,0,61750
TCS30Jan202320CE.NFO,07/01/2020,11:03:31,27.8,27.75,750,28.2,750,0,61750
TCS30Jan202320CE.NFO,07/01/2020,11:03:37,27.8,27.75,500,28.15,750,0,61750
TCS30Jan202320CE.NFO,07/01/2020,11:03:44,27.8,27.6,750,28,750,0,61750
TCS30Jan202320CE.NFO,07/01/2020,11:03:52,27.75,27.7,500,28.15,1000,250,61750
TCS30Jan202320CE.NFO,07/01/2020,11:03:58,27.75,27.85,500,28.3,250,0,61750
TCS30Jan202320CE.NFO,07/01/2020,11:04:05,27.75,27.75,750,28.2,750,0,61750
TCS30Jan202320CE.NFO,07/01/2020,11:04:12,27.75,27.8,1000,28.25,750,0,61750
TCS30Jan202320CE.NFO,07/01/2020,11:04:18,27.75,27.85,750,28.3,1000,0,61750
TCS30Jan202320CE.NFO,07/01/2020,11:04:24,27.75,27.95,1000,28.4,750,0,61750
TCS30Jan202320CE.NFO,07/01/2020,11:04:30,27.75,28.05,1000,28.55,750,0,61750
TCS30Jan202320CE.NFO,07/01/2020,11:04:37,27.75,28.05,750,28.45,500,0,61750
TCS30Jan202320CE.NFO,07/01/2020,11:04:44,27.75,28.05,250,28.4,750,0,61750
TCS30Jan202320CE.NFO,07/01/2020,11:04:52,27.75,27.85,500,28.25,500,0,61750
TCS30Jan202320CE.NFO,07/01/2020,11:04:59,27.75,27.9,1000,28.35,750,0,61750
TCS30Jan202320CE.NFO,07/01/2020,11:05:12,27.7,27.65,250,27.7,250,3500,61750
TCS30Jan202320CE.NFO,07/01/2020,11:05:19,27.7,27.35,250,27.7,500,1000,61750
TCS30Jan202320CE.NFO,07/01/2020,11:05:26,27.7,27.25,750,27.7,250,0,61750
TCS30Jan202320CE.NFO,07/01/2020,11:05:32,27.3,27.1,1000,27.65,1000,500,61750
TCS30Jan202320CE.NFO,07/01/2020,11:05:38,27.3,27.2,500,27.65,1000,0,61750
TCS30Jan202320CE.NFO,07/01/2020,11:05:44,27.2,27.05,250,27.55,1000,500,62000
TCS30Jan202320CE.NFO,07/01/2020,11:05:51,27.2,26.8,250,27.5,500,0,62000
TCS30Jan202320CE.NFO,07/01/2020,11:05:58,27.2,26.45,1000,27.4,500,0,62000
TCS30Jan202320CE.NFO,07/01/2020,11:06:05,27.2,26.8,250,27.35,1000,0,62000
TCS30Jan202320CE.NFO,07/01/2020,11:06:12,27.35,26.75,500,27.35,500,250,62000
TCS30Jan202320CE.NFO,07/01/2020,11:06:18,27.35,26.75,500,27.35,500,0,62000
TCS30Jan202320CE.NFO,07/01/2020,11:06:25,27.35,26.5,500,27.25,500,0,62000
TCS30Jan202320CE.NFO,07/01/2020,11:06:31,27.35,26.55,250,27.25,500,0,62000
TCS30Jan202320CE.NFO,07/01/2020,11:06:37,27.35,26.5,500,27.25,500,0,62000
TCS30Jan202320CE.NFO,07/01/2020,11:06:42,27.35,26.5,750,27.25,500,0,62000
TCS30Jan202320CE.NFO,07/01/2020,11:06:52,27.35,26.5,500,27.25,500,0,62000
TCS30Jan202320CE.NFO,07/01/2020,11:07:03,27.35,26.6,250,27.25,500,0,62000
TCS30Jan202320CE.NFO,07/01/2020,11:07:09,27.35,26.55,1000,27.25,500,0,62000
TCS30Jan202320CE.NFO,07/01/2020,11:07:14,27.35,26.6,750,27.25,500,0,62000
TCS30Jan202320CE.NFO,07/01/2020,11:07:19,27.35,26.6,1000,27.25,500,0,62000
TCS30Jan202320CE.NFO,07/01/2020,11:07:24,27.35,26.65,500,27.25,500,0,62000
TCS30Jan202320CE.NFO,07/01/2020,11:07:35,27.35,26.6,750,27.25,500,0,62000
TCS30Jan202320CE.NFO,07/01/2020,11:07:40,26.6,26.5,500,27.15,1000,500,62000
TCS30Jan202320CE.NFO,07/01/2020,11:07:45,26.6,26.3,250,26.95,1000,0,62000
TCS30Jan202320CE.NFO,07/01/2020,11:07:50,26.6,26.55,250,27,500,0,62000
TCS30Jan202320CE.NFO,07/01/2020,11:08:09,26.6,26.45,250,27,500,0,62000
TCS30Jan202320CE.NFO,07/01/2020,11:08:14,26.6,26.35,250,26.9,1000,0,62000
TCS30Jan202320CE.NFO,07/01/2020,11:08:24,26.6,26.2,250,26.7,500,0,62000
TCS30Jan202320CE.NFO,07/01/2020,11:08:29,26.6,26.3,1000,26.85,250,0,62000
TCS30Jan202320CE.NFO,07/01/2020,11:08:35,26.6,26.25,250,26.85,1000,0,62000
TCS30Jan202320CE.NFO,07/01/2020,11:08:40,26.6,26.25,250,26.75,250,0,62000
TCS30Jan202320CE.NFO,07/01/2020,11:08:57,26.6,26.25,250,26.75,750,0,62000
TCS30Jan202320CE.NFO,07/01/2020,11:09:03,26.6,26.25,250,26.75,1000,0,62000
TCS30Jan202320CE.NFO,07/01/2020,11:09:12,26.6,26.25,250,26.75,750,0,62000
TCS30Jan202320CE.NFO,07/01/2020,11:09:22,26.6,26.25,250,26.7,250,0,62000
TCS30Jan202320CE.NFO,07/01/2020,11:09:33,26.6,26.35,250,26.85,250,0,62000
TCS30Jan202320CE.NFO,07/01/2020,11:09:38,26.6,26.35,250,26.85,1000,0,62000
TCS30Jan202320CE.NFO,07/01/2020,11:09:44,26.6,26.3,750,26.8,1000,0,62000
TCS30Jan202320CE.NFO,07/01/2020,11:09:48,26.6,26.4,500,27,750,0,62000
TCS30Jan202320CE.NFO,07/01/2020,11:09:52,26.6,26.4,500,26.95,250,0,62000
TCS30Jan202320CE.NFO,07/01/2020,11:09:56,26.6,26.35,750,26.95,1000,0,62000
TCS30Jan202320CE.NFO,07/01/2020,11:10:00,26.6,26.4,1000,26.95,1000,0,62000
TCS30Jan202320CE.NFO,07/01/2020,11:10:05,26.6,26.4,500,26.95,1000,0,62000
TCS30Jan202320CE.NFO,07/01/2020,11:10:56,26.6,26.45,500,26.95,500,0,62000
TCS30Jan202320CE.NFO,07/01/2020,11:11:04,26.6,26.5,500,26.95,500,0,62000
TCS30Jan202320CE.NFO,07/01/2020,11:11:14,26.6,25.85,250,26.65,250,0,62000
TCS30Jan202320CE.NFO,07/01/2020,11:11:21,26.6,25.8,250,26.35,250,0,62000
TCS30Jan202320CE.NFO,07/01/2020,11:11:29,26.6,25.75,250,26.25,750,0,62000
TCS30Jan202320CE.NFO,07/01/2020,11:11:51,26.05,25.95,250,26.55,1000,500,61750
TCS30Jan202320CE.NFO,07/01/2020,11:11:57,25.7,25.3,500,26,500,500,61750
TCS30Jan202320CE.NFO,07/01/2020,11:12:05,25.7,25.4,500,25.9,500,0,61750
TCS30Jan202320CE.NFO,07/01/2020,11:12:13,25.7,25.65,500,26.3,250,0,61750
TCS30Jan202320CE.NFO,07/01/2020,11:12:20,25.55,25.35,250,25.85,1000,250,61750
TCS30Jan202320CE.NFO,07/01/2020,11:12:26,25.55,25.4,500,25.85,500,0,61750
TCS30Jan202320CE.NFO,07/01/2020,11:12:31,25.55,25.55,500,25.9,250,0,61750
TCS30Jan202320CE.NFO,07/01/2020,11:12:49,25.55,25.35,1000,25.85,500,500,61750
TCS30Jan202320CE.NFO,07/01/2020,11:12:54,25.55,25.4,500,26.05,250,0,61750
TCS30Jan202320CE.NFO,07/01/2020,11:12:59,25.55,25.4,750,26.05,1000,0,61750
TCS30Jan202320CE.NFO,07/01/2020,11:13:04,25.55,25.45,500,26.05,1000,0,61750
TCS30Jan202320CE.NFO,07/01/2020,11:13:14,25.55,25.35,250,25.95,500,0,61750
TCS30Jan202320CE.NFO,07/01/2020,11:13:20,25.55,25.55,250,25.75,250,0,61750
TCS30Jan202320CE.NFO,07/01/2020,11:13:26,25.7,25.55,250,25.75,250,500,61750
TCS30Jan202320CE.NFO,07/01/2020,11:13:31,25.7,25.6,500,26.25,1000,0,61750
TCS30Jan202320CE.NFO,07/01/2020,11:13:37,25.7,25.6,750,26.15,750,0,61750
TCS30Jan202320CE.NFO,07/01/2020,11:13:43,25.7,26,500,26.9,250,0,61750
TCS30Jan202320CE.NFO,07/01/2020,11:13:49,25.7,26.1,250,26.7,1000,0,61750
TCS30Jan202320CE.NFO,07/01/2020,11:13:54,25.7,26.1,750,26.7,1000,0,61750
TCS30Jan202320CE.NFO,07/01/2020,11:14:09,25.7,26.1,500,26.7,1000,0,61750
TCS30Jan202320CE.NFO,07/01/2020,11:14:14,25.7,26.15,1000,26.7,500,0,61750
TCS30Jan202320CE.NFO,07/01/2020,11:14:20,25.7,26.25,500,26.7,500,0,61750
TCS30Jan202320CE.NFO,07/01/2020,11:14:25,25.7,26.25,1000,26.7,250,0,61750
TCS30Jan202320CE.NFO,07/01/2020,11:14:30,25.7,26.35,500,27.25,250,0,61750
TCS30Jan202320CE.NFO,07/01/2020,11:14:35,25.7,26.3,500,26.95,1000,0,61750
TCS30Jan202320CE.NFO,07/01/2020,11:14:39,25.7,26.15,750,26.75,250,0,61750
TCS30Jan202320CE.NFO,07/01/2020,11:14:43,25.7,26.15,250,26.75,1000,0,61750
TCS30Jan202320CE.NFO,07/01/2020,11:14:48,25.7,26.05,500,26.65,1000,0,61750
TCS30Jan202320CE.NFO,07/01/2020,11:14:58,25.7,26.1,500,26.55,500,0,61750
TCS30Jan202320CE.NFO,07/01/2020,11:15:05,25.7,26.1,1000,26.55,250,0,61750
TCS30Jan202320CE.NFO,07/01/2020,11:15:11,25.7,26.1,1000,26.55,500,0,61750
TCS30Jan202320CE.NFO,07/01/2020,11:15:17,25.7,26.15,500,26.55,250,0,61750
TCS30Jan202320CE.NFO,07/01/2020,11:15:23,25.7,26.2,500,26.55,500,0,61750
TCS30Jan202320CE.NFO,07/01/2020,11:15:28,25.7,26,1000,26.35,250,0,61750
TCS30Jan202320CE.NFO,07/01/2020,11:15:43,25.7,26,1000,26.35,500,0,61750
TCS30Jan202320CE.NFO,07/01/2020,11:15:56,25.7,25.85,500,26.25,250,0,61750
TCS30Jan202320CE.NFO,07/01/2020,11:16:01,25.7,25.85,500,26.25,1000,0,61750
TCS30Jan202320CE.NFO,07/01/2020,11:16:06,25.7,25.95,500,26.25,250,0,61750
TCS30Jan202320CE.NFO,07/01/2020,11:16:12,25.7,25.95,500,27,250,0,61750
TCS30Jan202320CE.NFO,07/01/2020,11:16:19,25.7,26.15,500,26.6,500,0,61750
TCS30Jan202320CE.NFO,07/01/2020,11:16:25,25.7,26.3,500,27.05,750,0,61750
TCS30Jan202320CE.NFO,07/01/2020,11:16:31,25.7,26.4,500,27.05,1000,0,61750
TCS30Jan202320CE.NFO,07/01/2020,11:16:40,25.7,26.25,500,26.9,1000,0,61750
TCS30Jan202320CE.NFO,07/01/2020,11:16:45,25.7,26.25,750,26.9,1000,0,61750
TCS30Jan202320CE.NFO,07/01/2020,11:16:51,25.7,26.3,500,26.8,750,0,61750
TCS30Jan202320CE.NFO,07/01/2020,11:16:57,25.7,26.25,500,26.8,1000,0,61750
TCS30Jan202320CE.NFO,07/01/2020,11:17:02,25.7,26.3,1000,26.9,250,0,61750
TCS30Jan202320CE.NFO,07/01/2020,11:17:06,25.7,26.25,750,26.8,250,0,61750
TCS30Jan202320CE.NFO,07/01/2020,11:17:12,25.7,26.3,1000,26.8,500,0,61750
TCS30Jan202320CE.NFO,07/01/2020,11:17:17,25.7,26.4,500,26.8,250,0,61750
TCS30Jan202320CE.NFO,07/01/2020,11:17:40,25.7,26.4,1000,26.8,250,0,61750
TCS30Jan202320CE.NFO,07/01/2020,11:17:46,25.7,26.4,500,26.8,500,0,61750
TCS30Jan202320CE.NFO,07/01/2020,11:17:52,25.7,26.4,500,26.8,250,0,61750
TCS30Jan202320CE.NFO,07/01/2020,11:17:56,25.7,26.4,1000,26.8,250,0,61750
TCS30Jan202320CE.NFO,07/01/2020,11:18:01,25.7,26.4,500,26.8,1000,0,61750
TCS30Jan202320CE.NFO,07/01/2020,11:18:06,25.7,26.3,500,26.7,250,0,61750
TCS30Jan202320CE.NFO,07/01/2020,11:18:10,25.7,26.3,500,26.7,1000,0,61750
TCS30Jan202320CE.NFO,07/01/2020,11:18:15,25.7,26.3,500,26.7,750,0,61750
TCS30Jan202320CE.NFO,07/01/2020,11:18:24,25.7,26.15,500,26.6,1000,0,61750
TCS30Jan202320CE.NFO,07/01/2020,11:18:40,25.7,26.3,500,26.7,250,0,61750
TCS30Jan202320CE.NFO,07/01/2020,11:19:00,25.7,26.3,500,26.7,1000,0,61750
TCS30Jan202320CE.NFO,07/01/2020,11:19:06,25.7,26.35,750,26.7,500,0,61750
TCS30Jan202320CE.NFO,07/01/2020,11:19:18,25.7,26.1,500,26.5,1000,0,61750
TCS30Jan202320CE.NFO,07/01/2020,11:19:27,25.7,26.05,500,26.45,250,0,61750
TCS30Jan202320CE.NFO,07/01/2020,11:19:34,25.7,26,500,26.4,750,0,61750
TCS30Jan202320CE.NFO,07/01/2020,11:19:40,25.7,25.95,750,26.35,750,0,61750
TCS30Jan202320CE.NFO,07/01/2020,11:19:45,25.7,26,1000,26.4,1000,0,61750
TCS30Jan202320CE.NFO,07/01/2020,11:20:09,25.7,26,500,26.35,1000,0,61750
TCS30Jan202320CE.NFO,07/01/2020,11:20:15,25.7,26,500,26.35,750,0,61750
TCS30Jan202320CE.NFO,07/01/2020,11:20:21,25.7,26.1,500,26.4,500,0,61750
TCS30Jan202320CE.NFO,07/01/2020,11:20:31,25.7,26.2,500,26.75,250,0,61750
TCS30Jan202320CE.NFO,07/01/2020,11:20:37,25.7,26.2,500,26.75,1000,0,61750
TCS30Jan202320CE.NFO,07/01/2020,11:20:42,25.7,26.25,500,26.65,500,0,61750
TCS30Jan202320CE.NFO,07/01/2020,11:20:48,25.7,26.2,500,26.65,500,0,61750
TCS30Jan202320CE.NFO,07/01/2020,11:21:05,25.7,26.1,1000,26.55,250,0,61750
TCS30Jan202320CE.NFO,07/01/2020,11:21:14,25.7,26.1,750,26.55,250,0,61750
TCS30Jan202320CE.NFO,07/01/2020,11:21:27,25.7,25.95,250,26.45,750,0,61750
TCS30Jan202320CE.NFO,07/01/2020,11:21:57,25.7,26.05,750,26.5,250,0,61750
TCS30Jan202320CE.NFO,07/01/2020,11:22:06,25.7,26.15,250,26.5,250,0,61750
TCS30Jan202320CE.NFO,07/01/2020,11:22:10,25.7,26.05,750,26.5,500,0,61750
TCS30Jan202320CE.NFO,07/01/2020,11:22:18,25.7,26.05,750,26.5,250,0,61750
TCS30Jan202320CE.NFO,07/01/2020,11:22:26,25.7,26.15,750,26.6,250,0,61750
TCS30Jan202320CE.NFO,07/01/2020,11:22:31,25.7,26.2,250,26.6,500,0,61750
TCS30Jan202320CE.NFO,07/01/2020,11:22:35,25.7,26.1,250,26.6,1000,0,61750
TCS30Jan202320CE.NFO,07/01/2020,11:22:39,25.7,26.1,750,26.55,1000,0,61750
TCS30Jan202320CE.NFO,07/01/2020,11:22:46,25.7,26.1,750,26.55,750,0,61750
TCS30Jan202320CE.NFO,07/01/2020,11:22:52,25.7,26.15,750,26.6,500,0,61750
TCS30Jan202320CE.NFO,07/01/2020,11:23:06,25.7,26.15,750,26.6,750,0,61750
TCS30Jan202320CE.NFO,07/01/2020,11:23:11,25.7,26.1,250,26.5,500,0,61750
TCS30Jan202320CE.NFO,07/01/2020,11:23:44,25.7,26.3,500,26.9,250,0,61750
TCS30Jan202320CE.NFO,07/01/2020,11:23:49,25.7,26.2,1000,26.8,1000,0,61750
TCS30Jan202320CE.NFO,07/01/2020,11:23:52,25.7,26.25,250,26.7,250,0,61750
TCS30Jan202320CE.NFO,07/01/2020,11:23:56,25.7,26.25,250,26.75,1000,0,61750
TCS30Jan202320CE.NFO,07/01/2020,11:24:01,25.7,26.25,750,26.75,1000,0,61750
TCS30Jan202320CE.NFO,07/01/2020,11:24:06,25.7,26.25,500,26.75,1000,0,61750
TCS30Jan202320CE.NFO,07/01/2020,11:25:11,25.7,26.1,250,26.55,250,0,61750
TCS30Jan202320CE.NFO,07/01/2020,11:25:25,25.7,26.15,500,26.6,1000,0,61750
TCS30Jan202320CE.NFO,07/01/2020,11:25:31,25.7,26.15,750,26.6,1000,0,61750
TCS30Jan202320CE.NFO,07/01/2020,11:25:44,25.7,26.15,750,26.6,500,0,61750
TCS30Jan202320CE.NFO,07/01/2020,11:26:00,25.7,26.15,500,26.6,500,0,61750
TCS30Jan202320CE.NFO,07/01/2020,11:26:08,25.7,26.15,750,26.6,500,0,61750
TCS30Jan202320CE.NFO,07/01/2020,11:26:33,25.7,26.15,500,26.6,500,0,61750
TCS30Jan202320CE.NFO,07/01/2020,11:26:55,25.7,26.15,500,26.6,1000,0,61750
TCS30Jan202320CE.NFO,07/01/2020,11:26:58,25.7,26.15,750,26.4,250,0,61750
TCS30Jan202320CE.NFO,07/01/2020,11:27:02,25.7,25.95,750,26.4,1000,0,61750
TCS30Jan202320CE.NFO,07/01/2020,11:27:06,25.7,26,750,26.4,1000,0,61750
TCS30Jan202320CE.NFO,07/01/2020,11:27:09,25.7,26,750,26.4,750,0,61750
TCS30Jan202320CE.NFO,07/01/2020,11:27:25,25.7,26.1,750,26.55,250,0,61750
TCS30Jan202320CE.NFO,07/01/2020,11:27:28,25.7,26,250,26.35,750,0,61750
TCS30Jan202320CE.NFO,07/01/2020,11:27:36,25.7,26,750,26.4,500,0,61750
TCS30Jan202320CE.NFO,07/01/2020,11:27:39,25.7,25.95,500,26.35,500,0,61750
TCS30Jan202320CE.NFO,07/01/2020,11:27:42,25.7,25.95,1000,26.35,500,0,61750
TCS30Jan202320CE.NFO,07/01/2020,11:27:55,26.35,26,750,26.4,750,250,61250
TCS30Jan202320CE.NFO,07/01/2020,11:28:02,26.35,26.15,500,27.1,250,0,61250
TCS30Jan202320CE.NFO,07/01/2020,11:28:05,26.35,26.2,500,26.7,250,0,61250
TCS30Jan202320CE.NFO,07/01/2020,11:28:12,26.35,26.2,500,26.7,1000,0,61250
TCS30Jan202320CE.NFO,07/01/2020,11:28:16,26.35,26.05,500,26.6,250,0,61250
TCS30Jan202320CE.NFO,07/01/2020,11:28:21,26.35,26.05,750,26.6,1000,0,61250
TCS30Jan202320CE.NFO,07/01/2020,11:28:27,26.35,26.05,500,26.6,1000,0,61250
TCS30Jan202320CE.NFO,07/01/2020,11:28:51,26.35,26.05,750,26.6,1000,0,61250
TCS30Jan202320CE.NFO,07/01/2020,11:28:55,26.35,26.05,500,26.6,1000,0,61250
TCS30Jan202320CE.NFO,07/01/2020,11:28:58,26.35,26.05,750,26.6,1000,0,61250
TCS30Jan202320CE.NFO,07/01/2020,11:29:07,26.35,26.05,500,26.6,1000,0,61250
TCS30Jan202320CE.NFO,07/01/2020,11:29:11,26.35,25.95,1000,26.5,1000,0,61250
TCS30Jan202320CE.NFO,07/01/2020,11:29:25,26.35,25.8,250,26.25,250,0,61250
TCS30Jan202320CE.NFO,07/01/2020,11:29:29,26.35,25.85,500,26.3,500,0,61250
TCS30Jan202320CE.NFO,07/01/2020,11:29:33,26.35,25.85,250,26.3,1000,0,61250
TCS30Jan202320CE.NFO,07/01/2020,11:29:56,26.35,25.9,1000,26.3,250,0,61250
TCS30Jan202320CE.NFO,07/01/2020,11:30:10,26.35,25.95,750,26.4,1000,0,61250
TCS30Jan202320CE.NFO,07/01/2020,11:30:14,26.35,26,250,26.4,1000,0,61250
TCS30Jan202320CE.NFO,07/01/2020,11:30:22,26.35,26,1000,26.45,500,0,61250
TCS30Jan202320CE.NFO,07/01/2020,11:30:27,26.35,26.05,750,26.45,250,0,61250
TCS30Jan202320CE.NFO,07/01/2020,11:30:38,26.35,26,250,26.45,1000,0,61250
TCS30Jan202320CE.NFO,07/01/2020,11:30:41,26.35,26,250,26.4,750,0,61250
TCS30Jan202320CE.NFO,07/01/2020,11:30:50,26.35,26.05,750,26.45,250,0,61250
TCS30Jan202320CE.NFO,07/01/2020,11:30:53,26.35,26.05,1000,26.5,1000,0,61250
TCS30Jan202320CE.NFO,07/01/2020,11:31:22,26.35,26.05,750,26.5,1000,0,61250
TCS30Jan202320CE.NFO,07/01/2020,11:31:36,26.35,26.1,250,26.5,1000,0,61250
TCS30Jan202320CE.NFO,07/01/2020,11:31:39,26.35,26.05,750,26.5,1000,0,61250
TCS30Jan202320CE.NFO,07/01/2020,11:32:00,26.35,26.1,500,26.5,750,0,61250
TCS30Jan202320CE.NFO,07/01/2020,11:32:12,26.35,26.1,500,26.5,1000,0,61250
TCS30Jan202320CE.NFO,07/01/2020,11:32:32,26.35,26.05,250,26.45,500,0,61250
TCS30Jan202320CE.NFO,07/01/2020,11:32:41,26.35,26.05,750,26.5,500,0,61250
TCS30Jan202320CE.NFO,07/01/2020,11:32:45,26.35,26.05,750,26.5,1000,0,61250
TCS30Jan202320CE.NFO,07/01/2020,11:33:28,26.35,26.15,250,26.55,500,0,61250
TCS30Jan202320CE.NFO,07/01/2020,11:33:31,26.35,26.15,500,26.55,500,0,61250
TCS30Jan202320CE.NFO,07/01/2020,11:33:36,26.35,26.3,500,26.6,500,0,61250
TCS30Jan202320CE.NFO,07/01/2020,11:33:44,26.35,26.3,500,26.7,1000,0,61250
TCS30Jan202320CE.NFO,07/01/2020,11:34:04,26.35,26.5,500,26.8,250,0,61250
TCS30Jan202320CE.NFO,07/01/2020,11:34:10,26.35,26.75,250,27.05,250,0,61250
TCS30Jan202320CE.NFO,07/01/2020,11:34:18,26.35,26.75,750,27.15,1000,0,61250
TCS30Jan202320CE.NFO,07/01/2020,11:34:24,26.35,26.8,500,27.15,500,0,61250
TCS30Jan202320CE.NFO,07/01/2020,11:34:30,26.35,26.75,1000,27.15,750,0,61250
TCS30Jan202320CE.NFO,07/01/2020,11:34:37,26.35,26.6,500,27.05,1000,0,61250
TCS30Jan202320CE.NFO,07/01/2020,11:34:43,26.35,26.6,750,27.05,1000,0,61250
TCS30Jan202320CE.NFO,07/01/2020,11:34:50,26.35,26.6,500,26.95,250,0,61250
TCS30Jan202320CE.NFO,07/01/2020,11:34:56,26.35,26.65,500,27,250,0,61250
TCS30Jan202320CE.NFO,07/01/2020,11:35:01,26.35,26.7,750,27.1,250,0,61250
TCS30Jan202320CE.NFO,07/01/2020,11:35:08,26.35,26.85,500,27.2,500,0,61250
TCS30Jan202320CE.NFO,07/01/2020,11:35:14,26.35,26.9,1000,27.3,1000,0,61250
TCS30Jan202320CE.NFO,07/01/2020,11:35:21,26.35,26.95,500,27.3,500,0,61250
TCS30Jan202320CE.NFO,07/01/2020,11:35:27,26.35,27.05,750,27.5,1000,0,61250
TCS30Jan202320CE.NFO,07/01/2020,11:35:32,26.35,27.1,500,27.5,1000,0,61250
TCS30Jan202320CE.NFO,07/01/2020,11:35:38,26.35,26.9,250,27.3,750,0,61250
TCS30Jan202320CE.NFO,07/01/2020,11:35:50,26.35,26.95,500,27.35,250,0,61250
TCS30Jan202320CE.NFO,07/01/2020,11:35:56,26.35,27,250,27.4,1000,0,61250
TCS30Jan202320CE.NFO,07/01/2020,11:36:01,26.35,27.05,500,27.4,1000,0,61250
TCS30Jan202320CE.NFO,07/01/2020,11:36:15,26.35,27.05,1250,27.5,1000,0,61250
TCS30Jan202320CE.NFO,07/01/2020,11:36:25,26.35,27.05,1250,27.45,750,0,61250
TCS30Jan202320CE.NFO,07/01/2020,11:36:46,26.35,27.05,1000,27.45,750,0,61250
TCS30Jan202320CE.NFO,07/01/2020,11:36:52,26.35,27,500,27.35,500,0,61250
TCS30Jan202320CE.NFO,07/01/2020,11:36:59,26.35,26.85,750,27.3,750,0,61250
TCS30Jan202320CE.NFO,07/01/2020,11:37:06,26.35,26.9,750,27.3,750,0,61250
TCS30Jan202320CE.NFO,07/01/2020,11:37:11,26.35,26.9,250,27.25,500,0,61250
TCS30Jan202320CE.NFO,07/01/2020,11:37:15,26.35,26.9,750,27.35,500,0,61250
TCS30Jan202320CE.NFO,07/01/2020,11:37:21,26.35,26.9,750,27.35,750,0,61250
TCS30Jan202320CE.NFO,07/01/2020,11:37:29,26.35,26.9,750,27.3,750,0,61250
TCS30Jan202320CE.NFO,07/01/2020,11:37:34,26.35,26.9,250,27.25,500,0,61250
TCS30Jan202320CE.NFO,07/01/2020,11:37:49,26.35,26.85,750,27.25,500,0,61250
TCS30Jan202320CE.NFO,07/01/2020,11:38:07,26.35,26.8,750,27.2,250,0,61250
TCS30Jan202320CE.NFO,07/01/2020,11:38:12,26.35,26.8,750,27.2,750,0,61250
TCS30Jan202320CE.NFO,07/01/2020,11:38:16,26.35,26.75,250,27.15,500,0,61250
TCS30Jan202320CE.NFO,07/01/2020,11:38:20,26.35,26.8,500,27.15,500,0,61250
TCS30Jan202320CE.NFO,07/01/2020,11:38:28,26.35,26.9,750,27.35,750,0,61250
TCS30Jan202320CE.NFO,07/01/2020,11:38:32,26.35,26.9,750,27.3,500,0,61250
TCS30Jan202320CE.NFO,07/01/2020,11:38:36,26.35,27.15,500,27.55,500,0,61250
TCS30Jan202320CE.NFO,07/01/2020,11:38:40,26.35,27.15,500,27.55,750,0,61250
TCS30Jan202320CE.NFO,07/01/2020,11:38:43,26.35,27.1,500,27.5,750,0,61250
TCS30Jan202320CE.NFO,07/01/2020,11:38:47,26.35,27.15,250,27.5,500,0,61250
TCS30Jan202320CE.NFO,07/01/2020,11:38:51,26.35,27.15,500,27.55,750,0,61250
TCS30Jan202320CE.NFO,07/01/2020,11:39:05,26.35,27.25,250,27.6,500,0,61250
TCS30Jan202320CE.NFO,07/01/2020,11:39:08,26.35,27.3,250,27.6,500,0,61250
TCS30Jan202320CE.NFO,07/01/2020,11:39:11,26.35,27.35,500,27.65,500,0,61250
TCS30Jan202320CE.NFO,07/01/2020,11:39:15,27.75,27.55,500,27.75,2000,750,61500
TCS30Jan202320CE.NFO,07/01/2020,11:39:19,27.75,27.55,500,27.75,2000,0,61500
TCS30Jan202320CE.NFO,07/01/2020,11:39:24,27.75,27.7,500,27.75,2000,0,61500
TCS30Jan202320CE.NFO,07/01/2020,11:39:30,27.75,27.8,250,27.95,500,2000,61500
TCS30Jan202320CE.NFO,07/01/2020,11:39:35,27.75,27.95,500,28,750,0,61500
TCS30Jan202320CE.NFO,07/01/2020,11:39:40,27.95,27.85,250,27.95,500,500,61500
TCS30Jan202320CE.NFO,07/01/2020,11:39:44,27.95,27.75,750,27.95,500,0,61500
TCS30Jan202320CE.NFO,07/01/2020,11:39:50,27.95,27.8,750,28,750,0,61500
TCS30Jan202320CE.NFO,07/01/2020,11:39:58,27.95,27.45,750,28,500,0,61500
TCS30Jan202320CE.NFO,07/01/2020,11:40:05,27.95,27.5,250,27.95,500,0,61500
TCS30Jan202320CE.NFO,07/01/2020,11:40:11,27.95,27.5,250,27.9,500,0,61500
TCS30Jan202320CE.NFO,07/01/2020,11:40:16,27.45,27.2,250,27.7,500,250,61500
TCS30Jan202320CE.NFO,07/01/2020,11:40:20,27.45,27.3,250,27.75,750,0,61500
TCS30Jan202320CE.NFO,07/01/2020,11:40:25,27.25,26.75,500,27.35,750,750,61500
TCS30Jan202320CE.NFO,07/01/2020,11:40:29,27.25,26.75,250,27.3,500,0,61500
TCS30Jan202320CE.NFO,07/01/2020,11:40:33,27.25,26.95,250,27.45,750,0,61500
TCS30Jan202320CE.NFO,07/01/2020,11:40:41,27.25,26.95,250,27.45,1000,0,61500
TCS30Jan202320CE.NFO,07/01/2020,11:40:45,27.25,26.9,250,27.35,1000,0,61500
TCS30Jan202320CE.NFO,07/01/2020,11:40:48,27.25,27,750,27.55,750,0,61500
TCS30Jan202320CE.NFO,07/01/2020,11:40:51,27.25,27.2,250,27.7,250,0,61500
TCS30Jan202320CE.NFO,07/01/2020,11:40:54,27.25,27.2,750,27.7,750,0,61500
TCS30Jan202320CE.NFO,07/01/2020,11:40:57,27.25,27.25,750,27.7,750,0,61500
TCS30Jan202320CE.NFO,07/01/2020,11:41:04,27.25,27.25,750,27.75,750,0,61500
TCS30Jan202320CE.NFO,07/01/2020,11:41:17,27.25,27.25,1250,27.75,750,0,61500
TCS30Jan202320CE.NFO,07/01/2020,11:41:24,27.25,27.25,750,27.75,750,0,61500
TCS30Jan202320CE.NFO,07/01/2020,11:41:27,27.25,27.3,1000,27.8,250,0,61500
TCS30Jan202320CE.NFO,07/01/2020,11:41:31,27.25,27.4,500,27.85,750,0,61500
TCS30Jan202320CE.NFO,07/01/2020,11:41:38,27.25,27.4,250,27.85,750,0,61500
TCS30Jan202320CE.NFO,07/01/2020,11:41:44,27.25,27.35,250,27.75,750,0,61500
TCS30Jan202320CE.NFO,07/01/2020,11:41:47,27.25,27.4,500,27.85,750,0,61500
TCS30Jan202320CE.NFO,07/01/2020,11:41:50,27.25,27.4,250,27.75,250,0,61500
TCS30Jan202320CE.NFO,07/01/2020,11:41:56,27.25,27.4,500,27.75,250,0,61500
TCS30Jan202320CE.NFO,07/01/2020,11:42:04,27.25,27.25,500,27.7,750,0,61500
TCS30Jan202320CE.NFO,07/01/2020,11:42:09,27.25,27.15,500,27.55,500,0,61500
TCS30Jan202320CE.NFO,07/01/2020,11:42:13,27.25,27.25,250,27.65,500,0,61500
TCS30Jan202320CE.NFO,07/01/2020,11:42:16,27.25,27.2,1250,27.65,750,0,61500
TCS30Jan202320CE.NFO,07/01/2020,11:42:20,27.25,27.35,500,27.8,750,0,61500
TCS30Jan202320CE.NFO,07/01/2020,11:42:23,27.25,27.45,750,27.9,500,0,61500
TCS30Jan202320CE.NFO,07/01/2020,11:42:27,27.25,27.4,250,27.8,500,0,61500
TCS30Jan202320CE.NFO,07/01/2020,11:42:38,27.25,27.6,750,28,250,0,61500
TCS30Jan202320CE.NFO,07/01/2020,11:42:44,27.25,27.6,250,27.95,1000,0,61500
TCS30Jan202320CE.NFO,07/01/2020,11:42:49,27.25,27.55,250,27.85,750,0,61500
TCS30Jan202320CE.NFO,07/01/2020,11:42:53,27.25,27.55,250,27.85,500,0,61500
TCS30Jan202320CE.NFO,07/01/2020,11:42:56,27.25,27.55,750,27.95,500,0,61500
TCS30Jan202320CE.NFO,07/01/2020,11:43:03,27.25,27.55,250,27.85,500,0,61500
TCS30Jan202320CE.NFO,07/01/2020,11:43:29,27.25,27.45,250,27.7,500,0,61500
TCS30Jan202320CE.NFO,07/01/2020,11:43:33,27.25,27.5,500,27.8,500,0,61500
TCS30Jan202320CE.NFO,07/01/2020,11:43:48,27.8,27.5,1000,27.85,750,1000,60000
TCS30Jan202320CE.NFO,07/01/2020,11:43:52,27.8,27.5,1000,27.85,500,0,60000
TCS30Jan202320CE.NFO,07/01/2020,11:43:56,27.8,27.7,500,28.1,750,0,60000
TCS30Jan202320CE.NFO,07/01/2020,11:43:59,27.8,27.7,500,28,500,0,60000
TCS30Jan202320CE.NFO,07/01/2020,11:44:05,27.8,27.6,750,28,1000,0,60000
TCS30Jan202320CE.NFO,07/01/2020,11:44:13,27.8,27.55,750,27.9,250,0,60000
TCS30Jan202320CE.NFO,07/01/2020,11:44:16,27.8,27.55,1250,27.9,250,0,60000
TCS30Jan202320CE.NFO,07/01/2020,11:44:19,27.8,27.65,500,28.05,750,0,60000
TCS30Jan202320CE.NFO,07/01/2020,11:44:28,27.8,27.55,750,27.9,500,0,60000
TCS30Jan202320CE.NFO,07/01/2020,11:44:32,27.8,27.55,250,27.85,750,0,60000
TCS30Jan202320CE.NFO,07/01/2020,11:44:36,27.8,27.5,250,27.85,750,0,60000
TCS30Jan202320CE.NFO,07/01/2020,11:44:39,27.8,27.5,750,27.85,500,0,60000
TCS30Jan202320CE.NFO,07/01/2020,11:44:43,27.8,27.55,500,28,750,0,60000
TCS30Jan202320CE.NFO,07/01/2020,11:44:46,27.8,27.6,500,27.95,500,0,60000
TCS30Jan202320CE.NFO,07/01/2020,11:44:50,27.8,27.5,1000,27.9,750,0,60000
TCS30Jan202320CE.NFO,07/01/2020,11:44:54,27.8,27.6,500,27.9,250,0,60000
TCS30Jan202320CE.NFO,07/01/2020,11:44:57,27.8,27.6,500,27.95,250,0,60000
TCS30Jan202320CE.NFO,07/01/2020,11:45:04,27.8,27.55,250,27.85,250,0,60000
TCS30Jan202320CE.NFO,07/01/2020,11:45:08,27.8,27.6,500,27.9,500,0,60000
TCS30Jan202320CE.NFO,07/01/2020,11:45:14,27.8,27.6,750,27.9,500,0,60000
TCS30Jan202320CE.NFO,07/01/2020,11:45:18,27.6,27.1,250,27.6,500,250,59500
TCS30Jan202320CE.NFO,07/01/2020,11:45:22,27.6,27.35,1250,27.9,1250,0,59500
TCS30Jan202320CE.NFO,07/01/2020,11:45:26,27.6,27.45,250,27.8,500,0,59500
TCS30Jan202320CE.NFO,07/01/2020,11:45:30,27.6,27.15,250,27.7,500,0,59500
TCS30Jan202320CE.NFO,07/01/2020,11:45:35,27.6,27.25,250,27.7,1250,0,59500
TCS30Jan202320CE.NFO,07/01/2020,11:45:39,27.6,27.25,250,27.7,500,0,59500
TCS30Jan202320CE.NFO,07/01/2020,11:45:44,27.6,27.2,750,27.65,500,0,59500
TCS30Jan202320CE.NFO,07/01/2020,11:45:48,27.6,27.2,250,27.7,750,0,59500
TCS30Jan202320CE.NFO,07/01/2020,11:45:52,27.6,27.15,250,27.55,500,0,59500
TCS30Jan202320CE.NFO,07/01/2020,11:45:59,27.6,27.25,500,27.7,250,0,59500
TCS30Jan202320CE.NFO,07/01/2020,11:46:02,27.6,27.2,750,27.65,500,0,59500
TCS30Jan202320CE.NFO,07/01/2020,11:46:06,27.6,27.2,250,27.55,500,0,59500
TCS30Jan202320CE.NFO,07/01/2020,11:46:09,27.6,27.15,250,27.55,500,0,59500
TCS30Jan202320CE.NFO,07/01/2020,11:46:13,27.6,27.2,500,27.65,750,0,59500
TCS30Jan202320CE.NFO,07/01/2020,11:46:17,27.6,27.25,500,27.55,750,0,59500
TCS30Jan202320CE.NFO,07/01/2020,11:46:21,27.6,27.1,750,27.55,1000,0,59500
TCS30Jan202320CE.NFO,07/01/2020,11:46:25,27.6,27.05,750,27.5,500,0,59500
TCS30Jan202320CE.NFO,07/01/2020,11:46:28,27.6,27.05,1250,27.5,1000,0,59500
TCS30Jan202320CE.NFO,07/01/2020,11:46:40,27.6,27.05,1000,27.45,750,0,59500
TCS30Jan202320CE.NFO,07/01/2020,11:46:43,27.6,27.05,1000,27.45,500,0,59500
TCS30Jan202320CE.NFO,07/01/2020,11:46:47,27.6,27.15,500,27.65,500,0,59500
TCS30Jan202320CE.NFO,07/01/2020,11:46:50,27.6,27.15,500,27.65,1000,0,59500
TCS30Jan202320CE.NFO,07/01/2020,11:47:02,27.6,27.2,750,27.65,750,0,59500
TCS30Jan202320CE.NFO,07/01/2020,11:47:05,27.6,27.2,500,27.65,750,0,59500
TCS30Jan202320CE.NFO,07/01/2020,11:47:09,27.6,27.25,500,27.65,750,0,59500
TCS30Jan202320CE.NFO,07/01/2020,11:47:17,27.6,27.25,500,27.6,1250,0,59500
TCS30Jan202320CE.NFO,07/01/2020,11:47:21,27.6,27.1,500,27.5,250,0,59500
TCS30Jan202320CE.NFO,07/01/2020,11:47:25,27.6,27.05,250,27.4,750,0,59500
TCS30Jan202320CE.NFO,07/01/2020,11:47:34,27.6,27.1,500,27.4,750,0,59500
TCS30Jan202320CE.NFO,07/01/2020,11:47:39,27.6,27.1,500,27.4,250,0,59500
TCS30Jan202320CE.NFO,07/01/2020,11:47:47,27.6,27.1,1000,27.45,250,0,59500
TCS30Jan202320CE.NFO,07/01/2020,11:47:53,27.6,27.2,500,27.6,250,0,59500
TCS30Jan202320CE.NFO,07/01/2020,11:47:56,27.6,27.25,500,27.6,250,0,59500
TCS30Jan202320CE.NFO,07/01/2020,11:48:00,27.6,26.95,500,27.35,250,0,59500
TCS30Jan202320CE.NFO,07/01/2020,11:48:04,27.6,27.05,1000,27.5,500,0,59500
TCS30Jan202320CE.NFO,07/01/2020,11:48:09,27.6,27.1,1250,27.55,250,0,59500
TCS30Jan202320CE.NFO,07/01/2020,11:48:18,27.6,27.15,500,27.6,1000,0,59500
TCS30Jan202320CE.NFO,07/01/2020,11:48:24,27.6,27.15,1000,27.6,1000,0,59500
TCS30Jan202320CE.NFO,07/01/2020,11:48:32,27.6,27.15,1000,27.6,750,0,59500
TCS30Jan202320CE.NFO,07/01/2020,11:48:35,27.6,27.2,1250,27.65,750,0,59500
TCS30Jan202320CE.NFO,07/01/2020,11:48:47,27.6,27.2,500,27.6,1000,0,59500
TCS30Jan202320CE.NFO,07/01/2020,11:49:02,27.6,27.15,1250,27.5,250,0,59500
TCS30Jan202320CE.NFO,07/01/2020,11:49:05,27.6,27.2,500,27.5,750,0,59500
TCS30Jan202320CE.NFO,07/01/2020,11:49:14,27.2,27.2,250,27.45,750,250,59750
TCS30Jan202320CE.NFO,07/01/2020,11:49:18,27.2,27.2,250,27.45,500,0,59750
TCS30Jan202320CE.NFO,07/01/2020,11:49:31,27.45,27.15,500,27.5,500,250,59750
TCS30Jan202320CE.NFO,07/01/2020,11:49:35,27.45,27.15,500,27.5,500,0,59750
TCS30Jan202320CE.NFO,07/01/2020,11:49:42,27.45,27.05,750,27.45,500,0,59750
TCS30Jan202320CE.NFO,07/01/2020,11:49:45,27.45,27.05,750,27.4,500,0,59750
TCS30Jan202320CE.NFO,07/01/2020,11:49:53,27.45,27.05,500,27.4,500,0,59750
TCS30Jan202320CE.NFO,07/01/2020,11:49:57,27.25,26.75,750,27.4,500,500,59750
TCS30Jan202320CE.NFO,07/01/2020,11:50:02,27.25,26.85,500,27.4,500,0,59750
TCS30Jan202320CE.NFO,07/01/2020,11:50:15,27.25,26.95,500,27.4,500,0,59750
TCS30Jan202320CE.NFO,07/01/2020,11:50:21,26.9,26.55,500,27.1,500,250,59750
TCS30Jan202320CE.NFO,07/01/2020,11:50:26,26.9,26.55,500,27.1,500,0,59750
TCS30Jan202320CE.NFO,07/01/2020,11:50:31,26.9,26.7,750,27.15,250,0,59750
TCS30Jan202320CE.NFO,07/01/2020,11:50:42,26.9,26.6,500,27.15,500,0,59750
TCS30Jan202320CE.NFO,07/01/2020,11:50:57,26.9,26.45,750,27.15,500,0,59750
TCS30Jan202320CE.NFO,07/01/2020,11:51:01,26.9,26.5,500,27.15,500,0,59750
TCS30Jan202320CE.NFO,07/01/2020,11:51:11,26.9,26.55,500,27.15,500,0,59750
TCS30Jan202320CE.NFO,07/01/2020,11:51:16,26.9,26.75,750,27.25,500,0,59750
TCS30Jan202320CE.NFO,07/01/2020,11:51:26,26.9,26.75,500,27.25,500,0,59750
TCS30Jan202320CE.NFO,07/01/2020,11:51:36,26.9,26.8,500,27.25,500,0,59750
TCS30Jan202320CE.NFO,07/01/2020,11:51:49,26.9,26.6,500,27.25,500,0,59750
TCS30Jan202320CE.NFO,07/01/2020,11:51:54,26.9,26.65,500,27.25,500,0,59750
TCS30Jan202320CE.NFO,07/01/2020,11:51:58,26.9,26.75,500,27.25,500,0,59750
TCS30Jan202320CE.NFO,07/01/2020,11:52:29,26.9,26.8,500,27.25,500,0,59750
TCS30Jan202320CE.NFO,07/01/2020,11:52:47,26.9,26.75,500,27.25,500,0,59750
TCS30Jan202320CE.NFO,07/01/2020,11:52:50,26.9,26.9,500,27.25,750,0,59750
TCS30Jan202320CE.NFO,07/01/2020,11:52:54,26.9,26.9,500,27.25,500,0,59750
TCS30Jan202320CE.NFO,07/01/2020,11:52:59,26.9,27,500,27.3,250,0,59750
TCS30Jan202320CE.NFO,07/01/2020,11:53:03,26.9,27.05,750,27.3,250,0,59750
TCS30Jan202320CE.NFO,07/01/2020,11:53:08,26.9,27.1,500,27.35,250,0,59750
TCS30Jan202320CE.NFO,07/01/2020,11:53:12,26.9,27.05,500,27.35,250,0,59750
TCS30Jan202320CE.NFO,07/01/2020,11:53:15,26.9,27.15,500,27.35,250,0,59750
TCS30Jan202320CE.NFO,07/01/2020,11:53:31,26.9,27.1,500,27.35,250,0,59750
TCS30Jan202320CE.NFO,07/01/2020,11:53:35,26.9,27.1,500,27.35,500,0,59750
TCS30Jan202320CE.NFO,07/01/2020,11:53:41,26.9,27.1,500,27.35,250,0,59750
TCS30Jan202320CE.NFO,07/01/2020,11:53:49,26.9,27,500,27.35,500,0,59750
TCS30Jan202320CE.NFO,07/01/2020,11:53:59,26.9,27.1,500,27.35,500,0,59750
TCS30Jan202320CE.NFO,07/01/2020,11:54:02,26.9,27.05,250,27.35,250,0,59750
TCS30Jan202320CE.NFO,07/01/2020,11:54:05,26.9,27.1,500,27.35,250,0,59750
TCS30Jan202320CE.NFO,07/01/2020,11:54:08,27.35,27.2,500,27.5,500,250,60500
TCS30Jan202320CE.NFO,07/01/2020,11:54:12,27.35,27.2,500,27.5,500,0,60500
TCS30Jan202320CE.NFO,07/01/2020,11:54:48,27.35,27.15,750,27.5,500,0,60500
TCS30Jan202320CE.NFO,07/01/2020,11:54:50,27.35,27.15,500,27.5,500,0,60500
