Ticker,Date,Time,LTP,BuyPrice,BuyQty,SellPrice,SellQty,LTQ,OpenInterest
TECHM30Jan20780PE.NFO,07/01/2020,09:15:31,22,20.45,8400,23.4,1200,1200,33600
TECHM30Jan20780PE.NFO,07/01/2020,09:15:31,22,20.45,8400,23.4,1200,0,33600
TECHM30Jan20780PE.NFO,07/01/2020,09:15:31,22,20.45,8400,23.4,1200,0,33600
TECHM30Jan20780PE.NFO,07/01/2020,09:15:31,22,20.45,8400,23.4,1200,0,33600
TECHM30Jan20780PE.NFO,07/01/2020,09:15:43,22,21.55,1200,24.7,1200,0,33600
TECHM30Jan20780PE.NFO,07/01/2020,09:15:56,22,22.5,1200,25.1,1200,0,33600
TECHM30Jan20780PE.NFO,07/01/2020,09:16:08,22,23.4,1200,25.85,1200,0,33600
TECHM30Jan20780PE.NFO,07/01/2020,09:16:19,22,23.1,1200,25.65,1200,0,33600
TECHM30Jan20780PE.NFO,07/01/2020,09:16:30,22,22.8,1200,25.45,1200,0,33600
TECHM30Jan20780PE.NFO,07/01/2020,09:16:40,22,22.75,1200,25,1200,0,33600
TECHM30Jan20780PE.NFO,07/01/2020,09:16:50,22,21.85,1200,24.45,1200,0,33600
TECHM30Jan20780PE.NFO,07/01/2020,09:17:00,22,22.45,1200,24.65,1200,0,33600
TECHM30Jan20780PE.NFO,07/01/2020,09:17:08,22,22.45,1200,24.65,3600,0,33600
TECHM30Jan20780PE.NFO,07/01/2020,09:17:18,22,22.35,1200,23.95,1200,0,33600
TECHM30Jan20780PE.NFO,07/01/2020,09:17:28,22,22.25,1200,24.1,1200,0,33600
TECHM30Jan20780PE.NFO,07/01/2020,09:17:38,22,22.25,1200,23.95,1200,0,33600
TECHM30Jan20780PE.NFO,07/01/2020,09:17:49,22,22.25,1200,24,1200,0,33600
TECHM30Jan20780PE.NFO,07/01/2020,09:17:59,22,22.25,1200,23.95,1200,0,33600
TECHM30Jan20780PE.NFO,07/01/2020,09:18:09,22,21.9,1200,23.95,1200,0,33600
TECHM30Jan20780PE.NFO,07/01/2020,09:18:18,22,21.65,1200,23.65,1200,0,33600
TECHM30Jan20780PE.NFO,07/01/2020,09:18:27,22,21.55,1200,23.55,1200,0,33600
TECHM30Jan20780PE.NFO,07/01/2020,09:18:35,22,21.7,3600,23.45,1200,0,33600
TECHM30Jan20780PE.NFO,07/01/2020,09:18:44,22,22.05,1200,23.95,1200,0,33600
TECHM30Jan20780PE.NFO,07/01/2020,09:18:54,22,21.75,1200,23.75,1200,0,33600
TECHM30Jan20780PE.NFO,07/01/2020,09:19:02,22,22.1,1200,23.95,1200,0,33600
TECHM30Jan20780PE.NFO,07/01/2020,09:19:28,22,22.35,1200,23.95,1200,0,33600
TECHM30Jan20780PE.NFO,07/01/2020,09:19:37,22,22.45,1200,24,1200,0,33600
TECHM30Jan20780PE.NFO,07/01/2020,09:19:53,22,22.5,1200,24,1200,0,33600
TECHM30Jan20780PE.NFO,07/01/2020,09:20:09,22,22.55,1200,24,1200,0,33600
TECHM30Jan20780PE.NFO,07/01/2020,09:20:17,22,22.8,2400,24,1200,0,33600
TECHM30Jan20780PE.NFO,07/01/2020,09:20:24,22,23,2400,24,1200,0,33600
TECHM30Jan20780PE.NFO,07/01/2020,09:20:32,22,23.65,1200,24,1200,0,33600
TECHM30Jan20780PE.NFO,07/01/2020,09:20:39,24,23.65,1200,24.7,1200,2400,33600
TECHM30Jan20780PE.NFO,07/01/2020,09:20:39,24,23.65,1200,24.7,1200,0,33600
TECHM30Jan20780PE.NFO,07/01/2020,09:20:47,24,23.65,1200,24.7,1200,0,33600
TECHM30Jan20780PE.NFO,07/01/2020,09:21:02,24,23.75,1200,25.45,1200,0,33600
TECHM30Jan20780PE.NFO,07/01/2020,09:21:11,24,23.75,1200,25.25,1200,0,33600
TECHM30Jan20780PE.NFO,07/01/2020,09:21:19,24,23.75,1200,25.05,1200,0,33600
TECHM30Jan20780PE.NFO,07/01/2020,09:21:33,24,24.45,1200,25.65,1200,0,33600
TECHM30Jan20780PE.NFO,07/01/2020,09:21:42,24,24.65,1200,26.25,1200,0,33600
TECHM30Jan20780PE.NFO,07/01/2020,09:21:50,24,24.65,1200,26,1200,0,33600
TECHM30Jan20780PE.NFO,07/01/2020,09:21:58,24,24.65,1200,25.8,2400,0,33600
TECHM30Jan20780PE.NFO,07/01/2020,09:22:05,24,24.65,1200,25.8,1200,0,33600
TECHM30Jan20780PE.NFO,07/01/2020,09:22:14,24,24.65,1200,25.7,1200,0,33600
TECHM30Jan20780PE.NFO,07/01/2020,09:22:36,24,24.65,1200,25.55,1200,0,33600
TECHM30Jan20780PE.NFO,07/01/2020,09:22:43,24,24.65,1200,25.6,2400,0,33600
TECHM30Jan20780PE.NFO,07/01/2020,09:22:51,24,24.65,1200,25.5,1200,0,33600
TECHM30Jan20780PE.NFO,07/01/2020,09:23:06,24,24.65,1200,26.1,6000,0,33600
TECHM30Jan20780PE.NFO,07/01/2020,09:23:20,24,25,1200,26.1,1200,0,33600
TECHM30Jan20780PE.NFO,07/01/2020,09:23:52,24,25,1200,26.3,1200,0,33600
TECHM30Jan20780PE.NFO,07/01/2020,09:24:12,24,25,1200,26.2,1200,0,33600
TECHM30Jan20780PE.NFO,07/01/2020,09:24:15,24,25.1,1200,26.65,1200,0,33600
TECHM30Jan20780PE.NFO,07/01/2020,09:24:17,24,25.2,1200,26.45,1200,0,33600
TECHM30Jan20780PE.NFO,07/01/2020,09:24:18,24,25.2,1200,26.35,1200,0,33600
TECHM30Jan20780PE.NFO,07/01/2020,09:24:29,24,25.2,1200,26.25,1200,0,33600
TECHM30Jan20780PE.NFO,07/01/2020,09:24:30,24,25.2,1200,26.6,1200,0,33600
TECHM30Jan20780PE.NFO,07/01/2020,09:24:31,24,25.2,1200,26.5,1200,0,33600
TECHM30Jan20780PE.NFO,07/01/2020,09:24:33,24,25.3,1200,26.5,1200,0,33600
TECHM30Jan20780PE.NFO,07/01/2020,09:24:35,24,25.3,1200,26.4,1200,0,33600
TECHM30Jan20780PE.NFO,07/01/2020,09:24:36,24,25.3,1200,26.7,2400,0,33600
TECHM30Jan20780PE.NFO,07/01/2020,09:24:37,24,25.3,1200,26.6,1200,0,33600
TECHM30Jan20780PE.NFO,07/01/2020,09:24:38,24,25.3,1200,26.5,1200,0,33600
TECHM30Jan20780PE.NFO,07/01/2020,09:24:42,24,25.3,1200,26.3,1200,0,33600
TECHM30Jan20780PE.NFO,07/01/2020,09:24:49,24,25.3,1200,26.2,1200,0,33600
TECHM30Jan20780PE.NFO,07/01/2020,09:24:50,24,25.3,1200,26.15,1200,0,33600
TECHM30Jan20780PE.NFO,07/01/2020,09:24:56,24,25.3,1200,26.85,6000,0,33600
TECHM30Jan20780PE.NFO,07/01/2020,09:24:57,24,25.3,1200,26.75,7200,0,33600
TECHM30Jan20780PE.NFO,07/01/2020,09:24:58,24,25.3,1200,26.55,2400,0,33600
TECHM30Jan20780PE.NFO,07/01/2020,09:24:59,24,25.3,1200,26.35,2400,0,33600
TECHM30Jan20780PE.NFO,07/01/2020,09:25:00,24,25.25,1200,26.15,2400,0,33600
TECHM30Jan20780PE.NFO,07/01/2020,09:25:01,24,25.15,1200,25.95,1200,0,33600
TECHM30Jan20780PE.NFO,07/01/2020,09:25:02,24,25.15,1200,26.35,1200,0,33600
TECHM30Jan20780PE.NFO,07/01/2020,09:25:03,24,25.15,1200,26.15,2400,0,33600
TECHM30Jan20780PE.NFO,07/01/2020,09:25:04,24,25.15,1200,25.95,1200,0,33600
TECHM30Jan20780PE.NFO,07/01/2020,09:25:05,24,24.9,1200,25.75,1200,0,33600
TECHM30Jan20780PE.NFO,07/01/2020,09:25:06,24,24.9,1200,25.7,1200,0,33600
TECHM30Jan20780PE.NFO,07/01/2020,09:25:07,24,24.9,1200,25.6,1200,0,33600
TECHM30Jan20780PE.NFO,07/01/2020,09:25:08,24,24.9,1200,25.55,2400,0,33600
TECHM30Jan20780PE.NFO,07/01/2020,09:25:09,24,24.35,1200,25.5,1200,0,33600
TECHM30Jan20780PE.NFO,07/01/2020,09:25:10,24,24.35,1200,25.4,1200,0,33600
TECHM30Jan20780PE.NFO,07/01/2020,09:25:11,24,24.45,1200,25.55,1200,0,33600
TECHM30Jan20780PE.NFO,07/01/2020,09:25:27,24,24.45,1200,25.65,2400,0,33600
TECHM30Jan20780PE.NFO,07/01/2020,09:25:34,24,24.55,1200,25.75,2400,0,33600
TECHM30Jan20780PE.NFO,07/01/2020,09:25:41,24,24.55,1200,26.15,6000,0,33600
TECHM30Jan20780PE.NFO,07/01/2020,09:25:51,24,25.05,1200,26.15,1200,0,33600
TECHM30Jan20780PE.NFO,07/01/2020,09:26:04,24,25.8,1200,26.95,1200,0,33600
TECHM30Jan20780PE.NFO,07/01/2020,09:26:13,24,26,1200,27,1200,0,33600
TECHM30Jan20780PE.NFO,07/01/2020,09:26:20,24,26,1200,26.95,1200,0,33600
TECHM30Jan20780PE.NFO,07/01/2020,09:26:39,24,26,1200,26.85,1200,0,33600
TECHM30Jan20780PE.NFO,07/01/2020,09:26:46,24,26,1200,26.95,3600,0,33600
TECHM30Jan20780PE.NFO,07/01/2020,09:26:52,24,25.55,1200,26.55,1200,0,33600
TECHM30Jan20780PE.NFO,07/01/2020,09:26:57,24,25.6,1200,26.55,1200,0,33600
TECHM30Jan20780PE.NFO,07/01/2020,09:27:08,24,25.6,1200,26.95,6000,0,33600
TECHM30Jan20780PE.NFO,07/01/2020,09:27:19,24,25.6,1200,26.95,8400,0,33600
TECHM30Jan20780PE.NFO,07/01/2020,09:27:26,24,24.85,2400,26.45,1200,0,33600
TECHM30Jan20780PE.NFO,07/01/2020,09:27:32,24,25.3,1200,26.6,2400,0,33600
TECHM30Jan20780PE.NFO,07/01/2020,09:27:39,24,25.3,1200,26.25,2400,0,33600
TECHM30Jan20780PE.NFO,07/01/2020,09:27:44,24,25.3,1200,26.1,1200,0,33600
TECHM30Jan20780PE.NFO,07/01/2020,09:27:50,24,24.95,2400,26.35,2400,0,33600
TECHM30Jan20780PE.NFO,07/01/2020,09:28:02,24,25.25,1200,26.15,1200,0,33600
TECHM30Jan20780PE.NFO,07/01/2020,09:28:12,24,25.25,2400,26.15,1200,0,33600
TECHM30Jan20780PE.NFO,07/01/2020,09:28:13,24,24.75,1200,26.15,1200,0,33600
TECHM30Jan20780PE.NFO,07/01/2020,09:28:14,24,25.2,1200,26.25,1200,0,33600
TECHM30Jan20780PE.NFO,07/01/2020,09:28:15,24,25.3,1200,26.3,1200,0,33600
TECHM30Jan20780PE.NFO,07/01/2020,09:28:16,24,25.3,1200,26.2,1200,0,33600
TECHM30Jan20780PE.NFO,07/01/2020,09:28:18,24,25.35,2400,26.2,1200,0,33600
TECHM30Jan20780PE.NFO,07/01/2020,09:28:22,24,25.4,2400,26.2,1200,0,33600
TECHM30Jan20780PE.NFO,07/01/2020,09:28:26,24,25.4,2400,26.15,1200,0,33600
TECHM30Jan20780PE.NFO,07/01/2020,09:28:27,24,25.4,1200,26.1,1200,0,33600
TECHM30Jan20780PE.NFO,07/01/2020,09:28:28,24,25.4,2400,26.1,1200,0,33600
TECHM30Jan20780PE.NFO,07/01/2020,09:28:30,24,25.3,2400,26.25,1200,0,33600
TECHM30Jan20780PE.NFO,07/01/2020,09:28:31,24,25.3,2400,26.2,1200,0,33600
TECHM30Jan20780PE.NFO,07/01/2020,09:28:37,24,25.3,2400,26.15,1200,0,33600
TECHM30Jan20780PE.NFO,07/01/2020,09:28:39,24,25.3,3600,26.2,1200,0,33600
TECHM30Jan20780PE.NFO,07/01/2020,09:28:40,24,25.3,1200,26.7,2400,0,33600
TECHM30Jan20780PE.NFO,07/01/2020,09:28:41,24,25.3,2400,26.7,2400,0,33600
TECHM30Jan20780PE.NFO,07/01/2020,09:28:42,24,25.3,2400,26.5,2400,0,33600
TECHM30Jan20780PE.NFO,07/01/2020,09:28:43,24,25.3,2400,26.3,1200,0,33600
TECHM30Jan20780PE.NFO,07/01/2020,09:28:44,24,25.3,2400,26.15,1200,0,33600
TECHM30Jan20780PE.NFO,07/01/2020,09:28:53,24,25.3,2400,26.4,3600,0,33600
TECHM30Jan20780PE.NFO,07/01/2020,09:28:54,24,25.3,2400,26.2,1200,0,33600
TECHM30Jan20780PE.NFO,07/01/2020,09:28:55,24,25.3,2400,26.1,1200,0,33600
TECHM30Jan20780PE.NFO,07/01/2020,09:29:05,24,25.25,1200,26.5,1200,0,33600
TECHM30Jan20780PE.NFO,07/01/2020,09:29:06,24,25.25,1200,26.15,1200,0,33600
TECHM30Jan20780PE.NFO,07/01/2020,09:29:07,24,25.3,2400,26.75,10800,0,33600
TECHM30Jan20780PE.NFO,07/01/2020,09:29:09,24,25.3,2400,26.45,2400,0,33600
TECHM30Jan20780PE.NFO,07/01/2020,09:29:10,24,25.3,2400,26.25,1200,0,33600
TECHM30Jan20780PE.NFO,07/01/2020,09:29:10,24,25.3,2400,26.15,1200,0,33600
TECHM30Jan20780PE.NFO,07/01/2020,09:29:11,24,25.3,2400,26.05,1200,0,33600
TECHM30Jan20780PE.NFO,07/01/2020,09:29:14,24,25.3,2400,26.2,1200,0,33600
TECHM30Jan20780PE.NFO,07/01/2020,09:29:20,24,25.15,1200,25.9,1200,0,33600
TECHM30Jan20780PE.NFO,07/01/2020,09:29:26,24,25.2,2400,26.1,1200,0,33600
TECHM30Jan20780PE.NFO,07/01/2020,09:29:33,24,25.3,2400,26.05,1200,0,33600
TECHM30Jan20780PE.NFO,07/01/2020,09:29:39,24,25.25,2400,26.05,1200,0,33600
TECHM30Jan20780PE.NFO,07/01/2020,09:29:45,24,25.2,1200,26.35,1200,0,33600
TECHM30Jan20780PE.NFO,07/01/2020,09:29:51,24,25.35,1200,26.1,1200,0,33600
TECHM30Jan20780PE.NFO,07/01/2020,09:29:56,24,25.3,2400,26.1,1200,0,33600
TECHM30Jan20780PE.NFO,07/01/2020,09:30:01,24,25.3,1200,26,1200,0,33600
TECHM30Jan20780PE.NFO,07/01/2020,09:30:13,24,25.25,1200,26,1200,0,33600
TECHM30Jan20780PE.NFO,07/01/2020,09:30:18,24,25.35,1200,26.45,1200,0,33600
TECHM30Jan20780PE.NFO,07/01/2020,09:30:24,24,25.45,1200,26.2,1200,0,33600
TECHM30Jan20780PE.NFO,07/01/2020,09:30:30,24,25.4,1200,26.2,1200,0,33600
TECHM30Jan20780PE.NFO,07/01/2020,09:30:35,24,25.5,1200,26.15,1200,0,33600
TECHM30Jan20780PE.NFO,07/01/2020,09:30:40,24,25.5,1200,26.1,1200,0,33600
TECHM30Jan20780PE.NFO,07/01/2020,09:30:46,24,25.5,1200,26.2,1200,0,33600
TECHM30Jan20780PE.NFO,07/01/2020,09:30:51,24,25.5,1200,26.15,1200,0,33600
TECHM30Jan20780PE.NFO,07/01/2020,09:30:56,24,25.5,1200,26.5,1200,0,33600
TECHM30Jan20780PE.NFO,07/01/2020,09:31:01,24,25.5,1200,26.2,1200,0,33600
TECHM30Jan20780PE.NFO,07/01/2020,09:31:06,24,25.5,1200,25.9,1200,0,33600
TECHM30Jan20780PE.NFO,07/01/2020,09:31:12,24,25.5,1200,25.85,1200,0,33600
TECHM30Jan20780PE.NFO,07/01/2020,09:31:19,24,25.45,1200,26.25,1200,0,33600
TECHM30Jan20780PE.NFO,07/01/2020,09:31:24,24,25.45,1200,25.9,1200,0,33600
TECHM30Jan20780PE.NFO,07/01/2020,09:31:30,25.4,24.7,1200,26,1200,2400,32400
TECHM30Jan20780PE.NFO,07/01/2020,09:31:30,25.45,24.7,1200,26,1200,0,32400
TECHM30Jan20780PE.NFO,07/01/2020,09:31:36,25.4,24.8,1200,25.45,1200,0,32400
TECHM30Jan20780PE.NFO,07/01/2020,09:31:42,25.4,24.9,1200,25.8,1200,0,32400
TECHM30Jan20780PE.NFO,07/01/2020,09:31:47,24.85,24.8,1200,25.45,2400,1200,32400
TECHM30Jan20780PE.NFO,07/01/2020,09:31:52,24.85,24.7,1200,25.15,1200,0,32400
TECHM30Jan20780PE.NFO,07/01/2020,09:31:58,24.85,24.3,3600,25.45,1200,0,32400
TECHM30Jan20780PE.NFO,07/01/2020,09:32:05,24.3,24.1,1200,24.95,1200,1200,32400
TECHM30Jan20780PE.NFO,07/01/2020,09:32:12,24.3,24.05,2400,25.1,1200,0,32400
TECHM30Jan20780PE.NFO,07/01/2020,09:32:18,24.3,24.05,1200,24.7,1200,0,32400
TECHM30Jan20780PE.NFO,07/01/2020,09:32:25,24.3,24.05,1200,24.9,2400,0,32400
TECHM30Jan20780PE.NFO,07/01/2020,09:32:32,24.3,24.05,1200,24.7,1200,0,32400
TECHM30Jan20780PE.NFO,07/01/2020,09:32:38,24.3,24,1200,24.55,1200,0,32400
TECHM30Jan20780PE.NFO,07/01/2020,09:32:51,24.3,24,2400,25.4,2400,0,32400
TECHM30Jan20780PE.NFO,07/01/2020,09:32:56,24.3,24,2400,25.35,3600,0,32400
TECHM30Jan20780PE.NFO,07/01/2020,09:33:02,24.3,24,2400,24.85,1200,0,32400
TECHM30Jan20780PE.NFO,07/01/2020,09:33:14,24.3,24,2400,24.65,1200,0,32400
TECHM30Jan20780PE.NFO,07/01/2020,09:33:27,24.3,24,2400,25.2,1200,0,32400
TECHM30Jan20780PE.NFO,07/01/2020,09:33:33,24.3,24,1200,25.35,1200,0,32400
TECHM30Jan20780PE.NFO,07/01/2020,09:33:38,24.3,24,1200,25.4,1200,0,32400
TECHM30Jan20780PE.NFO,07/01/2020,09:33:44,24.3,24,1200,25.25,1200,0,32400
TECHM30Jan20780PE.NFO,07/01/2020,09:33:49,24.3,24,1200,25.4,1200,0,32400
TECHM30Jan20780PE.NFO,07/01/2020,09:33:54,24.3,24,1200,25.45,2400,0,32400
TECHM30Jan20780PE.NFO,07/01/2020,09:34:00,24.3,24,1200,25.45,1200,0,32400
TECHM30Jan20780PE.NFO,07/01/2020,09:34:05,24.3,24,1200,25.5,1200,0,32400
TECHM30Jan20780PE.NFO,07/01/2020,09:34:11,24.3,24,1200,25.65,1200,0,32400
TECHM30Jan20780PE.NFO,07/01/2020,09:34:17,24.3,24.1,1200,25.6,1200,0,32400
TECHM30Jan20780PE.NFO,07/01/2020,09:34:22,24.3,24.1,1200,25.45,2400,0,32400
TECHM30Jan20780PE.NFO,07/01/2020,09:34:29,24.3,24.1,1200,25.35,1200,0,32400
TECHM30Jan20780PE.NFO,07/01/2020,09:34:35,24.3,24.1,1200,25.55,1200,0,32400
TECHM30Jan20780PE.NFO,07/01/2020,09:34:41,24.3,24.1,1200,25.2,1200,0,32400
TECHM30Jan20780PE.NFO,07/01/2020,09:34:48,24.3,24.1,1200,25.3,1200,0,32400
TECHM30Jan20780PE.NFO,07/01/2020,09:34:53,24.3,24.1,1200,25.25,2400,0,32400
TECHM30Jan20780PE.NFO,07/01/2020,09:34:58,24.3,24.1,1200,25.45,2400,0,32400
TECHM30Jan20780PE.NFO,07/01/2020,09:35:04,24.3,24.1,1200,25.1,1200,0,32400
TECHM30Jan20780PE.NFO,07/01/2020,09:35:09,24.3,24.1,1200,25.4,1200,0,32400
TECHM30Jan20780PE.NFO,07/01/2020,09:35:15,24.3,24.1,1200,25.15,1200,0,32400
TECHM30Jan20780PE.NFO,07/01/2020,09:35:20,24.3,24.1,1200,25.2,1200,0,32400
TECHM30Jan20780PE.NFO,07/01/2020,09:35:25,24.3,24.1,1200,25.45,2400,0,32400
TECHM30Jan20780PE.NFO,07/01/2020,09:35:31,24.3,24.1,1200,25.5,1200,0,32400
TECHM30Jan20780PE.NFO,07/01/2020,09:35:37,24.3,24.2,1200,25.6,1200,0,32400
TECHM30Jan20780PE.NFO,07/01/2020,09:35:45,24.3,24.2,1200,25.45,1200,0,32400
TECHM30Jan20780PE.NFO,07/01/2020,09:35:53,24.3,24.3,1200,25.5,1200,0,32400
TECHM30Jan20780PE.NFO,07/01/2020,09:36:01,24.3,24.5,1200,25.8,1200,0,32400
TECHM30Jan20780PE.NFO,07/01/2020,09:36:07,24.3,24.5,1200,25.9,1200,0,32400
TECHM30Jan20780PE.NFO,07/01/2020,09:36:13,24.3,24.5,1200,25.75,1200,0,32400
TECHM30Jan20780PE.NFO,07/01/2020,09:36:19,24.3,24.5,1200,25.8,1200,0,32400
TECHM30Jan20780PE.NFO,07/01/2020,09:36:25,24.3,24.7,1200,25.9,1200,0,32400
TECHM30Jan20780PE.NFO,07/01/2020,09:36:31,24.3,24.8,1200,26.05,1200,0,32400
TECHM30Jan20780PE.NFO,07/01/2020,09:36:36,24.3,24.8,1200,25.95,1200,0,32400
TECHM30Jan20780PE.NFO,07/01/2020,09:36:42,24.3,24.8,1200,26,1200,0,32400
TECHM30Jan20780PE.NFO,07/01/2020,09:36:47,24.3,24.8,1200,25.9,1200,0,32400
TECHM30Jan20780PE.NFO,07/01/2020,09:36:52,24.3,24.8,1200,26.25,2400,0,32400
TECHM30Jan20780PE.NFO,07/01/2020,09:36:58,24.3,24.9,1200,26.1,2400,0,32400
TECHM30Jan20780PE.NFO,07/01/2020,09:37:04,24.3,24.9,1200,26,1200,0,32400
TECHM30Jan20780PE.NFO,07/01/2020,09:37:09,24.3,24.9,1200,25.9,1200,0,32400
TECHM30Jan20780PE.NFO,07/01/2020,09:37:14,24.3,25,1200,26.45,1200,0,32400
TECHM30Jan20780PE.NFO,07/01/2020,09:37:20,24.3,25,1200,26.05,1200,0,32400
TECHM30Jan20780PE.NFO,07/01/2020,09:37:24,24.3,25,1200,25.95,1200,0,32400
TECHM30Jan20780PE.NFO,07/01/2020,09:37:29,24.3,25,1200,25.85,1200,0,32400
TECHM30Jan20780PE.NFO,07/01/2020,09:37:40,24.3,25,1200,26.2,1200,0,32400
TECHM30Jan20780PE.NFO,07/01/2020,09:37:45,24.3,25,1200,26.05,1200,0,32400
TECHM30Jan20780PE.NFO,07/01/2020,09:37:50,24.3,25,1200,25.95,1200,0,32400
TECHM30Jan20780PE.NFO,07/01/2020,09:37:54,24.3,25.1,1200,26.8,1200,0,32400
TECHM30Jan20780PE.NFO,07/01/2020,09:37:59,24.3,25.1,1200,26.65,2400,0,32400
TECHM30Jan20780PE.NFO,07/01/2020,09:38:04,24.3,25.3,1200,26.6,1200,0,32400
TECHM30Jan20780PE.NFO,07/01/2020,09:38:10,24.3,25.4,1200,26.7,1200,0,32400
TECHM30Jan20780PE.NFO,07/01/2020,09:38:15,24.3,25.4,1200,26.9,3600,0,32400
TECHM30Jan20780PE.NFO,07/01/2020,09:38:20,24.3,25.4,1200,26.65,1200,0,32400
TECHM30Jan20780PE.NFO,07/01/2020,09:38:29,24.3,25.4,1200,26.85,3600,0,32400
TECHM30Jan20780PE.NFO,07/01/2020,09:38:34,24.3,25.4,1200,26.65,1200,0,32400
TECHM30Jan20780PE.NFO,07/01/2020,09:38:43,24.3,25.5,1200,26.85,1200,0,32400
TECHM30Jan20780PE.NFO,07/01/2020,09:38:48,24.3,25.9,1200,26.95,1200,0,32400
TECHM30Jan20780PE.NFO,07/01/2020,09:38:54,24.3,25.9,1200,26.9,2400,0,32400
TECHM30Jan20780PE.NFO,07/01/2020,09:38:59,24.3,25.9,1200,26.65,1200,0,32400
TECHM30Jan20780PE.NFO,07/01/2020,09:39:04,24.3,25.85,1200,26.55,1200,0,32400
TECHM30Jan20780PE.NFO,07/01/2020,09:39:14,24.3,25.85,1200,26.7,1200,0,32400
TECHM30Jan20780PE.NFO,07/01/2020,09:39:19,24.3,25.85,1200,26.8,1200,0,32400
TECHM30Jan20780PE.NFO,07/01/2020,09:39:25,24.3,25.85,1200,26.9,1200,0,32400
TECHM30Jan20780PE.NFO,07/01/2020,09:39:30,24.3,25.85,1200,26.7,1200,0,32400
TECHM30Jan20780PE.NFO,07/01/2020,09:39:35,24.3,25.85,1200,26.65,1200,0,32400
TECHM30Jan20780PE.NFO,07/01/2020,09:39:40,24.3,25.85,1200,26.6,1200,0,32400
TECHM30Jan20780PE.NFO,07/01/2020,09:39:45,24.3,25.85,1200,26.9,1200,0,32400
TECHM30Jan20780PE.NFO,07/01/2020,09:39:51,24.3,25.85,1200,26.8,1200,0,32400
TECHM30Jan20780PE.NFO,07/01/2020,09:39:56,24.3,25.85,1200,26.85,1200,0,32400
TECHM30Jan20780PE.NFO,07/01/2020,09:40:01,24.3,25.85,1200,26.95,1200,0,32400
TECHM30Jan20780PE.NFO,07/01/2020,09:40:07,24.3,25.85,1200,26.8,1200,0,32400
TECHM30Jan20780PE.NFO,07/01/2020,09:40:13,24.3,25.85,1200,26.55,1200,0,32400
TECHM30Jan20780PE.NFO,07/01/2020,09:40:19,24.3,25,1200,26.5,1200,0,32400
TECHM30Jan20780PE.NFO,07/01/2020,09:40:25,24.3,25.15,2400,26.7,1200,0,32400
TECHM30Jan20780PE.NFO,07/01/2020,09:40:31,24.3,25.25,2400,26.7,1200,0,32400
TECHM30Jan20780PE.NFO,07/01/2020,09:40:37,24.3,25.35,2400,26.65,1200,0,32400
TECHM30Jan20780PE.NFO,07/01/2020,09:40:42,24.3,25.45,2400,26.6,1200,0,32400
TECHM30Jan20780PE.NFO,07/01/2020,09:40:48,24.3,24.8,6000,26.55,1200,0,32400
TECHM30Jan20780PE.NFO,07/01/2020,09:40:53,24.3,24.9,2400,26.6,1200,0,32400
TECHM30Jan20780PE.NFO,07/01/2020,09:40:58,24.3,25,2400,26.6,1200,0,32400
TECHM30Jan20780PE.NFO,07/01/2020,09:41:04,24.3,25.1,2400,26.8,1200,0,32400
TECHM30Jan20780PE.NFO,07/01/2020,09:41:10,24.3,25.2,2400,26.5,1200,0,32400
TECHM30Jan20780PE.NFO,07/01/2020,09:41:15,24.3,25.35,1200,26.55,1200,0,32400
TECHM30Jan20780PE.NFO,07/01/2020,09:41:20,24.3,25.4,2400,26.8,1200,0,32400
TECHM30Jan20780PE.NFO,07/01/2020,09:41:25,24.3,25.5,2400,26.65,1200,0,32400
TECHM30Jan20780PE.NFO,07/01/2020,09:41:31,24.3,25.6,2400,26.85,1200,0,32400
TECHM30Jan20780PE.NFO,07/01/2020,09:41:35,24.3,25.2,2400,26.9,1200,0,32400
TECHM30Jan20780PE.NFO,07/01/2020,09:41:40,24.3,25.35,1200,26.7,1200,0,32400
TECHM30Jan20780PE.NFO,07/01/2020,09:41:45,24.3,25.45,1200,26.9,1200,0,32400
TECHM30Jan20780PE.NFO,07/01/2020,09:41:50,24.3,25.55,1200,26.7,1200,0,32400
TECHM30Jan20780PE.NFO,07/01/2020,09:41:57,27.4,26.7,2400,27.45,1200,4800,36000
TECHM30Jan20780PE.NFO,07/01/2020,09:41:57,27.4,26.7,2400,27.45,1200,0,36000
TECHM30Jan20780PE.NFO,07/01/2020,09:42:05,27.4,26.7,1200,27.45,1200,1200,36000
TECHM30Jan20780PE.NFO,07/01/2020,09:42:12,27.4,26.65,1200,27.45,1200,0,36000
TECHM30Jan20780PE.NFO,07/01/2020,09:42:19,27.4,26.8,1200,27.55,2400,0,36000
TECHM30Jan20780PE.NFO,07/01/2020,09:42:25,26.65,26.65,1200,27.45,1200,1200,36000
TECHM30Jan20780PE.NFO,07/01/2020,09:42:32,26.65,26.45,1200,27.45,1200,0,36000
TECHM30Jan20780PE.NFO,07/01/2020,09:42:40,26.65,26.55,1200,27.45,1200,0,36000
TECHM30Jan20780PE.NFO,07/01/2020,09:42:53,26.65,26.05,4800,27.45,2400,0,36000
TECHM30Jan20780PE.NFO,07/01/2020,09:43:05,26.65,26.05,4800,27.85,2400,0,36000
TECHM30Jan20780PE.NFO,07/01/2020,09:43:10,26.65,25.6,3600,27.15,1200,0,36000
TECHM30Jan20780PE.NFO,07/01/2020,09:43:15,26.65,25.6,4800,27.5,1200,0,36000
TECHM30Jan20780PE.NFO,07/01/2020,09:43:20,26.65,25.45,2400,27,2400,0,36000
TECHM30Jan20780PE.NFO,07/01/2020,09:43:25,26.65,25.8,1200,26.9,1200,0,36000
TECHM30Jan20780PE.NFO,07/01/2020,09:43:31,26.65,25.05,3600,26.6,1200,0,36000
TECHM30Jan20780PE.NFO,07/01/2020,09:43:36,26.65,24.6,1200,26.1,1200,0,36000
TECHM30Jan20780PE.NFO,07/01/2020,09:43:41,26.65,25.05,1200,26.25,1200,0,36000
TECHM30Jan20780PE.NFO,07/01/2020,09:43:46,26.65,24.5,4800,26.15,1200,0,36000
TECHM30Jan20780PE.NFO,07/01/2020,09:43:51,26.65,24.9,1200,26.05,2400,0,36000
TECHM30Jan20780PE.NFO,07/01/2020,09:43:57,26.65,24.5,1200,26.05,2400,0,36000
TECHM30Jan20780PE.NFO,07/01/2020,09:44:03,26.65,24.75,1200,25.95,1200,0,36000
TECHM30Jan20780PE.NFO,07/01/2020,09:44:09,26.65,25,1200,25.85,2400,0,36000
TECHM30Jan20780PE.NFO,07/01/2020,09:44:12,26.65,25.05,1200,25.85,1200,0,36000
TECHM30Jan20780PE.NFO,07/01/2020,09:44:15,26.65,24.35,4800,25.85,2400,0,36000
TECHM30Jan20780PE.NFO,07/01/2020,09:44:16,26.65,24.45,1200,25.85,2400,0,36000
TECHM30Jan20780PE.NFO,07/01/2020,09:44:17,26.65,24.6,2400,25.85,2400,0,36000
TECHM30Jan20780PE.NFO,07/01/2020,09:44:18,26.65,24.7,1200,25.85,2400,0,36000
TECHM30Jan20780PE.NFO,07/01/2020,09:44:19,26.65,24.75,3600,25.85,2400,0,36000
TECHM30Jan20780PE.NFO,07/01/2020,09:44:19,26.65,24.75,3600,25.8,1200,0,36000
TECHM30Jan20780PE.NFO,07/01/2020,09:44:20,26.65,24.8,1200,26.5,3600,0,36000
TECHM30Jan20780PE.NFO,07/01/2020,09:44:21,26.65,24.85,1200,26.3,1200,0,36000
TECHM30Jan20780PE.NFO,07/01/2020,09:44:22,26.65,24.95,1200,26.1,1200,0,36000
TECHM30Jan20780PE.NFO,07/01/2020,09:44:23,26.65,24.85,3600,25.95,1200,0,36000
TECHM30Jan20780PE.NFO,07/01/2020,09:44:24,26.65,24.9,1200,26.65,4800,0,36000
TECHM30Jan20780PE.NFO,07/01/2020,09:44:25,26.65,24.95,1200,26.45,1200,0,36000
TECHM30Jan20780PE.NFO,07/01/2020,09:44:26,26.65,25,1200,26.25,1200,0,36000
TECHM30Jan20780PE.NFO,07/01/2020,09:44:27,26.65,24.95,2400,26.15,1200,0,36000
TECHM30Jan20780PE.NFO,07/01/2020,09:44:28,26.65,25,1200,26.05,1200,0,36000
TECHM30Jan20780PE.NFO,07/01/2020,09:44:29,26.65,24.35,4800,26,1200,0,36000
TECHM30Jan20780PE.NFO,07/01/2020,09:44:30,26.65,24.55,1200,26.55,4800,0,36000
TECHM30Jan20780PE.NFO,07/01/2020,09:44:31,26.65,24.7,1200,26.35,1200,0,36000
TECHM30Jan20780PE.NFO,07/01/2020,09:44:32,26.65,24.85,2400,26.15,1200,0,36000
TECHM30Jan20780PE.NFO,07/01/2020,09:44:33,26.65,24.9,1200,26.05,1200,0,36000
TECHM30Jan20780PE.NFO,07/01/2020,09:44:34,26.65,25.05,1200,27.1,3600,0,36000
TECHM30Jan20780PE.NFO,07/01/2020,09:44:35,26.65,25,2400,26.9,1200,0,36000
TECHM30Jan20780PE.NFO,07/01/2020,09:44:36,26.65,25.1,2400,26.6,1200,0,36000
TECHM30Jan20780PE.NFO,07/01/2020,09:44:37,26.65,25.15,1200,26.5,1200,0,36000
TECHM30Jan20780PE.NFO,07/01/2020,09:44:38,26.65,24.45,4800,26.4,1200,0,36000
TECHM30Jan20780PE.NFO,07/01/2020,09:44:39,26.65,24.65,1200,26.3,1200,0,36000
TECHM30Jan20780PE.NFO,07/01/2020,09:44:40,26.65,24.85,1200,26.25,1200,0,36000
TECHM30Jan20780PE.NFO,07/01/2020,09:44:41,26.65,25,1200,26.65,3600,0,36000
TECHM30Jan20780PE.NFO,07/01/2020,09:44:42,26.65,25.15,2400,26.45,1200,0,36000
TECHM30Jan20780PE.NFO,07/01/2020,09:44:43,26.65,25.2,1200,26.35,1200,0,36000
TECHM30Jan20780PE.NFO,07/01/2020,09:44:44,26.65,25.3,1200,26.2,1200,0,36000
TECHM30Jan20780PE.NFO,07/01/2020,09:44:45,26.65,25.3,1200,27.1,4800,0,36000
TECHM30Jan20780PE.NFO,07/01/2020,09:44:46,26.65,25.25,1200,26.9,1200,0,36000
TECHM30Jan20780PE.NFO,07/01/2020,09:44:48,26.65,25.3,1200,26.7,1200,0,36000
TECHM30Jan20780PE.NFO,07/01/2020,09:44:48,26.65,25.3,1200,26.5,1200,0,36000
TECHM30Jan20780PE.NFO,07/01/2020,09:44:49,26.65,25.3,1200,26.4,1200,0,36000
TECHM30Jan20780PE.NFO,07/01/2020,09:44:51,26.65,25.3,1200,26.35,1200,0,36000
TECHM30Jan20780PE.NFO,07/01/2020,09:44:51,26.65,25.3,1200,26.45,1200,0,36000
TECHM30Jan20780PE.NFO,07/01/2020,09:44:53,26.65,25.3,1200,26.45,2400,0,36000
TECHM30Jan20780PE.NFO,07/01/2020,09:44:54,26.65,25.35,1200,26.45,2400,0,36000
TECHM30Jan20780PE.NFO,07/01/2020,09:44:55,26.65,25.4,1200,26.4,1200,0,36000
TECHM30Jan20780PE.NFO,07/01/2020,09:44:56,26.65,25.3,1200,26.3,1200,0,36000
TECHM30Jan20780PE.NFO,07/01/2020,09:44:58,26.65,25.3,1200,26.85,3600,0,36000
TECHM30Jan20780PE.NFO,07/01/2020,09:44:58,26.65,25.35,1200,26.75,1200,0,36000
TECHM30Jan20780PE.NFO,07/01/2020,09:44:59,26.65,25.4,1200,26.65,1200,0,36000
TECHM30Jan20780PE.NFO,07/01/2020,09:45:00,26.65,25.4,1200,26.55,1200,0,36000
TECHM30Jan20780PE.NFO,07/01/2020,09:45:02,26.65,25.4,1200,26.45,1200,0,36000
TECHM30Jan20780PE.NFO,07/01/2020,09:45:02,26.65,25.4,1200,26.4,1200,0,36000
TECHM30Jan20780PE.NFO,07/01/2020,09:45:04,26.65,25.4,1200,26.6,1200,0,36000
TECHM30Jan20780PE.NFO,07/01/2020,09:45:04,26.65,25.4,1200,26.5,1200,0,36000
TECHM30Jan20780PE.NFO,07/01/2020,09:45:05,26.65,25.4,1200,26.4,1200,0,36000
TECHM30Jan20780PE.NFO,07/01/2020,09:45:06,26.65,25.4,1200,26.35,1200,0,36000
TECHM30Jan20780PE.NFO,07/01/2020,09:45:07,26.65,25.4,1200,26.6,3600,0,36000
TECHM30Jan20780PE.NFO,07/01/2020,09:45:08,26.65,25.4,1200,26.5,1200,0,36000
TECHM30Jan20780PE.NFO,07/01/2020,09:45:09,26.65,25.4,1200,26.35,1200,0,36000
TECHM30Jan20780PE.NFO,07/01/2020,09:45:10,26.65,25.4,1200,26.5,1200,0,36000
TECHM30Jan20780PE.NFO,07/01/2020,09:45:11,26.65,25.4,1200,26.4,1200,0,36000
TECHM30Jan20780PE.NFO,07/01/2020,09:45:13,26.65,25.4,1200,26.5,1200,0,36000
TECHM30Jan20780PE.NFO,07/01/2020,09:45:21,26.65,25.5,1200,26.5,1200,0,36000
TECHM30Jan20780PE.NFO,07/01/2020,09:45:27,26.65,25.55,2400,26.45,1200,0,36000
TECHM30Jan20780PE.NFO,07/01/2020,09:45:33,26.65,25.5,1200,26.65,1200,0,36000
TECHM30Jan20780PE.NFO,07/01/2020,09:45:38,26.65,25.3,1200,26.4,1200,0,36000
TECHM30Jan20780PE.NFO,07/01/2020,09:45:43,26.65,24.9,1200,26.5,1200,0,36000
TECHM30Jan20780PE.NFO,07/01/2020,09:45:49,26.65,25.25,1200,26.25,1200,0,36000
TECHM30Jan20780PE.NFO,07/01/2020,09:45:54,26.65,24.9,1200,26.55,1200,0,36000
TECHM30Jan20780PE.NFO,07/01/2020,09:46:00,26.65,25.05,3600,26.35,1200,0,36000
TECHM30Jan20780PE.NFO,07/01/2020,09:46:06,26.65,25.4,1200,26.4,1200,0,36000
TECHM30Jan20780PE.NFO,07/01/2020,09:46:11,26.65,24.65,4800,26.5,1200,0,36000
TECHM30Jan20780PE.NFO,07/01/2020,09:46:16,26.65,25.1,2400,26.6,1200,0,36000
TECHM30Jan20780PE.NFO,07/01/2020,09:46:21,26.65,25.3,3600,26.35,1200,0,36000
TECHM30Jan20780PE.NFO,07/01/2020,09:46:32,26.65,25.5,1200,26.55,1200,0,36000
TECHM30Jan20780PE.NFO,07/01/2020,09:46:39,26.65,25.6,2400,27.05,1200,0,36000
TECHM30Jan20780PE.NFO,07/01/2020,09:46:44,26.65,25.65,1200,27.05,3600,0,36000
TECHM30Jan20780PE.NFO,07/01/2020,09:46:50,26.65,25.1,7200,26.9,1200,0,36000
TECHM30Jan20780PE.NFO,07/01/2020,09:46:55,26.65,25.6,1200,27.05,1200,0,36000
TECHM30Jan20780PE.NFO,07/01/2020,09:47:00,26.65,25.7,1200,27,2400,0,36000
TECHM30Jan20780PE.NFO,07/01/2020,09:47:05,26.65,25.85,2400,27,2400,0,36000
TECHM30Jan20780PE.NFO,07/01/2020,09:47:10,26.65,25.3,6000,27.55,1200,0,36000
TECHM30Jan20780PE.NFO,07/01/2020,09:47:15,26.65,25.45,1200,27,1200,0,36000
TECHM30Jan20780PE.NFO,07/01/2020,09:47:20,26.65,25.8,3600,27.4,2400,0,36000
TECHM30Jan20780PE.NFO,07/01/2020,09:47:24,26.65,25.9,1200,27.05,1200,0,36000
TECHM30Jan20780PE.NFO,07/01/2020,09:47:29,26.65,25.9,1200,26.9,1200,0,36000
TECHM30Jan20780PE.NFO,07/01/2020,09:47:34,26.65,25.9,1200,26.95,1200,0,36000
TECHM30Jan20780PE.NFO,07/01/2020,09:47:42,26.65,25.4,1200,26.85,1200,0,36000
TECHM30Jan20780PE.NFO,07/01/2020,09:47:47,26.65,25.55,1200,26.85,2400,0,36000
TECHM30Jan20780PE.NFO,07/01/2020,09:47:51,26.65,25.3,3600,27.2,1200,0,36000
TECHM30Jan20780PE.NFO,07/01/2020,09:47:56,26.65,25.65,1200,27.05,1200,0,36000
TECHM30Jan20780PE.NFO,07/01/2020,09:48:01,26.65,25.5,1200,27.4,1200,0,36000
TECHM30Jan20780PE.NFO,07/01/2020,09:48:06,26.65,25.55,2400,26.85,1200,0,36000
TECHM30Jan20780PE.NFO,07/01/2020,09:48:10,26.65,25.8,2400,26.95,1200,0,36000
TECHM30Jan20780PE.NFO,07/01/2020,09:48:15,26.65,25.9,2400,27,1200,0,36000
TECHM30Jan20780PE.NFO,07/01/2020,09:48:20,26.65,25.3,6000,27.2,1200,0,36000
TECHM30Jan20780PE.NFO,07/01/2020,09:48:25,26.65,25.75,1200,27.4,1200,0,36000
TECHM30Jan20780PE.NFO,07/01/2020,09:48:31,26.65,26.05,2400,27.3,1200,0,36000
TECHM30Jan20780PE.NFO,07/01/2020,09:48:37,26.65,25.8,1200,27.45,1200,0,36000
TECHM30Jan20780PE.NFO,07/01/2020,09:48:43,26.65,26.05,2400,27.45,1200,0,36000
TECHM30Jan20780PE.NFO,07/01/2020,09:48:49,26.65,25.55,1200,27.45,1200,0,36000
TECHM30Jan20780PE.NFO,07/01/2020,09:48:55,26.65,25.75,1200,27.05,1200,0,36000
TECHM30Jan20780PE.NFO,07/01/2020,09:49:01,26.65,25.9,1200,26.95,1200,0,36000
TECHM30Jan20780PE.NFO,07/01/2020,09:49:08,26.65,25.55,3600,27.25,1200,0,36000
TECHM30Jan20780PE.NFO,07/01/2020,09:49:12,26.65,25.75,1200,27.1,1200,0,36000
TECHM30Jan20780PE.NFO,07/01/2020,09:49:13,26.65,25.75,1200,26.9,1200,0,36000
TECHM30Jan20780PE.NFO,07/01/2020,09:49:18,26.65,25.75,1200,26.8,1200,0,36000
TECHM30Jan20780PE.NFO,07/01/2020,09:49:18,26.65,25.15,1200,26.9,1200,0,36000
TECHM30Jan20780PE.NFO,07/01/2020,09:49:19,26.65,25.35,1200,27.45,4800,0,36000
TECHM30Jan20780PE.NFO,07/01/2020,09:49:20,26.65,25.5,2400,27.25,1200,0,36000
TECHM30Jan20780PE.NFO,07/01/2020,09:49:21,26.65,25.5,3600,27.15,1200,0,36000
TECHM30Jan20780PE.NFO,07/01/2020,09:49:23,26.65,25.7,1200,26.85,1200,0,36000
TECHM30Jan20780PE.NFO,07/01/2020,09:49:24,26.65,25.75,2400,26.8,1200,0,36000
TECHM30Jan20780PE.NFO,07/01/2020,09:49:25,26.65,25.8,1200,26.8,1200,0,36000
TECHM30Jan20780PE.NFO,07/01/2020,09:49:26,26.65,25.8,2400,27,2400,0,36000
TECHM30Jan20780PE.NFO,07/01/2020,09:49:27,26.65,25.8,1200,26.85,1200,0,36000
TECHM30Jan20780PE.NFO,07/01/2020,09:49:28,26.65,25.9,1200,26.95,1200,0,36000
TECHM30Jan20780PE.NFO,07/01/2020,09:49:29,26.65,25.25,7200,27.65,4800,0,36000
TECHM30Jan20780PE.NFO,07/01/2020,09:49:30,26.65,25.4,1200,27.65,3600,0,36000
TECHM30Jan20780PE.NFO,07/01/2020,09:49:31,26.65,25.6,1200,27.45,1200,0,36000
TECHM30Jan20780PE.NFO,07/01/2020,09:49:32,26.65,25.75,3600,27.25,1200,0,36000
TECHM30Jan20780PE.NFO,07/01/2020,09:49:33,26.65,25.85,2400,27.15,1200,0,36000
TECHM30Jan20780PE.NFO,07/01/2020,09:49:34,26.65,25.95,1200,27.3,2400,0,36000
TECHM30Jan20780PE.NFO,07/01/2020,09:49:36,26.65,26,1200,27.2,1200,0,36000
TECHM30Jan20780PE.NFO,07/01/2020,09:49:37,26.65,25.25,4800,27.05,1200,0,36000
TECHM30Jan20780PE.NFO,07/01/2020,09:49:38,26.65,25.3,1200,27.8,4800,0,36000
TECHM30Jan20780PE.NFO,07/01/2020,09:49:39,26.65,25.6,1200,27.6,1200,0,36000
TECHM30Jan20780PE.NFO,07/01/2020,09:49:40,26.65,25.7,1200,27.4,1200,0,36000
TECHM30Jan20780PE.NFO,07/01/2020,09:49:41,26.65,25.75,1200,27.3,1200,0,36000
TECHM30Jan20780PE.NFO,07/01/2020,09:49:42,26.65,25.8,1200,27.2,1200,0,36000
TECHM30Jan20780PE.NFO,07/01/2020,09:49:43,26.65,25.8,1200,27.1,1200,0,36000
TECHM30Jan20780PE.NFO,07/01/2020,09:49:45,26.65,25.35,1200,26.95,1200,0,36000
TECHM30Jan20780PE.NFO,07/01/2020,09:49:46,26.65,25.55,1200,26.95,1200,0,36000
TECHM30Jan20780PE.NFO,07/01/2020,09:49:48,26.65,25.65,3600,27.55,1200,0,36000
TECHM30Jan20780PE.NFO,07/01/2020,09:49:49,26.65,25.75,3600,27.35,1200,0,36000
TECHM30Jan20780PE.NFO,07/01/2020,09:49:49,26.65,25.8,1200,27.25,1200,0,36000
TECHM30Jan20780PE.NFO,07/01/2020,09:49:50,26.65,25.8,2400,27.15,1200,0,36000
TECHM30Jan20780PE.NFO,07/01/2020,09:49:51,26.65,25.9,1200,27.05,1200,0,36000
TECHM30Jan20780PE.NFO,07/01/2020,09:49:52,26.65,25.9,1200,27.3,1200,0,36000
TECHM30Jan20780PE.NFO,07/01/2020,09:49:53,26.65,25.9,1200,27.2,1200,0,36000
TECHM30Jan20780PE.NFO,07/01/2020,09:49:54,26.65,25.1,4800,27.1,1200,0,36000
TECHM30Jan20780PE.NFO,07/01/2020,09:49:55,26.65,25.2,1200,27,1200,0,36000
TECHM30Jan20780PE.NFO,07/01/2020,09:49:56,26.65,25.45,3600,26.85,1200,0,36000
TECHM30Jan20780PE.NFO,07/01/2020,09:49:57,26.65,25.55,3600,27.15,3600,0,36000
TECHM30Jan20780PE.NFO,07/01/2020,09:49:59,26.65,25.65,3600,27.05,1200,0,36000
TECHM30Jan20780PE.NFO,07/01/2020,09:50:00,26.65,25.7,1200,26.95,1200,0,36000
TECHM30Jan20780PE.NFO,07/01/2020,09:50:01,26.65,25.7,1200,26.85,1200,0,36000
TECHM30Jan20780PE.NFO,07/01/2020,09:50:02,26.65,25.7,1200,26.8,1200,0,36000
TECHM30Jan20780PE.NFO,07/01/2020,09:50:03,26.65,25.7,1200,26.95,1200,0,36000
TECHM30Jan20780PE.NFO,07/01/2020,09:50:04,26.65,25.7,1200,26.85,1200,0,36000
TECHM30Jan20780PE.NFO,07/01/2020,09:50:05,26.65,25.7,1200,26.8,1200,0,36000
TECHM30Jan20780PE.NFO,07/01/2020,09:50:05,26.65,25.7,1200,26.9,2400,0,36000
TECHM30Jan20780PE.NFO,07/01/2020,09:50:06,26.65,25.75,1200,26.95,1200,0,36000
TECHM30Jan20780PE.NFO,07/01/2020,09:50:07,26.65,25.85,1200,27.55,6000,0,36000
TECHM30Jan20780PE.NFO,07/01/2020,09:50:08,26.65,25.9,2400,27.35,2400,0,36000
TECHM30Jan20780PE.NFO,07/01/2020,09:50:09,26.65,25.95,1200,27.15,1200,0,36000
TECHM30Jan20780PE.NFO,07/01/2020,09:50:10,26.65,25.95,1200,27.05,1200,0,36000
TECHM30Jan20780PE.NFO,07/01/2020,09:50:17,26.65,25.45,1200,26.9,1200,0,36000
TECHM30Jan20780PE.NFO,07/01/2020,09:50:22,26.65,25.8,1200,26.95,1200,0,36000
TECHM30Jan20780PE.NFO,07/01/2020,09:50:27,26.65,25.6,2400,26.95,1200,0,36000
TECHM30Jan20780PE.NFO,07/01/2020,09:50:31,26.65,25.2,1200,26.85,1200,0,36000
TECHM30Jan20780PE.NFO,07/01/2020,09:50:35,26.65,25.55,2400,26.85,1200,0,36000
TECHM30Jan20780PE.NFO,07/01/2020,09:50:39,26.65,25.7,1200,26.8,1200,0,36000
TECHM30Jan20780PE.NFO,07/01/2020,09:50:44,26.65,25.35,2400,26.65,1200,0,36000
TECHM30Jan20780PE.NFO,07/01/2020,09:50:49,26.65,25.55,3600,27.15,1200,0,36000
TECHM30Jan20780PE.NFO,07/01/2020,09:50:54,26.65,25.05,4800,26.8,1200,0,36000
TECHM30Jan20780PE.NFO,07/01/2020,09:50:58,26.65,25.2,1200,26.7,1200,0,36000
TECHM30Jan20780PE.NFO,07/01/2020,09:51:04,26.65,25.5,1200,26.5,1200,0,36000
TECHM30Jan20780PE.NFO,07/01/2020,09:51:09,26.65,25.5,1200,27.05,1200,0,36000
TECHM30Jan20780PE.NFO,07/01/2020,09:51:14,26.65,25.5,1200,26.55,1200,0,36000
TECHM30Jan20780PE.NFO,07/01/2020,09:51:18,26.65,25.15,1200,26.8,1200,0,36000
TECHM30Jan20780PE.NFO,07/01/2020,09:51:23,26.65,25.35,1200,26.75,1200,0,36000
TECHM30Jan20780PE.NFO,07/01/2020,09:51:35,26.65,25.55,1200,26.8,1200,0,36000
TECHM30Jan20780PE.NFO,07/01/2020,09:51:40,26.65,25.55,1200,26.9,1200,0,36000
TECHM30Jan20780PE.NFO,07/01/2020,09:51:44,26.65,25.35,2400,26.9,1200,0,36000
TECHM30Jan20780PE.NFO,07/01/2020,09:51:49,26.65,25.55,2400,26.85,1200,0,36000
TECHM30Jan20780PE.NFO,07/01/2020,09:51:54,26.65,25.3,1200,26.75,1200,0,36000
TECHM30Jan20780PE.NFO,07/01/2020,09:51:59,26.65,25.55,1200,26.75,1200,0,36000
TECHM30Jan20780PE.NFO,07/01/2020,09:52:04,26.65,25.65,3600,27.35,1200,0,36000
TECHM30Jan20780PE.NFO,07/01/2020,09:52:09,26.65,25.8,2400,27.35,3600,0,36000
TECHM30Jan20780PE.NFO,07/01/2020,09:52:14,26.65,25.35,2400,26.85,1200,0,36000
TECHM30Jan20780PE.NFO,07/01/2020,09:52:19,26.65,25.65,3600,27,1200,0,36000
TECHM30Jan20780PE.NFO,07/01/2020,09:52:24,26.65,25.1,4800,26.95,1200,0,36000
TECHM30Jan20780PE.NFO,07/01/2020,09:52:30,26.65,25.55,3600,26.9,2400,0,36000
TECHM30Jan20780PE.NFO,07/01/2020,09:52:35,26.65,25.65,3600,26.8,1200,0,36000
TECHM30Jan20780PE.NFO,07/01/2020,09:52:40,26.65,25.1,1200,27.15,4800,0,36000
TECHM30Jan20780PE.NFO,07/01/2020,09:52:44,26.65,25.4,1200,26.75,1200,0,36000
TECHM30Jan20780PE.NFO,07/01/2020,09:52:48,26.65,25.05,1200,26.75,1200,0,36000
TECHM30Jan20780PE.NFO,07/01/2020,09:52:53,26.65,25.35,1200,26.6,1200,0,36000
TECHM30Jan20780PE.NFO,07/01/2020,09:52:58,26.65,25.1,1200,26.9,1200,0,36000
TECHM30Jan20780PE.NFO,07/01/2020,09:53:03,26.65,25.2,1200,26.85,2400,0,36000
TECHM30Jan20780PE.NFO,07/01/2020,09:53:09,26.65,24.9,1200,26.25,1200,0,36000
TECHM30Jan20780PE.NFO,07/01/2020,09:53:12,26.65,25,1200,26.65,1200,0,36000
TECHM30Jan20780PE.NFO,07/01/2020,09:53:13,26.65,25,1200,26.55,1200,0,36000
TECHM30Jan20780PE.NFO,07/01/2020,09:53:13,26.65,25,1200,26.35,1200,0,36000
TECHM30Jan20780PE.NFO,07/01/2020,09:53:14,26.65,25,1200,26.25,1200,0,36000
TECHM30Jan20780PE.NFO,07/01/2020,09:53:15,26.65,24.3,4800,26.15,1200,0,36000
TECHM30Jan20780PE.NFO,07/01/2020,09:53:16,26.65,24.3,6000,26.1,1200,0,36000
TECHM30Jan20780PE.NFO,07/01/2020,09:53:17,26.65,24.3,6000,26.7,1200,0,36000
TECHM30Jan20780PE.NFO,07/01/2020,09:53:19,26.65,24.3,6000,26.5,1200,0,36000
TECHM30Jan20780PE.NFO,07/01/2020,09:53:20,26.65,24.3,6000,26.3,1200,0,36000
TECHM30Jan20780PE.NFO,07/01/2020,09:53:21,26.65,24.3,6000,26.1,1200,0,36000
TECHM30Jan20780PE.NFO,07/01/2020,09:53:22,26.65,24.35,1200,26.05,1200,0,36000
TECHM30Jan20780PE.NFO,07/01/2020,09:53:23,26.65,24.55,1200,26.7,3600,0,36000
TECHM30Jan20780PE.NFO,07/01/2020,09:53:23,26.65,24.65,1200,26.6,1200,0,36000
TECHM30Jan20780PE.NFO,07/01/2020,09:53:24,26.65,24.8,3600,26.4,1200,0,36000
TECHM30Jan20780PE.NFO,07/01/2020,09:53:25,26.65,24.95,1200,26.2,1200,0,36000
TECHM30Jan20780PE.NFO,07/01/2020,09:53:26,26.65,24.95,1200,26.15,1200,0,36000
TECHM30Jan20780PE.NFO,07/01/2020,09:53:27,26.65,25,1200,26.7,1200,0,36000
TECHM30Jan20780PE.NFO,07/01/2020,09:53:28,26.65,25,1200,26.6,1200,0,36000
TECHM30Jan20780PE.NFO,07/01/2020,09:53:29,26.65,24.35,9600,26.4,1200,0,36000
TECHM30Jan20780PE.NFO,07/01/2020,09:53:30,26.65,24.6,1200,26.35,1200,0,36000
TECHM30Jan20780PE.NFO,07/01/2020,09:53:31,26.65,24.7,1200,27.1,4800,0,36000
TECHM30Jan20780PE.NFO,07/01/2020,09:53:32,26.65,24.75,3600,27,1200,0,36000
TECHM30Jan20780PE.NFO,07/01/2020,09:53:33,26.65,24.85,1200,26.8,1200,0,36000
TECHM30Jan20780PE.NFO,07/01/2020,09:53:35,26.65,24.95,1200,26.6,1200,0,36000
TECHM30Jan20780PE.NFO,07/01/2020,09:53:35,26.65,25,2400,26.5,1200,0,36000
TECHM30Jan20780PE.NFO,07/01/2020,09:53:36,26.65,25.1,1200,26.35,1200,0,36000
TECHM30Jan20780PE.NFO,07/01/2020,09:53:37,26.65,25.15,2400,26.3,1200,0,36000
TECHM30Jan20780PE.NFO,07/01/2020,09:53:38,26.65,25.2,1200,26.3,2400,0,36000
TECHM30Jan20780PE.NFO,07/01/2020,09:53:40,26.65,25.2,1200,27.1,4800,0,36000
TECHM30Jan20780PE.NFO,07/01/2020,09:53:41,26.65,25.2,1200,26.9,1200,0,36000
TECHM30Jan20780PE.NFO,07/01/2020,09:53:42,26.65,25.2,1200,26.7,1200,0,36000
TECHM30Jan20780PE.NFO,07/01/2020,09:53:43,26.65,24.55,3600,26.5,1200,0,36000
TECHM30Jan20780PE.NFO,07/01/2020,09:53:43,26.65,24.7,1200,26.4,1200,0,36000
TECHM30Jan20780PE.NFO,07/01/2020,09:53:45,26.65,24.75,1200,26.2,1200,0,36000
TECHM30Jan20780PE.NFO,07/01/2020,09:53:46,26.65,24.85,1200,26.15,1200,0,36000
TECHM30Jan20780PE.NFO,07/01/2020,09:53:47,26.65,24.95,1200,26.85,4800,0,36000
TECHM30Jan20780PE.NFO,07/01/2020,09:53:48,26.65,25,1200,26.55,1200,0,36000
TECHM30Jan20780PE.NFO,07/01/2020,09:53:49,26.65,25,1200,26.45,1200,0,36000
TECHM30Jan20780PE.NFO,07/01/2020,09:53:50,26.65,25,2400,26.3,1200,0,36000
TECHM30Jan20780PE.NFO,07/01/2020,09:53:50,26.65,24.35,4800,26.1,1200,0,36000
TECHM30Jan20780PE.NFO,07/01/2020,09:53:52,26.65,24.45,1200,26.95,4800,0,36000
TECHM30Jan20780PE.NFO,07/01/2020,09:53:53,26.65,24.55,3600,26.85,1200,0,36000
TECHM30Jan20780PE.NFO,07/01/2020,09:53:55,26.65,24.7,1200,26.45,1200,0,36000
TECHM30Jan20780PE.NFO,07/01/2020,09:53:55,26.65,24.75,3600,26.25,1200,0,36000
TECHM30Jan20780PE.NFO,07/01/2020,09:53:56,26.65,24.8,1200,26.15,1200,0,36000
TECHM30Jan20780PE.NFO,07/01/2020,09:53:58,26.65,24.9,1200,26.3,3600,0,36000
TECHM30Jan20780PE.NFO,07/01/2020,09:54:01,26.65,24.9,1200,26.1,1200,0,36000
TECHM30Jan20780PE.NFO,07/01/2020,09:54:02,26.65,25,1200,26.75,4800,0,36000
TECHM30Jan20780PE.NFO,07/01/2020,09:54:02,26.65,25,1200,26.75,3600,0,36000
TECHM30Jan20780PE.NFO,07/01/2020,09:54:03,26.65,24.8,3600,26.65,1200,0,36000
TECHM30Jan20780PE.NFO,07/01/2020,09:54:04,26.65,24.8,4800,26.35,1200,0,36000
TECHM30Jan20780PE.NFO,07/01/2020,09:54:06,26.65,24.8,4800,26.15,1200,0,36000
TECHM30Jan20780PE.NFO,07/01/2020,09:54:06,26.65,24.8,4800,26.1,1200,0,36000
TECHM30Jan20780PE.NFO,07/01/2020,09:54:07,26.65,24.8,4800,27,4800,0,36000
TECHM30Jan20780PE.NFO,07/01/2020,09:54:08,26.65,24.8,4800,26.7,1200,0,36000
TECHM30Jan20780PE.NFO,07/01/2020,09:54:09,26.65,24.8,4800,26.6,1200,0,36000
TECHM30Jan20780PE.NFO,07/01/2020,09:54:11,26.65,24.8,4800,26.3,1200,0,36000
TECHM30Jan20780PE.NFO,07/01/2020,09:54:11,26.65,24.8,4800,26.2,1200,0,36000
TECHM30Jan20780PE.NFO,07/01/2020,09:54:12,26.65,24.8,4800,26.2,2400,0,36000
TECHM30Jan20780PE.NFO,07/01/2020,09:54:14,26.65,24.9,1200,26.2,2400,0,36000
TECHM30Jan20780PE.NFO,07/01/2020,09:54:15,26.65,24.9,1200,26.15,1200,0,36000
TECHM30Jan20780PE.NFO,07/01/2020,09:54:16,26.65,24.9,1200,26.1,1200,0,36000
TECHM30Jan20780PE.NFO,07/01/2020,09:54:16,26.65,24.9,1200,26.05,1200,0,36000
TECHM30Jan20780PE.NFO,07/01/2020,09:54:18,26.65,25,1200,26.65,3600,0,36000
TECHM30Jan20780PE.NFO,07/01/2020,09:54:19,26.65,25.05,1200,26.45,1200,0,36000
TECHM30Jan20780PE.NFO,07/01/2020,09:54:20,26.65,25.05,1200,26.35,1200,0,36000
TECHM30Jan20780PE.NFO,07/01/2020,09:54:21,26.65,25.05,1200,26.15,1200,0,36000
TECHM30Jan20780PE.NFO,07/01/2020,09:54:23,26.65,25.05,1200,26.1,1200,0,36000
TECHM30Jan20780PE.NFO,07/01/2020,09:54:24,26.65,25.05,1200,26.45,1200,0,36000
TECHM30Jan20780PE.NFO,07/01/2020,09:54:25,26.65,25.05,1200,26.35,1200,0,36000
TECHM30Jan20780PE.NFO,07/01/2020,09:54:26,26.65,24.65,1200,26.2,1200,0,36000
TECHM30Jan20780PE.NFO,07/01/2020,09:54:27,26.65,24.75,1200,26.45,2400,0,36000
TECHM30Jan20780PE.NFO,07/01/2020,09:54:28,26.65,24.85,1200,26.35,1200,0,36000
TECHM30Jan20780PE.NFO,07/01/2020,09:54:29,26.65,24.9,3600,26.25,1200,0,36000
TECHM30Jan20780PE.NFO,07/01/2020,09:54:30,26.65,24.95,1200,26.05,1200,0,36000
TECHM30Jan20780PE.NFO,07/01/2020,09:54:32,26.65,24.95,1200,26.05,2400,0,36000
TECHM30Jan20780PE.NFO,07/01/2020,09:54:58,26.65,24.95,1200,26,1200,0,36000
TECHM30Jan20780PE.NFO,07/01/2020,09:54:59,26.65,24.95,1200,26.55,1200,0,36000
TECHM30Jan20780PE.NFO,07/01/2020,09:55:00,26.65,24.95,1200,26.45,1200,0,36000
TECHM30Jan20780PE.NFO,07/01/2020,09:55:01,26.65,24.95,1200,26.15,1200,0,36000
TECHM30Jan20780PE.NFO,07/01/2020,09:55:02,26.65,24.65,1200,26.1,1200,0,36000
TECHM30Jan20780PE.NFO,07/01/2020,09:55:03,26.65,24.7,3600,26.65,4800,0,36000
TECHM30Jan20780PE.NFO,07/01/2020,09:55:04,26.65,24.75,1200,26.45,1200,0,36000
TECHM30Jan20780PE.NFO,07/01/2020,09:55:05,26.65,24.8,1200,26.25,1200,0,36000
TECHM30Jan20780PE.NFO,07/01/2020,09:55:06,26.65,24.8,2400,26.15,1200,0,36000
TECHM30Jan20780PE.NFO,07/01/2020,09:55:07,26.65,24.8,2400,26.55,4800,0,36000
TECHM30Jan20780PE.NFO,07/01/2020,09:55:08,26.65,24.9,1200,26.35,1200,0,36000
TECHM30Jan20780PE.NFO,07/01/2020,09:55:10,26.65,24.75,2400,26.2,1200,0,36000
TECHM30Jan20780PE.NFO,07/01/2020,09:55:11,26.65,24.8,1200,26.2,1200,0,36000
TECHM30Jan20780PE.NFO,07/01/2020,09:55:14,26.65,24.9,1200,26.45,1200,0,36000
TECHM30Jan20780PE.NFO,07/01/2020,09:55:20,26.65,24.55,3600,26.2,1200,0,36000
TECHM30Jan20780PE.NFO,07/01/2020,09:55:25,26.65,24.9,1200,26.25,1200,0,36000
TECHM30Jan20780PE.NFO,07/01/2020,09:55:31,26.65,24.9,1200,26.55,3600,0,36000
TECHM30Jan20780PE.NFO,07/01/2020,09:55:36,26.65,25,1200,26.2,1200,0,36000
TECHM30Jan20780PE.NFO,07/01/2020,09:55:41,26.65,24.85,1200,26.3,2400,0,36000
TECHM30Jan20780PE.NFO,07/01/2020,09:55:45,26.65,25,1200,26.3,1200,0,36000
TECHM30Jan20780PE.NFO,07/01/2020,09:55:49,26.65,24.9,1200,26.2,1200,0,36000
TECHM30Jan20780PE.NFO,07/01/2020,09:55:53,26.65,25,1200,26.2,1200,0,36000
TECHM30Jan20780PE.NFO,07/01/2020,09:55:58,26.65,24.8,3600,26.1,1200,0,36000
TECHM30Jan20780PE.NFO,07/01/2020,09:56:03,26.65,25,1200,26.1,1200,0,36000
TECHM30Jan20780PE.NFO,07/01/2020,09:56:08,26.65,24.35,3600,26,1200,0,36000
TECHM30Jan20780PE.NFO,07/01/2020,09:56:15,26.65,24.55,2400,25.7,1200,0,36000
TECHM30Jan20780PE.NFO,07/01/2020,09:56:22,26.65,24.55,2400,25.6,1200,0,36000
TECHM30Jan20780PE.NFO,07/01/2020,09:56:28,26.65,24.55,2400,25.5,1200,0,36000
TECHM30Jan20780PE.NFO,07/01/2020,09:56:34,26.65,24.55,2400,26,4800,0,36000
TECHM30Jan20780PE.NFO,07/01/2020,09:56:40,26.65,24.55,2400,25.45,1200,0,36000
TECHM30Jan20780PE.NFO,07/01/2020,09:56:44,26.65,24.55,2400,25.5,1200,0,36000
TECHM30Jan20780PE.NFO,07/01/2020,09:56:57,26.65,24.55,2400,25.8,1200,0,36000
TECHM30Jan20780PE.NFO,07/01/2020,09:57:01,26.65,24.55,2400,25.7,1200,0,36000
TECHM30Jan20780PE.NFO,07/01/2020,09:57:06,26.65,24.55,2400,25.5,1200,0,36000
TECHM30Jan20780PE.NFO,07/01/2020,09:57:11,26.65,24.55,2400,25.75,1200,0,36000
TECHM30Jan20780PE.NFO,07/01/2020,09:57:16,26.65,24.55,2400,25.65,1200,0,36000
TECHM30Jan20780PE.NFO,07/01/2020,09:57:22,26.65,24.55,2400,25.75,1200,0,36000
TECHM30Jan20780PE.NFO,07/01/2020,09:57:28,26.65,24.55,2400,25.5,1200,0,36000
TECHM30Jan20780PE.NFO,07/01/2020,09:57:33,26.65,24.55,2400,25.45,1200,0,36000
TECHM30Jan20780PE.NFO,07/01/2020,09:57:42,26.65,24.55,2400,25.85,1200,0,36000
TECHM30Jan20780PE.NFO,07/01/2020,09:57:46,26.65,24.55,2400,25.4,1200,0,36000
TECHM30Jan20780PE.NFO,07/01/2020,09:57:51,26.65,24.55,2400,25.45,1200,0,36000
TECHM30Jan20780PE.NFO,07/01/2020,09:57:59,26.65,24.55,1200,25.6,3600,0,36000
TECHM30Jan20780PE.NFO,07/01/2020,09:58:05,26.65,24.3,2400,25.1,1200,0,36000
TECHM30Jan20780PE.NFO,07/01/2020,09:58:10,26.65,24.3,2400,25.05,1200,0,36000
TECHM30Jan20780PE.NFO,07/01/2020,09:58:21,26.65,24.05,2400,25.1,1200,0,36000
TECHM30Jan20780PE.NFO,07/01/2020,09:58:25,26.65,24.05,2400,25.55,1200,0,36000
TECHM30Jan20780PE.NFO,07/01/2020,09:58:30,26.65,24.05,2400,25.15,1200,0,36000
TECHM30Jan20780PE.NFO,07/01/2020,09:58:35,26.65,24.05,2400,25.05,1200,0,36000
TECHM30Jan20780PE.NFO,07/01/2020,09:58:39,26.65,24.05,2400,25.25,1200,0,36000
TECHM30Jan20780PE.NFO,07/01/2020,09:58:44,26.65,24.05,2400,25.7,1200,0,36000
TECHM30Jan20780PE.NFO,07/01/2020,09:58:49,26.65,24.05,2400,25.4,1200,0,36000
TECHM30Jan20780PE.NFO,07/01/2020,09:58:55,26.65,24.05,2400,25.3,1200,0,36000
TECHM30Jan20780PE.NFO,07/01/2020,09:59:07,26.65,24.05,2400,25.25,1200,0,36000
TECHM30Jan20780PE.NFO,07/01/2020,09:59:19,26.65,24.3,2400,25.45,1200,0,36000
TECHM30Jan20780PE.NFO,07/01/2020,09:59:25,26.65,24.3,2400,25.35,1200,0,36000
TECHM30Jan20780PE.NFO,07/01/2020,09:59:35,26.65,24.3,2400,25.85,1200,0,36000
TECHM30Jan20780PE.NFO,07/01/2020,09:59:40,26.65,24.3,2400,25.55,1200,0,36000
TECHM30Jan20780PE.NFO,07/01/2020,09:59:45,26.65,24.3,1200,25.35,1200,0,36000
TECHM30Jan20780PE.NFO,07/01/2020,09:59:49,26.65,24.5,1200,25.35,1200,0,36000
TECHM30Jan20780PE.NFO,07/01/2020,09:59:57,26.65,24.5,1200,25.95,4800,0,36000
TECHM30Jan20780PE.NFO,07/01/2020,10:00:01,26.65,24.4,1200,25.45,1200,0,36000
TECHM30Jan20780PE.NFO,07/01/2020,10:00:06,26.65,24.4,1200,25.35,1200,0,36000
TECHM30Jan20780PE.NFO,07/01/2020,10:00:10,26.65,24.4,1200,25.25,1200,0,36000
TECHM30Jan20780PE.NFO,07/01/2020,10:00:13,26.65,24.4,1200,25.3,2400,0,36000
TECHM30Jan20780PE.NFO,07/01/2020,10:00:17,26.65,24.4,1200,25.25,1200,0,36000
TECHM30Jan20780PE.NFO,07/01/2020,10:00:22,26.65,24.4,1200,25.3,2400,0,36000
TECHM30Jan20780PE.NFO,07/01/2020,10:00:27,26.65,24.45,1200,25.5,1200,0,36000
TECHM30Jan20780PE.NFO,07/01/2020,10:00:32,26.65,24.4,1200,25.2,1200,0,36000
TECHM30Jan20780PE.NFO,07/01/2020,10:00:37,26.65,24.4,1200,25.3,1200,0,36000
TECHM30Jan20780PE.NFO,07/01/2020,10:00:41,26.65,24.55,1200,25.65,1200,0,36000
TECHM30Jan20780PE.NFO,07/01/2020,10:00:48,26.65,24.5,1200,25.45,1200,0,36000
TECHM30Jan20780PE.NFO,07/01/2020,10:01:01,26.65,24.5,1200,25.4,2400,0,36000
TECHM30Jan20780PE.NFO,07/01/2020,10:01:07,26.65,24.55,2400,25.65,1200,0,36000
TECHM30Jan20780PE.NFO,07/01/2020,10:01:13,26.65,24.45,2400,25.3,1200,0,36000
TECHM30Jan20780PE.NFO,07/01/2020,10:01:20,26.65,24.45,1200,25.4,1200,0,36000
TECHM30Jan20780PE.NFO,07/01/2020,10:01:27,26.65,24.45,1200,25.7,1200,0,36000
TECHM30Jan20780PE.NFO,07/01/2020,10:01:33,26.65,24.55,1200,25.35,1200,0,36000
TECHM30Jan20780PE.NFO,07/01/2020,10:01:38,26.65,24.55,1200,25.45,1200,0,36000
TECHM30Jan20780PE.NFO,07/01/2020,10:01:43,26.65,24.55,2400,26,4800,0,36000
TECHM30Jan20780PE.NFO,07/01/2020,10:01:50,26.65,24.55,2400,25.45,1200,0,36000
TECHM30Jan20780PE.NFO,07/01/2020,10:01:55,26.65,24.5,1200,25.55,1200,0,36000
TECHM30Jan20780PE.NFO,07/01/2020,10:02:01,26.65,24.55,1200,25.45,1200,0,36000
TECHM30Jan20780PE.NFO,07/01/2020,10:02:07,26.65,24.5,1200,25.35,1200,0,36000
TECHM30Jan20780PE.NFO,07/01/2020,10:02:12,26.65,24.5,1200,25.75,1200,0,36000
TECHM30Jan20780PE.NFO,07/01/2020,10:02:18,26.65,24.5,1200,25.35,1200,0,36000
TECHM30Jan20780PE.NFO,07/01/2020,10:02:27,26.65,24.55,2400,25.6,1200,0,36000
TECHM30Jan20780PE.NFO,07/01/2020,10:02:32,26.65,24.55,1200,25.4,1200,0,36000
TECHM30Jan20780PE.NFO,07/01/2020,10:02:37,26.65,24.55,2400,25.8,1200,0,36000
TECHM30Jan20780PE.NFO,07/01/2020,10:02:42,26.65,24.55,2400,25.7,1200,0,36000
TECHM30Jan20780PE.NFO,07/01/2020,10:02:47,26.65,24.65,1200,25.7,1200,0,36000
TECHM30Jan20780PE.NFO,07/01/2020,10:02:52,26.65,24.8,2400,25.7,1200,0,36000
TECHM30Jan20780PE.NFO,07/01/2020,10:02:58,26.65,24.8,2400,26.1,1200,0,36000
TECHM30Jan20780PE.NFO,07/01/2020,10:03:03,26.65,24.8,1200,25.8,1200,0,36000
TECHM30Jan20780PE.NFO,07/01/2020,10:03:09,26.65,24.8,2400,26.1,1200,0,36000
TECHM30Jan20780PE.NFO,07/01/2020,10:03:15,26.65,24.8,2400,25.9,1200,0,36000
TECHM30Jan20780PE.NFO,07/01/2020,10:03:21,26.65,24.8,1200,25.9,1200,0,36000
TECHM30Jan20780PE.NFO,07/01/2020,10:03:27,26.65,24.8,1200,25.8,1200,0,36000
TECHM30Jan20780PE.NFO,07/01/2020,10:03:32,26.65,24.8,1200,25.75,1200,0,36000
TECHM30Jan20780PE.NFO,07/01/2020,10:03:37,26.65,24.8,1200,25.8,1200,0,36000
TECHM30Jan20780PE.NFO,07/01/2020,10:03:42,26.65,24.9,1200,26,1200,0,36000
TECHM30Jan20780PE.NFO,07/01/2020,10:03:47,26.65,24.9,1200,25.9,1200,0,36000
TECHM30Jan20780PE.NFO,07/01/2020,10:03:59,26.65,24.8,2400,25.95,2400,0,36000
TECHM30Jan20780PE.NFO,07/01/2020,10:04:04,26.65,24.8,1200,25.85,1200,0,36000
TECHM30Jan20780PE.NFO,07/01/2020,10:04:10,26.65,24.8,1200,25.8,1200,0,36000
TECHM30Jan20780PE.NFO,07/01/2020,10:04:15,26.65,24.8,2400,26.2,3600,0,36000
TECHM30Jan20780PE.NFO,07/01/2020,10:04:30,26.65,24.8,2400,26.1,1200,0,36000
TECHM30Jan20780PE.NFO,07/01/2020,10:04:35,26.65,24.8,2400,25.95,1200,0,36000
TECHM30Jan20780PE.NFO,07/01/2020,10:04:40,26.65,24.8,2400,25.9,1200,0,36000
TECHM30Jan20780PE.NFO,07/01/2020,10:04:56,26.65,24.75,2400,25.8,1200,0,36000
TECHM30Jan20780PE.NFO,07/01/2020,10:05:02,26.65,24.8,2400,25.8,1200,0,36000
TECHM30Jan20780PE.NFO,07/01/2020,10:05:07,26.65,24.75,1200,25.7,1200,0,36000
TECHM30Jan20780PE.NFO,07/01/2020,10:05:17,26.65,24.8,1200,25.7,1200,0,36000
TECHM30Jan20780PE.NFO,07/01/2020,10:05:22,26.65,24.75,1200,25.65,1200,0,36000
TECHM30Jan20780PE.NFO,07/01/2020,10:05:26,26.65,24.7,1200,26.25,4800,0,36000
TECHM30Jan20780PE.NFO,07/01/2020,10:05:32,26.65,24.65,1200,26.25,4800,0,36000
TECHM30Jan20780PE.NFO,07/01/2020,10:05:39,26.65,24.55,1200,26.25,8400,0,36000
TECHM30Jan20780PE.NFO,07/01/2020,10:05:45,26.65,24.45,1200,25.65,1200,0,36000
TECHM30Jan20780PE.NFO,07/01/2020,10:05:51,26.65,24.45,1200,25.4,1200,0,36000
TECHM30Jan20780PE.NFO,07/01/2020,10:05:57,26.65,24.3,1200,25.3,1200,0,36000
TECHM30Jan20780PE.NFO,07/01/2020,10:06:02,26.65,24.3,1200,25.8,2400,0,36000
TECHM30Jan20780PE.NFO,07/01/2020,10:06:08,26.65,24.05,2400,25.5,1200,0,36000
TECHM30Jan20780PE.NFO,07/01/2020,10:06:15,26.65,24.05,2400,25.6,2400,0,36000
TECHM30Jan20780PE.NFO,07/01/2020,10:06:20,26.65,24.35,1200,25.45,1200,0,36000
TECHM30Jan20780PE.NFO,07/01/2020,10:06:26,26.65,24.45,1200,26.2,9600,0,36000
TECHM30Jan20780PE.NFO,07/01/2020,10:06:32,26.65,24.55,1200,26,1200,0,36000
TECHM30Jan20780PE.NFO,07/01/2020,10:06:37,26.65,24.5,1200,25.5,1200,0,36000
TECHM30Jan20780PE.NFO,07/01/2020,10:06:42,26.65,24.55,1200,25.55,2400,0,36000
TECHM30Jan20780PE.NFO,07/01/2020,10:06:47,26.65,24.5,1200,25.45,1200,0,36000
TECHM30Jan20780PE.NFO,07/01/2020,10:06:53,26.65,24.5,1200,25.35,1200,0,36000
TECHM30Jan20780PE.NFO,07/01/2020,10:07:02,26.65,24.55,1200,25.35,1200,0,36000
TECHM30Jan20780PE.NFO,07/01/2020,10:07:07,26.65,24.5,1200,25.25,1200,0,36000
TECHM30Jan20780PE.NFO,07/01/2020,10:07:12,26.65,24.55,2400,25.65,1200,0,36000
TECHM30Jan20780PE.NFO,07/01/2020,10:07:18,26.65,24.55,2400,25.55,1200,0,36000
TECHM30Jan20780PE.NFO,07/01/2020,10:07:30,26.65,24.55,2400,25.45,1200,0,36000
TECHM30Jan20780PE.NFO,07/01/2020,10:07:36,26.65,24.55,2400,25.55,2400,0,36000
TECHM30Jan20780PE.NFO,07/01/2020,10:07:43,26.65,24.55,1200,25.5,1200,0,36000
TECHM30Jan20780PE.NFO,07/01/2020,10:07:48,26.65,24.55,1200,25.55,2400,0,36000
TECHM30Jan20780PE.NFO,07/01/2020,10:07:54,26.65,24.55,1200,25.45,1200,0,36000
TECHM30Jan20780PE.NFO,07/01/2020,10:08:00,26.65,24.55,2400,25.45,1200,0,36000
TECHM30Jan20780PE.NFO,07/01/2020,10:08:05,26.65,24.55,1200,25.75,1200,0,36000
TECHM30Jan20780PE.NFO,07/01/2020,10:08:09,26.65,24.55,1200,25.45,1200,0,36000
TECHM30Jan20780PE.NFO,07/01/2020,10:08:14,26.65,24.55,2400,25.65,2400,0,36000
TECHM30Jan20780PE.NFO,07/01/2020,10:08:20,26.65,24.55,1200,25.5,1200,0,36000
TECHM30Jan20780PE.NFO,07/01/2020,10:08:26,26.65,24.5,1200,25.4,1200,0,36000
TECHM30Jan20780PE.NFO,07/01/2020,10:08:32,26.65,24.5,1200,25.3,1200,0,36000
TECHM30Jan20780PE.NFO,07/01/2020,10:08:39,26.65,24.55,1200,25.65,1200,0,36000
TECHM30Jan20780PE.NFO,07/01/2020,10:08:46,26.65,24.5,1200,25.35,1200,0,36000
TECHM30Jan20780PE.NFO,07/01/2020,10:08:51,26.65,24.55,1200,25.5,3600,0,36000
TECHM30Jan20780PE.NFO,07/01/2020,10:08:57,26.65,24.5,1200,25.35,1200,0,36000
TECHM30Jan20780PE.NFO,07/01/2020,10:09:02,26.65,24.45,1200,25.25,1200,0,36000
TECHM30Jan20780PE.NFO,07/01/2020,10:09:08,26.65,24.4,1200,25.25,1200,0,36000
TECHM30Jan20780PE.NFO,07/01/2020,10:09:13,26.65,24.5,1200,25.25,1200,0,36000
TECHM30Jan20780PE.NFO,07/01/2020,10:09:18,26.65,24.5,1200,25.15,1200,0,36000
TECHM30Jan20780PE.NFO,07/01/2020,10:09:29,26.65,24.45,1200,25.5,2400,0,36000
TECHM30Jan20780PE.NFO,07/01/2020,10:09:34,26.65,24.4,1200,25.25,2400,0,36000
TECHM30Jan20780PE.NFO,07/01/2020,10:09:39,26.65,24.25,1200,25.4,1200,0,36000
TECHM30Jan20780PE.NFO,07/01/2020,10:09:44,26.65,24.25,1200,25.2,1200,0,36000
TECHM30Jan20780PE.NFO,07/01/2020,10:09:49,26.65,24.25,1200,25.2,2400,0,36000
TECHM30Jan20780PE.NFO,07/01/2020,10:09:54,26.65,24.05,1200,25.65,1200,0,36000
TECHM30Jan20780PE.NFO,07/01/2020,10:10:00,26.65,24.05,2400,25.1,1200,0,36000
TECHM30Jan20780PE.NFO,07/01/2020,10:10:07,26.65,23.8,2400,25.05,1200,0,36000
TECHM30Jan20780PE.NFO,07/01/2020,10:10:14,26.65,23.8,2400,25.45,4800,0,36000
TECHM30Jan20780PE.NFO,07/01/2020,10:10:39,26.65,23.8,2400,25.45,3600,0,36000
TECHM30Jan20780PE.NFO,07/01/2020,10:10:49,26.65,23.85,1200,25.4,1200,0,36000
TECHM30Jan20780PE.NFO,07/01/2020,10:10:54,26.65,24.3,2400,25.25,1200,0,36000
TECHM30Jan20780PE.NFO,07/01/2020,10:10:58,26.65,24.3,2400,25.2,1200,0,36000
TECHM30Jan20780PE.NFO,07/01/2020,10:11:03,26.65,24.45,1200,25.9,3600,0,36000
TECHM30Jan20780PE.NFO,07/01/2020,10:11:08,26.65,24.5,1200,25.9,3600,0,36000
TECHM30Jan20780PE.NFO,07/01/2020,10:11:24,26.65,24.3,2400,25.9,3600,0,36000
TECHM30Jan20780PE.NFO,07/01/2020,10:12:04,26.65,24.15,1200,25.5,1200,0,36000
TECHM30Jan20780PE.NFO,07/01/2020,10:12:10,26.65,24.05,2400,25.25,1200,0,36000
TECHM30Jan20780PE.NFO,07/01/2020,10:12:16,26.65,24.05,2400,25.15,1200,0,36000
TECHM30Jan20780PE.NFO,07/01/2020,10:12:21,26.65,24,1200,25.05,1200,0,36000
TECHM30Jan20780PE.NFO,07/01/2020,10:12:26,26.65,24,1200,25.6,3600,0,36000
TECHM30Jan20780PE.NFO,07/01/2020,10:12:31,26.65,23.95,1200,25.4,1200,0,36000
TECHM30Jan20780PE.NFO,07/01/2020,10:12:37,26.65,23.95,1200,25.15,1200,0,36000
TECHM30Jan20780PE.NFO,07/01/2020,10:12:47,26.65,24,2400,25.6,3600,0,36000
TECHM30Jan20780PE.NFO,07/01/2020,10:12:53,26.65,24.05,1200,25.6,3600,0,36000
TECHM30Jan20780PE.NFO,07/01/2020,10:12:58,26.65,24.05,2400,25.6,3600,0,36000
TECHM30Jan20780PE.NFO,07/01/2020,10:13:04,26.65,24.05,1200,25.6,3600,0,36000
TECHM30Jan20780PE.NFO,07/01/2020,10:13:10,26.65,24.05,2400,25.6,3600,0,36000
TECHM30Jan20780PE.NFO,07/01/2020,10:13:25,26.65,24.1,1200,25.6,3600,0,36000
TECHM30Jan20780PE.NFO,07/01/2020,10:13:26,26.65,24.05,2400,25.6,3600,0,36000
TECHM30Jan20780PE.NFO,07/01/2020,10:13:28,26.65,24.1,1200,25.6,3600,0,36000
TECHM30Jan20780PE.NFO,07/01/2020,10:13:28,26.65,24.15,1200,25.6,3600,0,36000
TECHM30Jan20780PE.NFO,07/01/2020,10:13:32,26.65,24.05,2400,25.6,3600,0,36000
TECHM30Jan20780PE.NFO,07/01/2020,10:13:34,26.65,24.05,1200,25.6,3600,0,36000
TECHM30Jan20780PE.NFO,07/01/2020,10:13:37,26.65,24.05,2400,25.6,3600,0,36000
TECHM30Jan20780PE.NFO,07/01/2020,10:13:39,26.65,24.05,1200,25.6,3600,0,36000
TECHM30Jan20780PE.NFO,07/01/2020,10:13:40,26.65,24.05,2400,25.6,3600,0,36000
TECHM30Jan20780PE.NFO,07/01/2020,10:13:45,26.65,24,1200,25.6,3600,0,36000
TECHM30Jan20780PE.NFO,07/01/2020,10:13:46,26.65,24,2400,25.6,3600,0,36000
TECHM30Jan20780PE.NFO,07/01/2020,10:13:47,26.65,24.05,1200,25.6,3600,0,36000
TECHM30Jan20780PE.NFO,07/01/2020,10:13:48,26.65,24.05,1200,25.5,1200,0,36000
TECHM30Jan20780PE.NFO,07/01/2020,10:13:49,26.65,23.9,1200,25.15,1200,0,36000
TECHM30Jan20780PE.NFO,07/01/2020,10:13:50,26.65,24,1200,25.15,1200,0,36000
TECHM30Jan20780PE.NFO,07/01/2020,10:13:52,26.65,24.05,1200,25,1200,0,36000
TECHM30Jan20780PE.NFO,07/01/2020,10:13:54,26.65,24.05,2400,25.65,1200,0,36000
TECHM30Jan20780PE.NFO,07/01/2020,10:13:55,26.65,24.05,1200,25.55,1200,0,36000
TECHM30Jan20780PE.NFO,07/01/2020,10:13:56,26.65,24.05,1200,25.45,1200,0,36000
TECHM30Jan20780PE.NFO,07/01/2020,10:13:57,26.65,24.05,1200,25.2,1200,0,36000
TECHM30Jan20780PE.NFO,07/01/2020,10:13:58,26.65,24.05,1200,25.1,1200,0,36000
TECHM30Jan20780PE.NFO,07/01/2020,10:13:59,26.65,24.05,2400,25.05,1200,0,36000
TECHM30Jan20780PE.NFO,07/01/2020,10:14:00,26.65,24.05,2400,25,1200,0,36000
TECHM30Jan20780PE.NFO,07/01/2020,10:14:02,26.65,24.05,1200,25,1200,0,36000
TECHM30Jan20780PE.NFO,07/01/2020,10:14:05,26.65,24.05,2400,25,1200,0,36000
TECHM30Jan20780PE.NFO,07/01/2020,10:14:08,26.65,24.05,2400,25.7,8400,0,36000
TECHM30Jan20780PE.NFO,07/01/2020,10:14:09,26.65,24.05,1200,25.7,6000,0,36000
TECHM30Jan20780PE.NFO,07/01/2020,10:14:10,26.65,24.05,2400,25.7,3600,0,36000
TECHM30Jan20780PE.NFO,07/01/2020,10:14:27,26.65,24.05,1200,25.7,3600,0,36000
TECHM30Jan20780PE.NFO,07/01/2020,10:14:29,26.65,24.05,2400,25.7,3600,0,36000
TECHM30Jan20780PE.NFO,07/01/2020,10:14:31,26.65,24.05,2400,25.4,1200,0,36000
TECHM30Jan20780PE.NFO,07/01/2020,10:14:32,26.65,24.05,2400,25.3,1200,0,36000
TECHM30Jan20780PE.NFO,07/01/2020,10:14:33,26.65,24.05,2400,25.2,1200,0,36000
TECHM30Jan20780PE.NFO,07/01/2020,10:14:34,26.65,24.05,1200,25.15,1200,0,36000
TECHM30Jan20780PE.NFO,07/01/2020,10:14:35,26.65,24.05,1200,25.05,1200,0,36000
TECHM30Jan20780PE.NFO,07/01/2020,10:14:36,26.65,24.05,2400,25.7,3600,0,36000
TECHM30Jan20780PE.NFO,07/01/2020,10:14:50,26.65,24.05,2400,25.7,8400,0,36000
TECHM30Jan20780PE.NFO,07/01/2020,10:14:56,26.65,24.05,2400,25.7,6000,0,36000
TECHM30Jan20780PE.NFO,07/01/2020,10:14:57,26.65,24.05,2400,25.7,3600,0,36000
TECHM30Jan20780PE.NFO,07/01/2020,10:15:00,26.65,24.05,2400,25.7,8400,0,36000
TECHM30Jan20780PE.NFO,07/01/2020,10:15:02,26.65,24.05,2400,25.7,10800,0,36000
TECHM30Jan20780PE.NFO,07/01/2020,10:15:04,26.65,24.05,2400,25.7,3600,0,36000
TECHM30Jan20780PE.NFO,07/01/2020,10:15:07,26.65,24.05,2400,25.7,10800,0,36000
TECHM30Jan20780PE.NFO,07/01/2020,10:15:09,26.65,24.05,2400,25.7,13200,0,36000
TECHM30Jan20780PE.NFO,07/01/2020,10:15:10,26.65,24.05,2400,25.7,10800,0,36000
TECHM30Jan20780PE.NFO,07/01/2020,10:15:11,26.65,24.05,2400,25.7,13200,0,36000
TECHM30Jan20780PE.NFO,07/01/2020,10:15:16,26.65,24.05,2400,25.7,3600,0,36000
TECHM30Jan20780PE.NFO,07/01/2020,10:15:21,26.65,24.05,2400,25.7,6000,0,36000
TECHM30Jan20780PE.NFO,07/01/2020,10:15:42,26.65,24.05,2400,25.7,3600,0,36000
TECHM30Jan20780PE.NFO,07/01/2020,10:15:54,26.65,24.05,2400,25.35,1200,0,36000
TECHM30Jan20780PE.NFO,07/01/2020,10:15:59,26.65,24.05,2400,25.25,1200,0,36000
TECHM30Jan20780PE.NFO,07/01/2020,10:16:04,26.65,24.05,2400,25.15,1200,0,36000
TECHM30Jan20780PE.NFO,07/01/2020,10:16:08,26.65,24.05,2400,25.1,1200,0,36000
TECHM30Jan20780PE.NFO,07/01/2020,10:16:13,26.65,24.05,2400,25.05,1200,0,36000
TECHM30Jan20780PE.NFO,07/01/2020,10:16:21,26.65,24.05,1200,25.55,3600,0,36000
TECHM30Jan20780PE.NFO,07/01/2020,10:16:26,23.95,23.15,1200,25.2,1200,1200,32400
TECHM30Jan20780PE.NFO,07/01/2020,10:16:31,23.95,23.3,2400,24.9,1200,0,32400
TECHM30Jan20780PE.NFO,07/01/2020,10:16:36,23.95,23.3,2400,24.85,1200,0,32400
TECHM30Jan20780PE.NFO,07/01/2020,10:16:41,23.95,23.3,2400,24.8,1200,0,32400
TECHM30Jan20780PE.NFO,07/01/2020,10:16:46,23.95,23.3,2400,24.7,1200,0,32400
TECHM30Jan20780PE.NFO,07/01/2020,10:16:51,23.95,23.3,2400,24.8,1200,0,32400
TECHM30Jan20780PE.NFO,07/01/2020,10:16:56,23.95,23.3,2400,24.7,1200,0,32400
TECHM30Jan20780PE.NFO,07/01/2020,10:17:01,23.95,23.5,1200,24.6,1200,0,32400
TECHM30Jan20780PE.NFO,07/01/2020,10:17:08,23.95,23.45,1200,24.5,1200,0,32400
TECHM30Jan20780PE.NFO,07/01/2020,10:17:13,23.95,23.3,2400,24.85,2400,0,32400
TECHM30Jan20780PE.NFO,07/01/2020,10:17:19,23.95,23.3,2400,24.65,1200,0,32400
TECHM30Jan20780PE.NFO,07/01/2020,10:17:24,23.95,23.5,1200,24.55,1200,0,32400
TECHM30Jan20780PE.NFO,07/01/2020,10:17:28,23.95,23.5,1200,24.45,1200,0,32400
TECHM30Jan20780PE.NFO,07/01/2020,10:17:33,23.95,23.45,2400,24.65,1200,0,32400
TECHM30Jan20780PE.NFO,07/01/2020,10:17:38,23.95,23.4,2400,24.55,1200,0,32400
TECHM30Jan20780PE.NFO,07/01/2020,10:17:43,23.95,23.5,1200,24.45,1200,0,32400
TECHM30Jan20780PE.NFO,07/01/2020,10:17:47,23.95,23.55,1200,24.35,1200,0,32400
TECHM30Jan20780PE.NFO,07/01/2020,10:17:51,23.95,23.5,1200,24.65,1200,0,32400
TECHM30Jan20780PE.NFO,07/01/2020,10:17:55,23.95,23.4,2400,24.45,1200,0,32400
TECHM30Jan20780PE.NFO,07/01/2020,10:17:59,23.95,23.55,1200,24.35,1200,0,32400
TECHM30Jan20780PE.NFO,07/01/2020,10:18:03,23.95,23.55,1200,24.3,1200,0,32400
TECHM30Jan20780PE.NFO,07/01/2020,10:18:07,23.95,23.5,1200,24.15,1200,0,32400
TECHM30Jan20780PE.NFO,07/01/2020,10:18:22,23.95,23.45,1200,24.05,1200,0,32400
TECHM30Jan20780PE.NFO,07/01/2020,10:18:29,23.95,23.45,1200,24.25,1200,0,32400
TECHM30Jan20780PE.NFO,07/01/2020,10:18:34,23.95,23.5,1200,24.1,1200,0,32400
TECHM30Jan20780PE.NFO,07/01/2020,10:18:40,23.95,23.55,1200,24.5,1200,0,32400
TECHM30Jan20780PE.NFO,07/01/2020,10:18:45,23.95,23.5,1200,24.2,1200,0,32400
TECHM30Jan20780PE.NFO,07/01/2020,10:18:50,23.95,23,2400,24.1,2400,0,32400
TECHM30Jan20780PE.NFO,07/01/2020,10:18:55,23.95,23.15,1200,24.2,1200,0,32400
TECHM30Jan20780PE.NFO,07/01/2020,10:18:59,23.95,23.2,1200,24,1200,0,32400
TECHM30Jan20780PE.NFO,07/01/2020,10:19:04,23.95,23.15,1200,23.8,1200,0,32400
TECHM30Jan20780PE.NFO,07/01/2020,10:19:08,23.95,23.2,1200,23.9,1200,0,32400
TECHM30Jan20780PE.NFO,07/01/2020,10:19:11,23.95,23.15,2400,23.9,1200,0,32400
TECHM30Jan20780PE.NFO,07/01/2020,10:19:16,23.95,23.1,1200,24.05,1200,0,32400
TECHM30Jan20780PE.NFO,07/01/2020,10:19:21,23.95,23.1,1200,23.8,1200,0,32400
TECHM30Jan20780PE.NFO,07/01/2020,10:19:26,23.95,23.1,1200,24.25,4800,0,32400
TECHM30Jan20780PE.NFO,07/01/2020,10:19:30,23.95,23.05,2400,23.9,1200,0,32400
TECHM30Jan20780PE.NFO,07/01/2020,10:19:34,23.95,23.05,1200,24.35,1200,0,32400
TECHM30Jan20780PE.NFO,07/01/2020,10:19:38,23.95,23,1200,24,1200,0,32400
TECHM30Jan20780PE.NFO,07/01/2020,10:19:43,23.95,23,1200,23.75,1200,0,32400
TECHM30Jan20780PE.NFO,07/01/2020,10:19:48,23.95,23,1200,23.55,1200,0,32400
TECHM30Jan20780PE.NFO,07/01/2020,10:19:54,23.95,22.8,1200,23.85,2400,0,32400
TECHM30Jan20780PE.NFO,07/01/2020,10:20:00,23.95,22.8,1200,23.55,1200,0,32400
TECHM30Jan20780PE.NFO,07/01/2020,10:20:04,23.95,22.8,1200,23.45,1200,0,32400
TECHM30Jan20780PE.NFO,07/01/2020,10:20:09,23.95,22.85,1200,23.8,2400,0,32400
TECHM30Jan20780PE.NFO,07/01/2020,10:20:14,23.95,22.8,1200,23.6,1200,0,32400
TECHM30Jan20780PE.NFO,07/01/2020,10:20:19,23.95,22.8,1200,23.5,1200,0,32400
TECHM30Jan20780PE.NFO,07/01/2020,10:20:23,23.95,22.85,1200,23.6,1200,0,32400
TECHM30Jan20780PE.NFO,07/01/2020,10:20:28,23.95,22.8,1200,23.5,1200,0,32400
TECHM30Jan20780PE.NFO,07/01/2020,10:20:33,23.95,22.8,2400,23.45,1200,0,32400
TECHM30Jan20780PE.NFO,07/01/2020,10:20:37,23.95,22.85,3600,23.8,2400,0,32400
TECHM30Jan20780PE.NFO,07/01/2020,10:20:41,23.95,22.85,3600,23.65,1200,0,32400
TECHM30Jan20780PE.NFO,07/01/2020,10:20:45,23.95,22.85,3600,23.55,1200,0,32400
TECHM30Jan20780PE.NFO,07/01/2020,10:20:49,23.95,22.85,3600,23.35,1200,0,32400
TECHM30Jan20780PE.NFO,07/01/2020,10:21:02,23.95,22.85,1200,23.65,1200,0,32400
TECHM30Jan20780PE.NFO,07/01/2020,10:21:07,23.95,22.85,2400,23.45,1200,0,32400
TECHM30Jan20780PE.NFO,07/01/2020,10:21:12,23.95,22.8,3600,23.7,1200,0,32400
TECHM30Jan20780PE.NFO,07/01/2020,10:21:16,23.95,22.8,3600,23.6,1200,0,32400
TECHM30Jan20780PE.NFO,07/01/2020,10:21:21,23.95,22.8,3600,23.5,1200,0,32400
TECHM30Jan20780PE.NFO,07/01/2020,10:21:26,23.95,22.8,2400,23.5,1200,0,32400
TECHM30Jan20780PE.NFO,07/01/2020,10:21:32,23.95,22.8,3600,23.65,1200,0,32400
TECHM30Jan20780PE.NFO,07/01/2020,10:21:36,23.95,22.8,3600,23.55,1200,0,32400
TECHM30Jan20780PE.NFO,07/01/2020,10:21:41,23.95,22.8,2400,24.05,4800,0,32400
TECHM30Jan20780PE.NFO,07/01/2020,10:21:45,23.95,22.85,1200,23.65,1200,0,32400
TECHM30Jan20780PE.NFO,07/01/2020,10:21:50,23.95,22.85,1200,23.5,1200,0,32400
TECHM30Jan20780PE.NFO,07/01/2020,10:22:13,23.95,22.85,2400,23.5,1200,0,32400
TECHM30Jan20780PE.NFO,07/01/2020,10:22:35,23.95,23,1200,23.8,1200,0,32400
TECHM30Jan20780PE.NFO,07/01/2020,10:22:39,23.95,23.05,2400,23.9,1200,0,32400
TECHM30Jan20780PE.NFO,07/01/2020,10:22:45,23.95,23.1,1200,23.9,2400,0,32400
TECHM30Jan20780PE.NFO,07/01/2020,10:22:52,23.95,23.1,1200,24.05,1200,0,32400
TECHM30Jan20780PE.NFO,07/01/2020,10:22:57,23.95,23.1,1200,23.8,1200,0,32400
TECHM30Jan20780PE.NFO,07/01/2020,10:23:03,23.95,23.05,2400,23.75,1200,0,32400
TECHM30Jan20780PE.NFO,07/01/2020,10:23:08,23.95,23,1200,23.75,1200,0,32400
TECHM30Jan20780PE.NFO,07/01/2020,10:23:13,23.95,23,1200,23.65,1200,0,32400
TECHM30Jan20780PE.NFO,07/01/2020,10:23:18,23.95,23,1200,23.75,1200,0,32400
TECHM30Jan20780PE.NFO,07/01/2020,10:23:22,23.95,23,1200,23.8,1200,0,32400
TECHM30Jan20780PE.NFO,07/01/2020,10:23:27,23.95,23,1200,23.95,1200,0,32400
TECHM30Jan20780PE.NFO,07/01/2020,10:23:32,23.95,23,1200,23.85,1200,0,32400
TECHM30Jan20780PE.NFO,07/01/2020,10:23:42,23.95,23.35,1200,24.4,1200,0,32400
TECHM30Jan20780PE.NFO,07/01/2020,10:23:47,23.95,23.3,1200,24,1200,0,32400
TECHM30Jan20780PE.NFO,07/01/2020,10:23:52,23.95,23.3,1200,24.15,1200,0,32400
TECHM30Jan20780PE.NFO,07/01/2020,10:23:56,23.95,23.3,1200,24.05,1200,0,32400
TECHM30Jan20780PE.NFO,07/01/2020,10:24:03,23.95,23.3,2400,24.05,1200,0,32400
TECHM30Jan20780PE.NFO,07/01/2020,10:24:07,23.95,23.25,1200,24,1200,0,32400
TECHM30Jan20780PE.NFO,07/01/2020,10:24:12,23.95,23.3,1200,24.05,1200,0,32400
TECHM30Jan20780PE.NFO,07/01/2020,10:24:17,23.95,23.3,1200,24,1200,0,32400
TECHM30Jan20780PE.NFO,07/01/2020,10:24:25,23.95,23.3,1200,24.1,1200,0,32400
TECHM30Jan20780PE.NFO,07/01/2020,10:24:29,23.95,23.3,1200,23.95,1200,0,32400
TECHM30Jan20780PE.NFO,07/01/2020,10:24:44,23.95,23.45,1200,24.35,4800,0,32400
TECHM30Jan20780PE.NFO,07/01/2020,10:24:48,23.95,23.45,1200,24.05,1200,0,32400
TECHM30Jan20780PE.NFO,07/01/2020,10:25:05,23.95,23.4,1200,24.05,1200,0,32400
TECHM30Jan20780PE.NFO,07/01/2020,10:25:13,23.95,23.3,1200,24,2400,0,32400
TECHM30Jan20780PE.NFO,07/01/2020,10:25:16,23.95,23.3,1200,23.95,1200,0,32400
TECHM30Jan20780PE.NFO,07/01/2020,10:25:21,23.95,23.3,1200,24.6,7200,0,32400
TECHM30Jan20780PE.NFO,07/01/2020,10:25:25,23.95,23.3,1200,24.1,1200,0,32400
TECHM30Jan20780PE.NFO,07/01/2020,10:25:29,23.95,23.3,1200,24.45,4800,0,32400
TECHM30Jan20780PE.NFO,07/01/2020,10:25:33,23.95,23.3,1200,24,1200,0,32400
TECHM30Jan20780PE.NFO,07/01/2020,10:25:38,23.95,23.3,1200,23.95,1200,0,32400
TECHM30Jan20780PE.NFO,07/01/2020,10:25:42,23.95,23.25,1200,23.95,1200,0,32400
TECHM30Jan20780PE.NFO,07/01/2020,10:25:46,23.95,23.1,1200,24.35,1200,0,32400
TECHM30Jan20780PE.NFO,07/01/2020,10:25:52,23.95,23.1,1200,23.85,1200,0,32400
TECHM30Jan20780PE.NFO,07/01/2020,10:25:57,23.95,23.1,1200,24.45,4800,0,32400
TECHM30Jan20780PE.NFO,07/01/2020,10:26:02,23.95,23.1,1200,23.9,2400,0,32400
TECHM30Jan20780PE.NFO,07/01/2020,10:26:06,23.95,23.2,1200,24.45,4800,0,32400
TECHM30Jan20780PE.NFO,07/01/2020,10:26:11,23.95,23.2,1200,24,1200,0,32400
TECHM30Jan20780PE.NFO,07/01/2020,10:26:16,23.95,23.2,1200,24.45,4800,0,32400
TECHM30Jan20780PE.NFO,07/01/2020,10:26:20,23.95,23.2,1200,24.05,1200,0,32400
TECHM30Jan20780PE.NFO,07/01/2020,10:26:24,23.95,23.2,1200,23.95,1200,0,32400
TECHM30Jan20780PE.NFO,07/01/2020,10:26:39,23.95,23.3,1200,23.95,1200,0,32400
TECHM30Jan20780PE.NFO,07/01/2020,10:26:43,23.95,23.3,2400,23.95,1200,0,32400
TECHM30Jan20780PE.NFO,07/01/2020,10:26:47,23.95,23.3,2400,24.6,7200,0,32400
TECHM30Jan20780PE.NFO,07/01/2020,10:26:51,23.95,23.3,2400,24.15,2400,0,32400
TECHM30Jan20780PE.NFO,07/01/2020,10:26:56,23.95,23.3,2400,23.9,1200,0,32400
TECHM30Jan20780PE.NFO,07/01/2020,10:27:00,23.95,23.3,2400,24,1200,0,32400
TECHM30Jan20780PE.NFO,07/01/2020,10:27:05,23.95,23.3,2400,23.95,1200,0,32400
TECHM30Jan20780PE.NFO,07/01/2020,10:27:13,23.95,23.3,2400,24.45,4800,0,32400
TECHM30Jan20780PE.NFO,07/01/2020,10:27:17,23.95,23.3,2400,23.95,1200,0,32400
TECHM30Jan20780PE.NFO,07/01/2020,10:27:21,23.95,23.3,2400,24,1200,0,32400
TECHM30Jan20780PE.NFO,07/01/2020,10:27:25,23.95,23.3,2400,23.95,1200,0,32400
TECHM30Jan20780PE.NFO,07/01/2020,10:27:29,23.95,23.3,2400,24,1200,0,32400
TECHM30Jan20780PE.NFO,07/01/2020,10:27:33,23.95,23.3,2400,23.9,1200,0,32400
TECHM30Jan20780PE.NFO,07/01/2020,10:27:37,23.95,23.3,2400,23.95,1200,0,32400
TECHM30Jan20780PE.NFO,07/01/2020,10:27:46,23.95,23.3,2400,24.05,1200,0,32400
TECHM30Jan20780PE.NFO,07/01/2020,10:27:50,23.95,23.3,2400,24.1,1200,0,32400
TECHM30Jan20780PE.NFO,07/01/2020,10:27:54,23.95,23.3,2400,24.05,1200,0,32400
TECHM30Jan20780PE.NFO,07/01/2020,10:28:03,24.05,23.6,1200,24.4,2400,1200,32400
TECHM30Jan20780PE.NFO,07/01/2020,10:28:07,24.05,23.55,2400,24.1,1200,0,32400
TECHM30Jan20780PE.NFO,07/01/2020,10:28:12,23.55,23.45,2400,24.3,2400,1200,32400
TECHM30Jan20780PE.NFO,07/01/2020,10:28:16,23.55,23.45,2400,24,1200,0,32400
TECHM30Jan20780PE.NFO,07/01/2020,10:28:21,23.55,23.5,2400,24.1,1200,0,32400
TECHM30Jan20780PE.NFO,07/01/2020,10:28:26,23.55,23.5,2400,24.05,1200,0,32400
TECHM30Jan20780PE.NFO,07/01/2020,10:28:30,23.55,23.45,2400,23.95,1200,0,32400
TECHM30Jan20780PE.NFO,07/01/2020,10:28:34,23.55,23.5,2400,24.25,2400,0,32400
TECHM30Jan20780PE.NFO,07/01/2020,10:28:45,23.55,23.55,2400,24.15,1200,0,32400
TECHM30Jan20780PE.NFO,07/01/2020,10:28:55,23.55,23.55,1200,24.1,2400,0,32400
TECHM30Jan20780PE.NFO,07/01/2020,10:28:58,23.55,23.5,2400,24.2,2400,0,32400
TECHM30Jan20780PE.NFO,07/01/2020,10:29:02,23.55,23.5,2400,24.05,2400,0,32400
TECHM30Jan20780PE.NFO,07/01/2020,10:29:06,23.55,23.55,2400,24.05,1200,0,32400
TECHM30Jan20780PE.NFO,07/01/2020,10:29:09,23.55,23.55,2400,24.25,2400,0,32400
TECHM30Jan20780PE.NFO,07/01/2020,10:29:12,23.55,23.5,2400,23.95,1200,0,32400
TECHM30Jan20780PE.NFO,07/01/2020,10:29:20,23.55,23.35,2400,23.9,3600,0,32400
TECHM30Jan20780PE.NFO,07/01/2020,10:29:24,23.55,23.3,1200,23.85,1200,0,32400
TECHM30Jan20780PE.NFO,07/01/2020,10:29:28,23.55,23.3,1200,24,3600,0,32400
TECHM30Jan20780PE.NFO,07/01/2020,10:29:32,23.55,23.3,2400,23.95,1200,0,32400
TECHM30Jan20780PE.NFO,07/01/2020,10:29:35,23.55,23.25,2400,24,6000,0,32400
TECHM30Jan20780PE.NFO,07/01/2020,10:29:39,23.55,23.2,1200,23.8,1200,0,32400
TECHM30Jan20780PE.NFO,07/01/2020,10:29:42,23.55,23.2,1200,23.8,3600,0,32400
TECHM30Jan20780PE.NFO,07/01/2020,10:29:46,23.55,23.1,2400,23.55,1200,0,32400
TECHM30Jan20780PE.NFO,07/01/2020,10:29:51,23.55,23.05,2400,24.1,7200,0,32400
TECHM30Jan20780PE.NFO,07/01/2020,10:29:54,23.55,23.05,2400,23.75,2400,0,32400
TECHM30Jan20780PE.NFO,07/01/2020,10:29:57,23.55,23.05,2400,23.65,1200,0,32400
TECHM30Jan20780PE.NFO,07/01/2020,10:30:00,23.55,23.05,2400,23.75,3600,0,32400
TECHM30Jan20780PE.NFO,07/01/2020,10:30:04,23.55,23.05,2400,23.6,1200,0,32400
TECHM30Jan20780PE.NFO,07/01/2020,10:30:07,23.55,23.05,2400,23.75,1200,0,32400
TECHM30Jan20780PE.NFO,07/01/2020,10:30:11,23.55,23.05,2400,23.55,1200,0,32400
TECHM30Jan20780PE.NFO,07/01/2020,10:30:14,23.55,23.05,2400,23.8,1200,0,32400
TECHM30Jan20780PE.NFO,07/01/2020,10:30:18,23.55,23.05,2400,23.55,1200,0,32400
TECHM30Jan20780PE.NFO,07/01/2020,10:30:21,23.55,23.05,2400,23.65,1200,0,32400
TECHM30Jan20780PE.NFO,07/01/2020,10:30:24,23.55,23.05,2400,23.55,1200,0,32400
TECHM30Jan20780PE.NFO,07/01/2020,10:30:32,23.55,23.05,2400,23.55,2400,0,32400
TECHM30Jan20780PE.NFO,07/01/2020,10:30:35,23.55,23.05,2400,23.55,1200,0,32400
TECHM30Jan20780PE.NFO,07/01/2020,10:30:38,23.55,23.05,2400,23.9,1200,0,32400
TECHM30Jan20780PE.NFO,07/01/2020,10:30:40,23.55,23.05,2400,23.6,2400,0,32400
TECHM30Jan20780PE.NFO,07/01/2020,10:30:44,23.55,23.05,2400,23.6,1200,0,32400
TECHM30Jan20780PE.NFO,07/01/2020,10:30:47,23.55,23.05,2400,23.65,1200,0,32400
TECHM30Jan20780PE.NFO,07/01/2020,10:30:53,23.55,23.05,2400,23.8,1200,0,32400
TECHM30Jan20780PE.NFO,07/01/2020,10:30:56,23.55,23.05,2400,23.6,1200,0,32400
TECHM30Jan20780PE.NFO,07/01/2020,10:30:58,23.55,23.05,2400,23.55,1200,0,32400
TECHM30Jan20780PE.NFO,07/01/2020,10:31:01,23.55,23.05,2400,23.45,1200,0,32400
TECHM30Jan20780PE.NFO,07/01/2020,10:31:35,23.55,23.05,2400,23.85,1200,0,32400
TECHM30Jan20780PE.NFO,07/01/2020,10:31:38,23.55,23.05,2400,23.7,2400,0,32400
TECHM30Jan20780PE.NFO,07/01/2020,10:31:42,23.55,23.05,2400,23.6,1200,0,32400
TECHM30Jan20780PE.NFO,07/01/2020,10:32:09,23.55,23.05,2400,23.5,1200,0,32400
TECHM30Jan20780PE.NFO,07/01/2020,10:32:23,23.55,23.05,2400,23.6,2400,0,32400
TECHM30Jan20780PE.NFO,07/01/2020,10:32:27,23.55,23,2400,23.5,1200,0,32400
TECHM30Jan20780PE.NFO,07/01/2020,10:32:32,23.55,22.9,2400,23.4,1200,0,32400
TECHM30Jan20780PE.NFO,07/01/2020,10:32:36,23.55,23.05,2400,23.85,1200,0,32400
TECHM30Jan20780PE.NFO,07/01/2020,10:32:40,23.55,23.05,1200,23.45,1200,0,32400
TECHM30Jan20780PE.NFO,07/01/2020,10:32:45,23.55,23.05,2400,23.5,1200,0,32400
TECHM30Jan20780PE.NFO,07/01/2020,10:32:50,23.55,23,2400,23.75,1200,0,32400
TECHM30Jan20780PE.NFO,07/01/2020,10:32:55,23.55,23,2400,23.45,1200,0,32400
TECHM30Jan20780PE.NFO,07/01/2020,10:32:59,23.55,22.95,1200,23.45,1200,0,32400
TECHM30Jan20780PE.NFO,07/01/2020,10:33:02,23.55,22.9,1200,23.3,1200,0,32400
TECHM30Jan20780PE.NFO,07/01/2020,10:33:06,23.55,22.9,1200,23.35,1200,0,32400
TECHM30Jan20780PE.NFO,07/01/2020,10:33:09,23.55,22.9,1200,23.45,2400,0,32400
TECHM30Jan20780PE.NFO,07/01/2020,10:33:11,23.55,22.9,1200,23.35,1200,0,32400
TECHM30Jan20780PE.NFO,07/01/2020,10:33:14,23.55,22.9,1200,23.4,1200,0,32400
TECHM30Jan20780PE.NFO,07/01/2020,10:33:17,23.55,22.9,1200,23.35,1200,0,32400
TECHM30Jan20780PE.NFO,07/01/2020,10:33:21,23.55,22.9,1200,23.4,2400,0,32400
TECHM30Jan20780PE.NFO,07/01/2020,10:33:24,23.55,22.9,2400,23.35,1200,0,32400
TECHM30Jan20780PE.NFO,07/01/2020,10:33:35,23.55,22.9,2400,23.9,4800,0,32400
TECHM30Jan20780PE.NFO,07/01/2020,10:33:39,23.55,22.9,2400,23.45,2400,0,32400
TECHM30Jan20780PE.NFO,07/01/2020,10:33:43,23.55,22.9,2400,23.35,1200,0,32400
TECHM30Jan20780PE.NFO,07/01/2020,10:33:54,23.55,22.95,2400,23.35,1200,0,32400
TECHM30Jan20780PE.NFO,07/01/2020,10:33:57,23.55,22.95,2400,23.45,1200,0,32400
TECHM30Jan20780PE.NFO,07/01/2020,10:34:00,23.55,22.95,1200,23.4,1200,0,32400
TECHM30Jan20780PE.NFO,07/01/2020,10:34:03,23.55,22.95,1200,23.45,1200,0,32400
TECHM30Jan20780PE.NFO,07/01/2020,10:34:09,23.55,22.95,1200,23.4,1200,0,32400
TECHM30Jan20780PE.NFO,07/01/2020,10:34:12,23.55,22.95,1200,23.45,1200,0,32400
TECHM30Jan20780PE.NFO,07/01/2020,10:34:24,23.55,22.95,2400,23.6,1200,0,32400
TECHM30Jan20780PE.NFO,07/01/2020,10:34:29,23.55,22.95,2400,23.5,1200,0,32400
TECHM30Jan20780PE.NFO,07/01/2020,10:34:45,23.55,22.95,2400,23.45,1200,0,32400
TECHM30Jan20780PE.NFO,07/01/2020,10:34:50,23.55,22.95,1200,23.4,1200,0,32400
TECHM30Jan20780PE.NFO,07/01/2020,10:34:59,23.55,22.95,1200,23.45,1200,0,32400
TECHM30Jan20780PE.NFO,07/01/2020,10:35:06,23.55,22.95,1200,23.4,1200,0,32400
TECHM30Jan20780PE.NFO,07/01/2020,10:35:09,23.55,22.95,1200,23.45,1200,0,32400
TECHM30Jan20780PE.NFO,07/01/2020,10:35:12,23.55,22.95,1200,23.4,1200,0,32400
TECHM30Jan20780PE.NFO,07/01/2020,10:35:19,23.55,22.95,1200,23.45,1200,0,32400
TECHM30Jan20780PE.NFO,07/01/2020,10:35:29,23.55,22.75,2400,23.8,4800,0,32400
TECHM30Jan20780PE.NFO,07/01/2020,10:35:33,23.55,22.75,1200,23.25,1200,0,32400
TECHM30Jan20780PE.NFO,07/01/2020,10:35:37,23.55,22.75,1200,23.1,1200,0,32400
TECHM30Jan20780PE.NFO,07/01/2020,10:35:42,23.55,22.8,2400,23.55,1200,0,32400
TECHM30Jan20780PE.NFO,07/01/2020,10:35:45,23.55,22.85,1200,23.65,4800,0,32400
TECHM30Jan20780PE.NFO,07/01/2020,10:35:48,23.55,22.9,2400,23.45,1200,0,32400
TECHM30Jan20780PE.NFO,07/01/2020,10:35:50,23.55,23,1200,23.95,4800,0,32400
TECHM30Jan20780PE.NFO,07/01/2020,10:35:54,23.55,22.95,2400,23.5,1200,0,32400
TECHM30Jan20780PE.NFO,07/01/2020,10:35:57,23.55,22.95,2400,23.45,1200,0,32400
TECHM30Jan20780PE.NFO,07/01/2020,10:36:10,23.55,23,2400,23.7,4800,0,32400
TECHM30Jan20780PE.NFO,07/01/2020,10:36:14,23.55,22.95,2400,23.5,1200,0,32400
TECHM30Jan20780PE.NFO,07/01/2020,10:36:18,23.55,23,2400,23.5,1200,0,32400
TECHM30Jan20780PE.NFO,07/01/2020,10:36:22,23.55,23,2400,23.55,1200,0,32400
TECHM30Jan20780PE.NFO,07/01/2020,10:36:25,23.55,23.05,1200,24.1,7200,0,32400
TECHM30Jan20780PE.NFO,07/01/2020,10:36:27,23.55,23,2400,23.9,1200,0,32400
TECHM30Jan20780PE.NFO,07/01/2020,10:36:29,23.55,23.05,2400,23.55,1200,0,32400
TECHM30Jan20780PE.NFO,07/01/2020,10:36:31,23.55,23,1200,23.65,1200,0,32400
TECHM30Jan20780PE.NFO,07/01/2020,10:36:34,23.55,23,1200,23.5,1200,0,32400
TECHM30Jan20780PE.NFO,07/01/2020,10:36:45,23.55,22.9,1200,23.4,1200,0,32400
TECHM30Jan20780PE.NFO,07/01/2020,10:36:49,23.55,22.95,1200,23.45,1200,0,32400
TECHM30Jan20780PE.NFO,07/01/2020,10:36:52,23.55,22.95,2400,23.45,1200,0,32400
TECHM30Jan20780PE.NFO,07/01/2020,10:37:03,23.55,23,1200,23.45,1200,0,32400
TECHM30Jan20780PE.NFO,07/01/2020,10:37:08,23.55,23,1200,23.35,1200,0,32400
TECHM30Jan20780PE.NFO,07/01/2020,10:37:11,23.55,23.05,1200,23.55,1200,0,32400
TECHM30Jan20780PE.NFO,07/01/2020,10:37:15,23.55,23.05,1200,23.45,1200,0,32400
TECHM30Jan20780PE.NFO,07/01/2020,10:37:18,23.55,23.05,1200,23.5,1200,0,32400
TECHM30Jan20780PE.NFO,07/01/2020,10:37:25,23.55,23.05,2400,23.5,1200,0,32400
TECHM30Jan20780PE.NFO,07/01/2020,10:38:05,23.55,23,2400,23.6,1200,0,32400
TECHM30Jan20780PE.NFO,07/01/2020,10:38:08,23.55,23,2400,23.45,1200,0,32400
TECHM30Jan20780PE.NFO,07/01/2020,10:38:11,23.55,23,2400,23.5,1200,0,32400
TECHM30Jan20780PE.NFO,07/01/2020,10:38:14,23.55,23,2400,23.4,1200,0,32400
TECHM30Jan20780PE.NFO,07/01/2020,10:38:24,23.55,23,2400,23.7,1200,0,32400
TECHM30Jan20780PE.NFO,07/01/2020,10:38:28,23.55,23,2400,23.4,1200,0,32400
TECHM30Jan20780PE.NFO,07/01/2020,10:38:31,23.55,22.8,2400,23.3,1200,0,32400
TECHM30Jan20780PE.NFO,07/01/2020,10:38:34,23.55,22.8,1200,23.6,1200,0,32400
TECHM30Jan20780PE.NFO,07/01/2020,10:38:37,23.55,22.8,1200,23.35,1200,0,32400
TECHM30Jan20780PE.NFO,07/01/2020,10:38:40,23.55,22.8,1200,23.25,1200,0,32400
TECHM30Jan20780PE.NFO,07/01/2020,10:38:42,23.55,22.8,2400,23.65,1200,0,32400
TECHM30Jan20780PE.NFO,07/01/2020,10:38:45,23.55,22.8,2400,23.45,1200,0,32400
TECHM30Jan20780PE.NFO,07/01/2020,10:38:48,23.55,22.8,2400,23.35,1200,0,32400
TECHM30Jan20780PE.NFO,07/01/2020,10:38:51,23.55,22.8,2400,23.3,1200,0,32400
TECHM30Jan20780PE.NFO,07/01/2020,10:38:54,23.55,22.8,2400,23.25,1200,0,32400
TECHM30Jan20780PE.NFO,07/01/2020,10:39:01,23.55,22.7,2400,23.5,3600,0,32400
TECHM30Jan20780PE.NFO,07/01/2020,10:39:06,23.55,22.7,2400,23.25,1200,0,32400
TECHM30Jan20780PE.NFO,07/01/2020,10:39:11,23.55,22.7,2400,23.2,1200,0,32400
TECHM30Jan20780PE.NFO,07/01/2020,10:39:19,23.55,22.6,2400,23.25,1200,0,32400
TECHM30Jan20780PE.NFO,07/01/2020,10:39:23,23.55,22.6,2400,23.3,1200,0,32400
TECHM30Jan20780PE.NFO,07/01/2020,10:39:27,23.55,22.75,1200,23.25,1200,0,32400
TECHM30Jan20780PE.NFO,07/01/2020,10:39:34,23.55,22.7,1200,23.2,1200,0,32400
TECHM30Jan20780PE.NFO,07/01/2020,10:39:37,23.55,22.7,1200,23.15,1200,0,32400
TECHM30Jan20780PE.NFO,07/01/2020,10:39:48,23.55,22.6,2400,23.15,1200,0,32400
TECHM30Jan20780PE.NFO,07/01/2020,10:40:01,23.55,22.7,1200,23.35,1200,0,32400
TECHM30Jan20780PE.NFO,07/01/2020,10:40:05,22.5,21.9,1200,23.4,3600,2400,31200
TECHM30Jan20780PE.NFO,07/01/2020,10:40:11,22.5,22.05,1200,23,2400,0,31200
TECHM30Jan20780PE.NFO,07/01/2020,10:40:16,22.5,22.05,1200,22.8,1200,0,31200
TECHM30Jan20780PE.NFO,07/01/2020,10:40:20,22.5,22.15,1200,22.85,1200,0,31200
TECHM30Jan20780PE.NFO,07/01/2020,10:40:24,22.5,22.15,1200,22.95,1200,0,31200
TECHM30Jan20780PE.NFO,07/01/2020,10:40:28,22.5,22.15,1200,23.25,3600,0,31200
TECHM30Jan20780PE.NFO,07/01/2020,10:40:32,22.5,22.15,1200,22.85,1200,0,31200
TECHM30Jan20780PE.NFO,07/01/2020,10:40:36,22.5,22.15,1200,23,1200,0,31200
TECHM30Jan20780PE.NFO,07/01/2020,10:40:39,22.5,22.15,1200,23.05,1200,0,31200
TECHM30Jan20780PE.NFO,07/01/2020,10:40:43,22.5,22.15,1200,23.15,3600,0,31200
TECHM30Jan20780PE.NFO,07/01/2020,10:40:52,22.5,22.15,1200,23.05,2400,0,31200
TECHM30Jan20780PE.NFO,07/01/2020,10:40:56,22.5,22.15,1200,23.1,2400,0,31200
TECHM30Jan20780PE.NFO,07/01/2020,10:41:00,22.5,22.15,1200,23.05,1200,0,31200
TECHM30Jan20780PE.NFO,07/01/2020,10:41:03,22.5,22.15,1200,23.1,1200,0,31200
TECHM30Jan20780PE.NFO,07/01/2020,10:41:09,22.5,22.15,1200,23.2,1200,0,31200
TECHM30Jan20780PE.NFO,07/01/2020,10:41:12,22.5,22.15,1200,23.15,1200,0,31200
TECHM30Jan20780PE.NFO,07/01/2020,10:41:21,22.5,22.15,1200,23.05,1200,0,31200
TECHM30Jan20780PE.NFO,07/01/2020,10:41:27,22.5,22.15,1200,23.1,1200,0,31200
TECHM30Jan20780PE.NFO,07/01/2020,10:41:38,22.5,22.15,1200,23,1200,0,31200
TECHM30Jan20780PE.NFO,07/01/2020,10:41:45,22.5,22.15,1200,22.9,1200,0,31200
TECHM30Jan20780PE.NFO,07/01/2020,10:41:49,22.5,22.15,1200,23,1200,0,31200
TECHM30Jan20780PE.NFO,07/01/2020,10:41:52,22.5,22.15,1200,22.95,1200,0,31200
TECHM30Jan20780PE.NFO,07/01/2020,10:42:05,22.5,22.2,1200,23.1,3600,0,31200
TECHM30Jan20780PE.NFO,07/01/2020,10:42:10,22.5,22.2,1200,22.9,1200,0,31200
TECHM30Jan20780PE.NFO,07/01/2020,10:42:14,22.5,22.15,1200,22.9,1200,0,31200
TECHM30Jan20780PE.NFO,07/01/2020,10:42:19,22.5,22.15,1200,22.85,1200,0,31200
TECHM30Jan20780PE.NFO,07/01/2020,10:42:25,22.5,22.15,1200,22.8,1200,0,31200
TECHM30Jan20780PE.NFO,07/01/2020,10:42:28,22.5,22.15,1200,22.85,1200,0,31200
TECHM30Jan20780PE.NFO,07/01/2020,10:42:32,22.5,22.15,1200,22.8,1200,0,31200
TECHM30Jan20780PE.NFO,07/01/2020,10:42:42,22.5,22.1,1200,22.8,1200,0,31200
TECHM30Jan20780PE.NFO,07/01/2020,10:42:45,22.5,22.1,1200,22.7,1200,0,31200
TECHM30Jan20780PE.NFO,07/01/2020,10:42:50,22.5,22.1,1200,23.2,3600,0,31200
TECHM30Jan20780PE.NFO,07/01/2020,10:42:52,22.5,22.05,1200,22.9,1200,0,31200
TECHM30Jan20780PE.NFO,07/01/2020,10:42:57,22.5,21.95,1200,22.75,1200,0,31200
TECHM30Jan20780PE.NFO,07/01/2020,10:43:00,22.5,21.95,1200,22.65,1200,0,31200
TECHM30Jan20780PE.NFO,07/01/2020,10:43:02,22.5,21.95,1200,22.85,1200,0,31200
TECHM30Jan20780PE.NFO,07/01/2020,10:43:05,22.5,21.9,1200,22.55,1200,0,31200
TECHM30Jan20780PE.NFO,07/01/2020,10:43:08,22.5,22.05,3600,22.7,1200,0,31200
TECHM30Jan20780PE.NFO,07/01/2020,10:43:12,22.5,21.9,1200,22.55,1200,0,31200
TECHM30Jan20780PE.NFO,07/01/2020,10:43:14,22.5,21.9,1200,23.15,7200,0,31200
TECHM30Jan20780PE.NFO,07/01/2020,10:43:16,22.5,21.9,1200,22.85,1200,0,31200
TECHM30Jan20780PE.NFO,07/01/2020,10:43:19,22.5,21.85,1200,22.5,1200,0,31200
TECHM30Jan20780PE.NFO,07/01/2020,10:43:21,22.5,21.7,1200,22.3,1200,0,31200
TECHM30Jan20780PE.NFO,07/01/2020,10:43:24,22.5,21.65,1200,22.2,1200,0,31200
TECHM30Jan20780PE.NFO,07/01/2020,10:43:29,22.5,21.65,1200,22.1,1200,0,31200
TECHM30Jan20780PE.NFO,07/01/2020,10:43:33,22.5,21.65,1200,22.4,1200,0,31200
TECHM30Jan20780PE.NFO,07/01/2020,10:43:36,22.5,21.65,1200,22.2,1200,0,31200
TECHM30Jan20780PE.NFO,07/01/2020,10:43:39,22.5,21.65,1200,22.1,1200,0,31200
TECHM30Jan20780PE.NFO,07/01/2020,10:43:44,22.5,21.75,1200,22.45,1200,0,31200
TECHM30Jan20780PE.NFO,07/01/2020,10:43:48,22.5,21.65,1200,22.3,1200,0,31200
TECHM30Jan20780PE.NFO,07/01/2020,10:43:51,22.5,21.65,1200,22.2,1200,0,31200
TECHM30Jan20780PE.NFO,07/01/2020,10:44:02,22.5,21.65,1200,22.6,1200,0,31200
TECHM30Jan20780PE.NFO,07/01/2020,10:44:05,22.5,21.8,1200,22.4,1200,0,31200
TECHM30Jan20780PE.NFO,07/01/2020,10:44:19,22.5,21.8,1200,22.5,1200,0,31200
TECHM30Jan20780PE.NFO,07/01/2020,10:44:22,22.5,21.85,2400,22.45,1200,0,31200
TECHM30Jan20780PE.NFO,07/01/2020,10:44:25,22.5,21.85,1200,22.8,1200,0,31200
TECHM30Jan20780PE.NFO,07/01/2020,10:44:27,22.5,21.85,1200,22.55,1200,0,31200
TECHM30Jan20780PE.NFO,07/01/2020,10:44:30,22.5,21.85,1200,22.5,1200,0,31200
TECHM30Jan20780PE.NFO,07/01/2020,10:44:32,22.5,21.85,1200,22.55,1200,0,31200
TECHM30Jan20780PE.NFO,07/01/2020,10:44:35,22.5,21.85,1200,22.5,1200,0,31200
TECHM30Jan20780PE.NFO,07/01/2020,10:44:38,22.5,21.85,2400,22.5,1200,0,31200
TECHM30Jan20780PE.NFO,07/01/2020,10:44:41,22.5,21.85,1200,22.7,1200,0,31200
TECHM30Jan20780PE.NFO,07/01/2020,10:44:44,22.5,21.85,1200,22.5,1200,0,31200
TECHM30Jan20780PE.NFO,07/01/2020,10:44:47,22.5,21.8,1200,22.4,1200,0,31200
TECHM30Jan20780PE.NFO,07/01/2020,10:44:50,22.5,21.7,1200,22.35,1200,0,31200
TECHM30Jan20780PE.NFO,07/01/2020,10:44:53,22.5,21.7,1200,22.25,1200,0,31200
TECHM30Jan20780PE.NFO,07/01/2020,10:45:02,22.5,21.65,2400,22.25,1200,0,31200
TECHM30Jan20780PE.NFO,07/01/2020,10:45:07,22.5,21.65,3600,22.25,1200,0,31200
TECHM30Jan20780PE.NFO,07/01/2020,10:45:30,22.5,21.65,3600,22.15,1200,0,31200
TECHM30Jan20780PE.NFO,07/01/2020,10:45:36,22.5,21.65,2400,22.15,1200,0,31200
TECHM30Jan20780PE.NFO,07/01/2020,10:45:39,22.5,21.65,1200,22.35,1200,0,31200
TECHM30Jan20780PE.NFO,07/01/2020,10:45:42,22.5,21.65,1200,22.3,1200,0,31200
TECHM30Jan20780PE.NFO,07/01/2020,10:45:44,22.5,21.65,1200,22.25,1200,0,31200
TECHM30Jan20780PE.NFO,07/01/2020,10:45:54,22.5,21.5,1200,22.2,2400,0,31200
TECHM30Jan20780PE.NFO,07/01/2020,10:45:58,22.5,21.45,1200,22,1200,0,31200
TECHM30Jan20780PE.NFO,07/01/2020,10:46:06,22.5,21.05,1200,21.85,1200,0,31200
TECHM30Jan20780PE.NFO,07/01/2020,10:46:09,22.5,21.05,3600,21.75,1200,0,31200
TECHM30Jan20780PE.NFO,07/01/2020,10:46:12,22.5,21.1,1200,21.75,1200,0,31200
TECHM30Jan20780PE.NFO,07/01/2020,10:46:19,22.5,21.2,1200,21.95,2400,0,31200
TECHM30Jan20780PE.NFO,07/01/2020,10:46:23,22.5,21.25,1200,22.05,1200,0,31200
TECHM30Jan20780PE.NFO,07/01/2020,10:46:26,22.5,21.35,1200,22.65,1200,0,31200
TECHM30Jan20780PE.NFO,07/01/2020,10:46:30,22.5,21.6,1200,22.45,1200,0,31200
TECHM30Jan20780PE.NFO,07/01/2020,10:46:33,22.5,21.7,1200,23,4800,0,31200
TECHM30Jan20780PE.NFO,07/01/2020,10:46:37,22.5,21.6,1200,22.55,1200,0,31200
TECHM30Jan20780PE.NFO,07/01/2020,10:46:40,22.5,21.6,1200,22.5,1200,0,31200
TECHM30Jan20780PE.NFO,07/01/2020,10:46:43,22.5,21.6,1200,22.4,1200,0,31200
TECHM30Jan20780PE.NFO,07/01/2020,10:46:46,22.5,21.6,1200,22.55,2400,0,31200
TECHM30Jan20780PE.NFO,07/01/2020,10:46:49,22.5,21.6,1200,22.4,1200,0,31200
TECHM30Jan20780PE.NFO,07/01/2020,10:46:51,22.5,21.6,1200,22.3,1200,0,31200
TECHM30Jan20780PE.NFO,07/01/2020,10:46:57,22.5,21.75,1200,22.8,1200,0,31200
TECHM30Jan20780PE.NFO,07/01/2020,10:47:01,22.5,21.75,1200,22.65,1200,0,31200
TECHM30Jan20780PE.NFO,07/01/2020,10:47:04,22.5,21.65,1200,22.4,1200,0,31200
TECHM30Jan20780PE.NFO,07/01/2020,10:47:10,22.5,21.65,1200,22.3,1200,0,31200
TECHM30Jan20780PE.NFO,07/01/2020,10:47:12,22.5,21.65,1200,22.8,4800,0,31200
TECHM30Jan20780PE.NFO,07/01/2020,10:47:17,22.5,21.65,1200,22.4,1200,0,31200
TECHM30Jan20780PE.NFO,07/01/2020,10:47:22,22.5,21.65,1200,22.3,1200,0,31200
TECHM30Jan20780PE.NFO,07/01/2020,10:47:26,22.5,21.35,1200,22.8,4800,0,31200
TECHM30Jan20780PE.NFO,07/01/2020,10:47:30,22.5,21.3,1200,22.3,1200,0,31200
TECHM30Jan20780PE.NFO,07/01/2020,10:47:34,22.5,21.35,1200,22.15,1200,0,31200
TECHM30Jan20780PE.NFO,07/01/2020,10:47:38,22.5,21.35,1200,22.1,1200,0,31200
TECHM30Jan20780PE.NFO,07/01/2020,10:47:41,22.5,21.3,1200,22.1,1200,0,31200
TECHM30Jan20780PE.NFO,07/01/2020,10:47:45,22.5,21.3,1200,22.35,1200,0,31200
TECHM30Jan20780PE.NFO,07/01/2020,10:47:49,22.5,21.3,1200,22.1,1200,0,31200
TECHM30Jan20780PE.NFO,07/01/2020,10:47:53,22.5,21.3,1200,22.05,1200,0,31200
TECHM30Jan20780PE.NFO,07/01/2020,10:47:56,22.5,21.3,1200,22.6,4800,0,31200
TECHM30Jan20780PE.NFO,07/01/2020,10:48:00,22.5,21.25,1200,22.2,1200,0,31200
TECHM30Jan20780PE.NFO,07/01/2020,10:48:04,22.5,21.05,1200,22.3,1200,0,31200
TECHM30Jan20780PE.NFO,07/01/2020,10:48:08,22.5,21.05,1200,21.95,1200,0,31200
TECHM30Jan20780PE.NFO,07/01/2020,10:48:13,22.5,21.05,1200,22.25,1200,0,31200
TECHM30Jan20780PE.NFO,07/01/2020,10:48:17,22.5,21.15,1200,22,1200,0,31200
TECHM30Jan20780PE.NFO,07/01/2020,10:48:20,22.5,21.2,1200,22.1,2400,0,31200
TECHM30Jan20780PE.NFO,07/01/2020,10:48:24,22.5,21.15,1200,22,1200,0,31200
TECHM30Jan20780PE.NFO,07/01/2020,10:48:27,22.5,21.15,1200,22.25,1200,0,31200
TECHM30Jan20780PE.NFO,07/01/2020,10:48:30,22.5,21.15,1200,22.05,1200,0,31200
TECHM30Jan20780PE.NFO,07/01/2020,10:48:33,22.5,21.2,2400,22,1200,0,31200
TECHM30Jan20780PE.NFO,07/01/2020,10:48:39,22.5,21.2,2400,21.9,1200,0,31200
TECHM30Jan20780PE.NFO,07/01/2020,10:48:44,22.5,21.2,1200,21.9,1200,0,31200
TECHM30Jan20780PE.NFO,07/01/2020,10:48:51,22.5,21.2,1200,21.95,1200,0,31200
TECHM30Jan20780PE.NFO,07/01/2020,10:48:55,22.5,21.25,1200,22.1,1200,0,31200
TECHM30Jan20780PE.NFO,07/01/2020,10:49:03,22.5,21.3,1200,22,1200,0,31200
TECHM30Jan20780PE.NFO,07/01/2020,10:49:06,22.5,21.3,1200,22.25,1200,0,31200
TECHM30Jan20780PE.NFO,07/01/2020,10:49:09,22.5,21.35,1200,22.05,1200,0,31200
TECHM30Jan20780PE.NFO,07/01/2020,10:49:13,22.5,21.4,1200,22.05,1200,0,31200
TECHM30Jan20780PE.NFO,07/01/2020,10:49:17,22.5,21.3,1200,22,1200,0,31200
TECHM30Jan20780PE.NFO,07/01/2020,10:49:20,22.5,21.3,1200,21.95,1200,0,31200
TECHM30Jan20780PE.NFO,07/01/2020,10:49:23,22.5,21.3,1200,21.9,1200,0,31200
TECHM30Jan20780PE.NFO,07/01/2020,10:49:30,22.5,21.3,3600,22,1200,0,31200
TECHM30Jan20780PE.NFO,07/01/2020,10:49:33,22.5,21.25,1200,22,1200,0,31200
TECHM30Jan20780PE.NFO,07/01/2020,10:49:35,22.5,21.25,1200,22.05,1200,0,31200
TECHM30Jan20780PE.NFO,07/01/2020,10:49:38,22.5,21.25,1200,22,1200,0,31200
TECHM30Jan20780PE.NFO,07/01/2020,10:49:41,22.5,21.15,1200,21.95,1200,0,31200
TECHM30Jan20780PE.NFO,07/01/2020,10:49:44,22.5,21.15,3600,21.8,1200,0,31200
TECHM30Jan20780PE.NFO,07/01/2020,10:49:48,22.5,21.05,1200,22.3,4800,0,31200
TECHM30Jan20780PE.NFO,07/01/2020,10:49:51,22.5,21.05,1200,21.85,1200,0,31200
TECHM30Jan20780PE.NFO,07/01/2020,10:49:55,22.5,21,1200,21.7,1200,0,31200
TECHM30Jan20780PE.NFO,07/01/2020,10:50:01,22.5,21,1200,21.65,1200,0,31200
TECHM30Jan20780PE.NFO,07/01/2020,10:50:07,22.5,20.75,1200,21.7,1200,0,31200
TECHM30Jan20780PE.NFO,07/01/2020,10:50:12,22.5,20.8,1200,21.55,1200,0,31200
TECHM30Jan20780PE.NFO,07/01/2020,10:50:28,22.5,20.7,1200,21.5,1200,0,31200
TECHM30Jan20780PE.NFO,07/01/2020,10:50:33,20.6,20.35,1200,21.65,2400,1200,33600
TECHM30Jan20780PE.NFO,07/01/2020,10:50:33,20.6,20.35,1200,21.65,2400,0,33600
TECHM30Jan20780PE.NFO,07/01/2020,10:50:39,20.6,20.35,1200,21.4,1200,0,33600
TECHM30Jan20780PE.NFO,07/01/2020,10:50:44,20.6,20.45,1200,21.65,1200,0,33600
TECHM30Jan20780PE.NFO,07/01/2020,10:50:49,20.6,20.45,1200,21.85,3600,0,33600
TECHM30Jan20780PE.NFO,07/01/2020,10:50:53,20.45,20.5,1200,21.7,1200,1200,32400
TECHM30Jan20780PE.NFO,07/01/2020,10:50:53,20.45,20.5,1200,21.7,1200,0,32400
TECHM30Jan20780PE.NFO,07/01/2020,10:50:57,20.45,20.5,1200,21.7,1200,0,32400
TECHM30Jan20780PE.NFO,07/01/2020,10:51:01,20.45,20.5,1200,21.65,1200,0,32400
TECHM30Jan20780PE.NFO,07/01/2020,10:51:05,20.45,20.5,1200,21.5,1200,0,32400
TECHM30Jan20780PE.NFO,07/01/2020,10:51:09,20.45,20.5,1200,21.6,2400,0,32400
TECHM30Jan20780PE.NFO,07/01/2020,10:51:13,20.45,20.45,1200,21.45,1200,0,32400
TECHM30Jan20780PE.NFO,07/01/2020,10:51:17,20.45,20.45,1200,21.55,1200,0,32400
TECHM30Jan20780PE.NFO,07/01/2020,10:51:29,20.45,20.45,1200,21.45,1200,0,32400
TECHM30Jan20780PE.NFO,07/01/2020,10:51:37,20.45,20.45,1200,21.65,3600,0,32400
TECHM30Jan20780PE.NFO,07/01/2020,10:51:40,20.45,20.2,1200,21.55,1200,0,32400
TECHM30Jan20780PE.NFO,07/01/2020,10:51:45,20.45,20.3,1200,21.5,1200,0,32400
TECHM30Jan20780PE.NFO,07/01/2020,10:51:49,20.45,20.3,1200,21.55,1200,0,32400
TECHM30Jan20780PE.NFO,07/01/2020,10:51:54,20.45,20.4,2400,21.45,1200,0,32400
TECHM30Jan20780PE.NFO,07/01/2020,10:51:58,20.45,20.4,2400,21.55,1200,0,32400
TECHM30Jan20780PE.NFO,07/01/2020,10:52:02,20.45,20.4,2400,21.5,1200,0,32400
TECHM30Jan20780PE.NFO,07/01/2020,10:52:05,20.45,20.4,2400,21.6,1200,0,32400
TECHM30Jan20780PE.NFO,07/01/2020,10:52:10,20.45,20.55,1200,21.5,1200,0,32400
TECHM30Jan20780PE.NFO,07/01/2020,10:52:15,20.45,20.5,1200,21.45,1200,0,32400
TECHM30Jan20780PE.NFO,07/01/2020,10:52:29,20.45,20.4,2400,21.45,1200,0,32400
TECHM30Jan20780PE.NFO,07/01/2020,10:52:33,20.45,20.5,1200,21.45,1200,0,32400
TECHM30Jan20780PE.NFO,07/01/2020,10:52:37,20.45,20.55,1200,21.45,1200,0,32400
TECHM30Jan20780PE.NFO,07/01/2020,10:52:41,20.45,20.4,2400,21.45,1200,0,32400
TECHM30Jan20780PE.NFO,07/01/2020,10:52:45,20.45,20.25,1200,21.2,1200,0,32400
TECHM30Jan20780PE.NFO,07/01/2020,10:52:59,20.45,20.2,1200,21.3,1200,0,32400
TECHM30Jan20780PE.NFO,07/01/2020,10:53:05,20.45,20.2,1200,21.35,2400,0,32400
TECHM30Jan20780PE.NFO,07/01/2020,10:53:11,20.45,20.2,1200,21.3,1200,0,32400
TECHM30Jan20780PE.NFO,07/01/2020,10:53:19,20.45,20.2,1200,21.35,1200,0,32400
TECHM30Jan20780PE.NFO,07/01/2020,10:53:25,20.45,20.3,1200,21.2,1200,0,32400
TECHM30Jan20780PE.NFO,07/01/2020,10:53:30,20.45,20.25,1200,21.2,1200,0,32400
TECHM30Jan20780PE.NFO,07/01/2020,10:53:35,20.45,20.15,1200,21.35,1200,0,32400
TECHM30Jan20780PE.NFO,07/01/2020,10:53:41,20.45,20.25,1200,21.15,1200,0,32400
TECHM30Jan20780PE.NFO,07/01/2020,10:53:47,20.45,20.2,1200,21.1,1200,0,32400
TECHM30Jan20780PE.NFO,07/01/2020,10:53:53,20.45,20.2,1200,21.2,1200,0,32400
TECHM30Jan20780PE.NFO,07/01/2020,10:54:00,20.45,20.2,1200,21.15,1200,0,32400
TECHM30Jan20780PE.NFO,07/01/2020,10:54:06,20.45,20.15,1200,21.05,1200,0,32400
TECHM30Jan20780PE.NFO,07/01/2020,10:54:11,20.45,20.1,1200,21.65,3600,0,32400
TECHM30Jan20780PE.NFO,07/01/2020,10:54:18,20.45,20.15,1200,21.4,1200,0,32400
TECHM30Jan20780PE.NFO,07/01/2020,10:54:23,20.45,20.15,1200,21.35,1200,0,32400
TECHM30Jan20780PE.NFO,07/01/2020,10:54:28,20.45,20.25,1200,21.35,1200,0,32400
TECHM30Jan20780PE.NFO,07/01/2020,10:54:33,20.45,20.25,2400,21.35,1200,0,32400
TECHM30Jan20780PE.NFO,07/01/2020,10:54:37,20.45,20.25,2400,21.2,1200,0,32400
TECHM30Jan20780PE.NFO,07/01/2020,10:54:42,20.45,20.25,2400,21.35,2400,0,32400
TECHM30Jan20780PE.NFO,07/01/2020,10:54:47,20.45,20.55,2400,21.5,1200,0,32400
TECHM30Jan20780PE.NFO,07/01/2020,10:54:52,20.45,20.55,2400,21.4,1200,0,32400
TECHM30Jan20780PE.NFO,07/01/2020,10:54:56,20.45,20.55,2400,21.3,1200,0,32400
TECHM30Jan20780PE.NFO,07/01/2020,10:55:01,20.45,20.55,2400,21.45,1200,0,32400
TECHM30Jan20780PE.NFO,07/01/2020,10:55:05,20.45,20.55,2400,21.45,2400,0,32400
TECHM30Jan20780PE.NFO,07/01/2020,10:55:09,20.45,20.55,2400,21.3,1200,0,32400
TECHM30Jan20780PE.NFO,07/01/2020,10:55:14,20.45,20.55,2400,21.4,1200,0,32400
TECHM30Jan20780PE.NFO,07/01/2020,10:55:19,20.45,20.55,2400,21.5,1200,0,32400
TECHM30Jan20780PE.NFO,07/01/2020,10:55:23,20.45,20.55,2400,21.75,1200,0,32400
TECHM30Jan20780PE.NFO,07/01/2020,10:55:27,20.45,20.55,2400,21.7,1200,0,32400
TECHM30Jan20780PE.NFO,07/01/2020,10:55:33,20.45,20.55,2400,21.55,1200,0,32400
TECHM30Jan20780PE.NFO,07/01/2020,10:55:39,20.45,20.55,2400,21.65,1200,0,32400
TECHM30Jan20780PE.NFO,07/01/2020,10:55:43,20.45,20.55,2400,21.55,1200,0,32400
TECHM30Jan20780PE.NFO,07/01/2020,10:56:06,20.45,20.55,2400,21.85,4800,0,32400
TECHM30Jan20780PE.NFO,07/01/2020,10:56:13,20.45,20.55,2400,21.55,1200,0,32400
TECHM30Jan20780PE.NFO,07/01/2020,10:56:22,20.45,20.55,2400,21.85,4800,0,32400
TECHM30Jan20780PE.NFO,07/01/2020,10:56:27,20.45,20.55,2400,21.6,1200,0,32400
TECHM30Jan20780PE.NFO,07/01/2020,10:56:31,20.45,20.9,1200,21.6,1200,0,32400
TECHM30Jan20780PE.NFO,07/01/2020,10:56:36,20.45,20.8,2400,21.6,1200,0,32400
TECHM30Jan20780PE.NFO,07/01/2020,10:56:41,20.45,20.45,1200,22,6000,0,32400
TECHM30Jan20780PE.NFO,07/01/2020,10:56:46,20.45,20.55,2400,21.45,1200,0,32400
TECHM30Jan20780PE.NFO,07/01/2020,10:56:50,20.45,20.55,2400,21.7,2400,0,32400
TECHM30Jan20780PE.NFO,07/01/2020,10:56:55,20.45,20.55,2400,21.5,1200,0,32400
TECHM30Jan20780PE.NFO,07/01/2020,10:56:59,20.45,20.55,2400,21.6,1200,0,32400
TECHM30Jan20780PE.NFO,07/01/2020,10:57:07,20.45,20.55,2400,21.55,1200,0,32400
TECHM30Jan20780PE.NFO,07/01/2020,10:57:21,20.45,20.65,1200,21.55,1200,0,32400
TECHM30Jan20780PE.NFO,07/01/2020,10:57:27,20.45,20.8,2400,21.6,1200,0,32400
TECHM30Jan20780PE.NFO,07/01/2020,10:57:34,20.45,20.8,2400,21.55,1200,0,32400
TECHM30Jan20780PE.NFO,07/01/2020,10:57:40,20.45,20.8,2400,21.5,1200,0,32400
TECHM30Jan20780PE.NFO,07/01/2020,10:57:46,20.45,20.8,2400,22.05,7200,0,32400
TECHM30Jan20780PE.NFO,07/01/2020,10:59:05,20.45,20.8,1200,22.05,7200,0,32400
TECHM30Jan20780PE.NFO,07/01/2020,10:59:11,20.45,20.75,1200,22.05,7200,0,32400
TECHM30Jan20780PE.NFO,07/01/2020,10:59:21,20.45,20.7,1200,22.05,7200,0,32400
TECHM30Jan20780PE.NFO,07/01/2020,10:59:26,20.45,20.75,1200,22.05,7200,0,32400
TECHM30Jan20780PE.NFO,07/01/2020,10:59:37,20.45,20.8,2400,21.7,1200,0,32400
TECHM30Jan20780PE.NFO,07/01/2020,10:59:43,20.45,20.8,2400,22.25,7200,0,32400
TECHM30Jan20780PE.NFO,07/01/2020,11:00:17,20.45,20.65,1200,22.25,6000,0,32400
TECHM30Jan20780PE.NFO,07/01/2020,11:00:24,20.45,20.55,2400,21.55,3600,0,32400
TECHM30Jan20780PE.NFO,07/01/2020,11:00:30,20.45,20.55,2400,21.65,2400,0,32400
TECHM30Jan20780PE.NFO,07/01/2020,11:00:38,20.45,20.55,2400,21.6,2400,0,32400
TECHM30Jan20780PE.NFO,07/01/2020,11:00:45,20.45,20.55,2400,21.6,1200,0,32400
TECHM30Jan20780PE.NFO,07/01/2020,11:01:06,20.45,20.55,2400,21.5,1200,0,32400
TECHM30Jan20780PE.NFO,07/01/2020,11:01:14,20.45,20.55,2400,21.55,1200,0,32400
TECHM30Jan20780PE.NFO,07/01/2020,11:01:21,20.45,20.55,2400,22.15,7200,0,32400
TECHM30Jan20780PE.NFO,07/01/2020,11:02:13,20.45,20.5,2400,22.15,7200,0,32400
TECHM30Jan20780PE.NFO,07/01/2020,11:02:20,20.45,20.55,1200,22.15,7200,0,32400
TECHM30Jan20780PE.NFO,07/01/2020,11:02:27,20.45,20.5,1200,22.15,7200,0,32400
TECHM30Jan20780PE.NFO,07/01/2020,11:02:34,20.45,20.55,1200,21.75,3600,0,32400
TECHM30Jan20780PE.NFO,07/01/2020,11:02:40,20.45,20.55,2400,21.65,2400,0,32400
TECHM30Jan20780PE.NFO,07/01/2020,11:02:46,20.45,20.55,2400,21.7,1200,0,32400
TECHM30Jan20780PE.NFO,07/01/2020,11:03:06,20.45,20.95,1200,21.85,1200,0,32400
TECHM30Jan20780PE.NFO,07/01/2020,11:03:13,20.45,21,1200,21.85,1200,0,32400
TECHM30Jan20780PE.NFO,07/01/2020,11:03:19,20.45,21.05,1200,22.1,2400,0,32400
TECHM30Jan20780PE.NFO,07/01/2020,11:03:25,20.45,20.95,1200,21.85,1200,0,32400
TECHM30Jan20780PE.NFO,07/01/2020,11:03:44,20.45,21,1200,22,2400,0,32400
TECHM30Jan20780PE.NFO,07/01/2020,11:03:52,20.45,21,1200,21.85,1200,0,32400
TECHM30Jan20780PE.NFO,07/01/2020,11:03:58,20.45,21.05,2400,22.5,7200,0,32400
TECHM30Jan20780PE.NFO,07/01/2020,11:05:19,20.45,21.05,2400,22.2,1200,0,32400
TECHM30Jan20780PE.NFO,07/01/2020,11:05:26,20.45,21.05,2400,22.1,1200,0,32400
TECHM30Jan20780PE.NFO,07/01/2020,11:05:32,20.45,21.05,2400,22.1,2400,0,32400
TECHM30Jan20780PE.NFO,07/01/2020,11:05:39,20.45,21.25,1200,22.7,7200,0,32400
TECHM30Jan20780PE.NFO,07/01/2020,11:05:45,20.45,21.3,1200,22.7,7200,0,32400
TECHM30Jan20780PE.NFO,07/01/2020,11:05:51,20.45,21.3,2400,22.7,7200,0,32400
TECHM30Jan20780PE.NFO,07/01/2020,11:06:12,20.45,21.3,1200,22.7,7200,0,32400
