Ticker,Date,Time,LTP,BuyPrice,BuyQty,SellPrice,SellQty,LTQ,OpenInterest
TECHM30Jan20790PE.NFO,07/01/2020,12:19:12,23.8,23.8,1200,25.85,3600,1200,7200
TECHM30Jan20790PE.NFO,07/01/2020,12:19:12,23.8,23.8,1200,25.85,3600,0,7200
TECHM30Jan20790PE.NFO,07/01/2020,12:19:12,23.8,23.8,1200,25.85,3600,0,7200
TECHM30Jan20790PE.NFO,07/01/2020,12:19:12,23.8,23.8,1200,25.85,3600,0,7200
TECHM30Jan20790PE.NFO,07/01/2020,12:19:16,23.8,23.8,1200,25.95,1200,0,7200
TECHM30Jan20790PE.NFO,07/01/2020,12:19:22,23.8,23.8,1200,25.7,3600,0,7200
TECHM30Jan20790PE.NFO,07/01/2020,12:19:26,23.75,23.05,7200,25.8,3600,1200,7200
TECHM30Jan20790PE.NFO,07/01/2020,12:19:26,23.75,23.05,7200,25.8,3600,0,7200
TECHM30Jan20790PE.NFO,07/01/2020,12:19:30,23.75,23.3,7200,25.9,1200,0,7200
TECHM30Jan20790PE.NFO,07/01/2020,12:19:33,23.75,23.3,3600,25.85,1200,0,7200
TECHM30Jan20790PE.NFO,07/01/2020,12:19:36,23.75,22.9,6000,25.5,3600,0,7200
TECHM30Jan20790PE.NFO,07/01/2020,12:19:43,23.75,23,3600,25.7,6000,0,7200
TECHM30Jan20790PE.NFO,07/01/2020,12:19:48,23.75,23.05,3600,25.75,6000,0,7200
TECHM30Jan20790PE.NFO,07/01/2020,12:19:52,23.75,23.05,3600,26,13200,0,7200
TECHM30Jan20790PE.NFO,07/01/2020,12:19:56,23.75,23.05,3600,25.65,3600,0,7200
TECHM30Jan20790PE.NFO,07/01/2020,12:20:00,23.75,23.05,3600,25.6,3600,0,7200
TECHM30Jan20790PE.NFO,07/01/2020,12:20:04,23.75,23.05,3600,25.35,1200,0,7200
TECHM30Jan20790PE.NFO,07/01/2020,12:20:08,23.75,23.05,3600,25.8,10800,0,7200
TECHM30Jan20790PE.NFO,07/01/2020,12:20:11,23.75,23.05,3600,25.4,1200,0,7200
TECHM30Jan20790PE.NFO,07/01/2020,12:20:14,23.75,23.05,3600,25.6,6000,0,7200
TECHM30Jan20790PE.NFO,07/01/2020,12:20:19,23.75,23.05,3600,25.7,3600,0,7200
TECHM30Jan20790PE.NFO,07/01/2020,12:20:23,23.75,23.05,3600,25.25,3600,0,7200
TECHM30Jan20790PE.NFO,07/01/2020,12:20:27,23.75,23.05,3600,25.3,3600,0,7200
TECHM30Jan20790PE.NFO,07/01/2020,12:20:30,23.75,23.05,3600,25.5,3600,0,7200
TECHM30Jan20790PE.NFO,07/01/2020,12:20:33,23.75,23.05,3600,25.45,3600,0,7200
TECHM30Jan20790PE.NFO,07/01/2020,12:20:36,23.75,23.05,3600,25.2,1200,0,7200
TECHM30Jan20790PE.NFO,07/01/2020,12:20:39,23.75,23.05,6000,25.3,1200,0,7200
TECHM30Jan20790PE.NFO,07/01/2020,12:20:41,23.75,23.05,6000,25.7,1200,0,7200
TECHM30Jan20790PE.NFO,07/01/2020,12:20:44,23.75,23.05,10800,26.15,13200,0,7200
TECHM30Jan20790PE.NFO,07/01/2020,12:20:47,23.75,23.05,8400,25.85,6000,0,7200
TECHM30Jan20790PE.NFO,07/01/2020,12:20:49,23.75,23.05,10800,25.6,1200,0,7200
TECHM30Jan20790PE.NFO,07/01/2020,12:20:52,23.75,23.05,6000,26,8400,0,7200
TECHM30Jan20790PE.NFO,07/01/2020,12:20:55,23.75,23.05,6000,25.65,1200,0,7200
TECHM30Jan20790PE.NFO,07/01/2020,12:20:59,23.75,23.05,6000,25.75,1200,0,7200
TECHM30Jan20790PE.NFO,07/01/2020,12:21:03,23.75,23.05,6000,25.7,3600,0,7200
TECHM30Jan20790PE.NFO,07/01/2020,12:21:07,23.75,23.05,6000,25.9,3600,0,7200
TECHM30Jan20790PE.NFO,07/01/2020,12:21:10,23.75,23.05,6000,25.6,1200,0,7200
TECHM30Jan20790PE.NFO,07/01/2020,12:21:13,23.75,23.05,6000,25.85,3600,0,7200
TECHM30Jan20790PE.NFO,07/01/2020,12:21:17,23.75,23.05,6000,25.8,1200,0,7200
TECHM30Jan20790PE.NFO,07/01/2020,12:21:20,23.75,23.05,8400,25.6,1200,0,7200
TECHM30Jan20790PE.NFO,07/01/2020,12:21:23,23.75,23.05,6000,25.7,1200,0,7200
TECHM30Jan20790PE.NFO,07/01/2020,12:21:25,23.75,23.05,6000,25.6,1200,0,7200
TECHM30Jan20790PE.NFO,07/01/2020,12:21:28,23.75,23.05,6000,25.8,3600,0,7200
TECHM30Jan20790PE.NFO,07/01/2020,12:21:30,23.75,23.05,6000,25.7,3600,0,7200
TECHM30Jan20790PE.NFO,07/01/2020,12:21:33,23.75,23.05,8400,25.45,1200,0,7200
TECHM30Jan20790PE.NFO,07/01/2020,12:21:37,23.75,23.05,10800,25.85,6000,0,7200
TECHM30Jan20790PE.NFO,07/01/2020,12:21:40,23.75,23.05,8400,25.5,1200,0,7200
TECHM30Jan20790PE.NFO,07/01/2020,12:21:43,23.75,23.05,8400,25.8,9600,0,7200
TECHM30Jan20790PE.NFO,07/01/2020,12:21:45,23.75,23.05,10800,25.6,3600,0,7200
TECHM30Jan20790PE.NFO,07/01/2020,12:21:48,23.75,23.05,8400,25.8,6000,0,7200
TECHM30Jan20790PE.NFO,07/01/2020,12:21:51,23.75,23.05,10800,25.5,1200,0,7200
TECHM30Jan20790PE.NFO,07/01/2020,12:21:54,23.75,23.05,10800,25.95,6000,0,7200
TECHM30Jan20790PE.NFO,07/01/2020,12:21:57,23.75,23.05,10800,25.45,1200,0,7200
TECHM30Jan20790PE.NFO,07/01/2020,12:22:02,23.75,23.05,10800,25.9,1200,0,7200
TECHM30Jan20790PE.NFO,07/01/2020,12:22:05,23.75,23.05,13200,25.85,3600,0,7200
TECHM30Jan20790PE.NFO,07/01/2020,12:22:08,23.75,23.05,10800,25.65,3600,0,7200
TECHM30Jan20790PE.NFO,07/01/2020,12:22:11,23.75,23.05,10800,25.85,3600,0,7200
TECHM30Jan20790PE.NFO,07/01/2020,12:22:13,23.75,23.05,10800,25.6,1200,0,7200
TECHM30Jan20790PE.NFO,07/01/2020,12:22:16,23.75,23.05,10800,25.7,3600,0,7200
TECHM30Jan20790PE.NFO,07/01/2020,12:22:22,23.75,23.05,10800,26.1,8400,0,7200
TECHM30Jan20790PE.NFO,07/01/2020,12:22:24,23.75,23.05,10800,25.8,3600,0,7200
TECHM30Jan20790PE.NFO,07/01/2020,12:22:26,23.75,23.05,10800,25.7,3600,0,7200
TECHM30Jan20790PE.NFO,07/01/2020,12:22:29,23.75,23.05,10800,26,3600,0,7200
TECHM30Jan20790PE.NFO,07/01/2020,12:22:32,23.75,23.05,10800,25.95,1200,0,7200
TECHM30Jan20790PE.NFO,07/01/2020,12:22:37,23.75,23.05,10800,25.7,3600,0,7200
TECHM30Jan20790PE.NFO,07/01/2020,12:22:39,23.75,23.05,10800,25.95,1200,0,7200
TECHM30Jan20790PE.NFO,07/01/2020,12:22:41,23.75,23.05,10800,25.8,3600,0,7200
TECHM30Jan20790PE.NFO,07/01/2020,12:22:43,23.75,23.05,13200,25.8,3600,0,7200
TECHM30Jan20790PE.NFO,07/01/2020,12:22:45,23.75,23.05,13200,25.9,3600,0,7200
TECHM30Jan20790PE.NFO,07/01/2020,12:22:49,23.75,23.05,13200,25.95,1200,0,7200
TECHM30Jan20790PE.NFO,07/01/2020,12:22:57,23.75,23.05,13200,26.1,3600,0,7200
TECHM30Jan20790PE.NFO,07/01/2020,12:23:00,23.75,23.05,13200,25.9,1200,0,7200
TECHM30Jan20790PE.NFO,07/01/2020,12:23:03,23.75,23.05,10800,26,3600,0,7200
TECHM30Jan20790PE.NFO,07/01/2020,12:23:06,23.75,23.05,10800,25.65,3600,0,7200
TECHM30Jan20790PE.NFO,07/01/2020,12:23:09,23.75,23.05,10800,25.9,3600,0,7200
TECHM30Jan20790PE.NFO,07/01/2020,12:23:12,23.75,23.05,10800,26.1,13200,0,7200
TECHM30Jan20790PE.NFO,07/01/2020,12:23:15,23.75,23.05,10800,25.8,3600,0,7200
TECHM30Jan20790PE.NFO,07/01/2020,12:23:19,23.75,23.05,10800,25.95,6000,0,7200
TECHM30Jan20790PE.NFO,07/01/2020,12:23:24,23.75,23.05,10800,25.75,1200,0,7200
TECHM30Jan20790PE.NFO,07/01/2020,12:23:27,23.75,23.05,10800,25.85,3600,0,7200
TECHM30Jan20790PE.NFO,07/01/2020,12:23:30,23.75,23.05,8400,25.55,3600,0,7200
TECHM30Jan20790PE.NFO,07/01/2020,12:23:32,23.75,23.05,8400,26,10800,0,7200
TECHM30Jan20790PE.NFO,07/01/2020,12:23:34,23.75,23.05,3600,25.8,6000,0,7200
TECHM30Jan20790PE.NFO,07/01/2020,12:23:35,23.75,23.05,3600,25.65,1200,0,7200
TECHM30Jan20790PE.NFO,07/01/2020,12:23:37,23.75,23.05,6000,25.85,6000,0,7200
TECHM30Jan20790PE.NFO,07/01/2020,12:23:39,23.75,23.05,6000,25.65,3600,0,7200
TECHM30Jan20790PE.NFO,07/01/2020,12:23:41,23.75,23.05,6000,25.75,1200,0,7200
TECHM30Jan20790PE.NFO,07/01/2020,12:23:44,23.75,23.05,3600,25.75,1200,0,7200
TECHM30Jan20790PE.NFO,07/01/2020,12:23:47,23.75,23.05,3600,26,10800,0,7200
TECHM30Jan20790PE.NFO,07/01/2020,12:23:49,23.75,23.05,3600,25.85,3600,0,7200
TECHM30Jan20790PE.NFO,07/01/2020,12:23:50,23.75,23.05,3600,25.8,3600,0,7200
TECHM30Jan20790PE.NFO,07/01/2020,12:23:52,23.75,23.05,3600,25.75,1200,0,7200
TECHM30Jan20790PE.NFO,07/01/2020,12:23:56,23.75,23.05,3600,25.7,1200,0,7200
TECHM30Jan20790PE.NFO,07/01/2020,12:23:58,23.75,23.05,3600,25.9,6000,0,7200
TECHM30Jan20790PE.NFO,07/01/2020,12:23:59,23.75,23.05,3600,25.7,3600,0,7200
TECHM30Jan20790PE.NFO,07/01/2020,12:24:01,23.75,23.05,3600,25.75,6000,0,7200
TECHM30Jan20790PE.NFO,07/01/2020,12:24:04,23.75,23.05,3600,25.5,1200,0,7200
TECHM30Jan20790PE.NFO,07/01/2020,12:24:05,23.75,23.05,3600,25.95,6000,0,7200
TECHM30Jan20790PE.NFO,07/01/2020,12:24:07,23.75,23.05,3600,25.75,3600,0,7200
TECHM30Jan20790PE.NFO,07/01/2020,12:24:09,23.75,23.05,3600,25.65,3600,0,7200
TECHM30Jan20790PE.NFO,07/01/2020,12:24:11,23.75,23.05,3600,25.5,1200,0,7200
TECHM30Jan20790PE.NFO,07/01/2020,12:24:12,23.75,23.05,3600,25.8,3600,0,7200
TECHM30Jan20790PE.NFO,07/01/2020,12:24:13,23.75,23.05,3600,25.8,6000,0,7200
TECHM30Jan20790PE.NFO,07/01/2020,12:24:14,23.75,23.05,3600,25.6,3600,0,7200
TECHM30Jan20790PE.NFO,07/01/2020,12:24:15,23.75,23.05,3600,25.55,1200,0,7200
TECHM30Jan20790PE.NFO,07/01/2020,12:24:16,23.75,23.05,3600,25.7,1200,0,7200
TECHM30Jan20790PE.NFO,07/01/2020,12:24:17,23.75,23.05,3600,25.95,8400,0,7200
TECHM30Jan20790PE.NFO,07/01/2020,12:24:18,23.75,23.05,3600,25.8,6000,0,7200
TECHM30Jan20790PE.NFO,07/01/2020,12:24:19,23.75,23.05,3600,25.7,3600,0,7200
TECHM30Jan20790PE.NFO,07/01/2020,12:24:20,23.75,23.05,3600,25.55,1200,0,7200
TECHM30Jan20790PE.NFO,07/01/2020,12:24:21,23.75,23.05,3600,25.7,1200,0,7200
TECHM30Jan20790PE.NFO,07/01/2020,12:24:22,23.75,23.05,3600,25.65,3600,0,7200
TECHM30Jan20790PE.NFO,07/01/2020,12:24:23,23.75,23.05,3600,25.6,1200,0,7200
TECHM30Jan20790PE.NFO,07/01/2020,12:24:24,23.75,23.05,3600,25.65,3600,0,7200
TECHM30Jan20790PE.NFO,07/01/2020,12:24:25,23.75,23.05,3600,25.6,1200,0,7200
TECHM30Jan20790PE.NFO,07/01/2020,12:24:26,23.75,23.05,3600,25.9,3600,0,7200
TECHM30Jan20790PE.NFO,07/01/2020,12:24:27,23.75,23.05,3600,25.75,3600,0,7200
TECHM30Jan20790PE.NFO,07/01/2020,12:24:28,23.75,23.05,3600,25.65,3600,0,7200
TECHM30Jan20790PE.NFO,07/01/2020,12:24:29,23.75,23.05,3600,25.6,1200,0,7200
TECHM30Jan20790PE.NFO,07/01/2020,12:24:30,23.75,23.05,3600,25.85,10800,0,7200
TECHM30Jan20790PE.NFO,07/01/2020,12:24:31,23.75,23.05,6000,25.8,2400,0,7200
TECHM30Jan20790PE.NFO,07/01/2020,12:24:32,23.75,23.05,6000,25.7,3600,0,7200
TECHM30Jan20790PE.NFO,07/01/2020,12:24:33,23.75,23.05,6000,25.5,1200,0,7200
TECHM30Jan20790PE.NFO,07/01/2020,12:24:34,23.75,23.05,6000,25.9,10800,0,7200
TECHM30Jan20790PE.NFO,07/01/2020,12:24:35,23.75,23.05,6000,25.7,6000,0,7200
TECHM30Jan20790PE.NFO,07/01/2020,12:24:36,23.75,23.05,6000,25.6,2400,0,7200
TECHM30Jan20790PE.NFO,07/01/2020,12:24:37,23.75,23.05,6000,25.55,1200,0,7200
TECHM30Jan20790PE.NFO,07/01/2020,12:24:38,23.75,23.05,6000,25.45,1200,0,7200
TECHM30Jan20790PE.NFO,07/01/2020,12:24:39,23.75,23.05,6000,25.85,1200,0,7200
TECHM30Jan20790PE.NFO,07/01/2020,12:24:41,23.75,23.05,6000,25.95,3600,0,7200
TECHM30Jan20790PE.NFO,07/01/2020,12:24:42,23.75,23.05,6000,25.85,3600,0,7200
TECHM30Jan20790PE.NFO,07/01/2020,12:24:43,23.75,23.05,6000,25.7,3600,0,7200
TECHM30Jan20790PE.NFO,07/01/2020,12:24:44,23.75,23.05,3600,25.95,3600,0,7200
TECHM30Jan20790PE.NFO,07/01/2020,12:24:45,23.75,23.05,3600,25.8,3600,0,7200
TECHM30Jan20790PE.NFO,07/01/2020,12:24:46,23.75,23.05,3600,25.7,3600,0,7200
TECHM30Jan20790PE.NFO,07/01/2020,12:24:47,23.75,23.05,3600,25.65,1200,0,7200
TECHM30Jan20790PE.NFO,07/01/2020,12:24:48,23.75,23.05,3600,25.6,3600,0,7200
TECHM30Jan20790PE.NFO,07/01/2020,12:24:49,23.75,23.05,6000,25.65,3600,0,7200
TECHM30Jan20790PE.NFO,07/01/2020,12:24:50,23.75,23.05,6000,25.85,3600,0,7200
TECHM30Jan20790PE.NFO,07/01/2020,12:24:51,23.75,23.05,6000,25.75,3600,0,7200
TECHM30Jan20790PE.NFO,07/01/2020,12:24:52,23.75,23.05,6000,25.7,1200,0,7200
TECHM30Jan20790PE.NFO,07/01/2020,12:24:53,23.75,23.05,6000,26.15,10800,0,7200
TECHM30Jan20790PE.NFO,07/01/2020,12:24:54,23.75,23.05,6000,25.95,3600,0,7200
TECHM30Jan20790PE.NFO,07/01/2020,12:24:55,23.75,23.05,6000,25.85,3600,0,7200
TECHM30Jan20790PE.NFO,07/01/2020,12:24:56,23.75,23.05,6000,25.8,1200,0,7200
TECHM30Jan20790PE.NFO,07/01/2020,12:24:57,23.75,23.05,8400,25.75,1200,0,7200
TECHM30Jan20790PE.NFO,07/01/2020,12:24:58,23.75,23.05,8400,26,8400,0,7200
TECHM30Jan20790PE.NFO,07/01/2020,12:24:59,23.75,23.05,8400,25.85,6000,0,7200
TECHM30Jan20790PE.NFO,07/01/2020,12:25:00,23.75,23.05,3600,25.75,6000,0,7200
TECHM30Jan20790PE.NFO,07/01/2020,12:25:01,23.75,23.05,3600,25.65,6000,0,7200
TECHM30Jan20790PE.NFO,07/01/2020,12:25:02,23.75,23.05,3600,25.55,3600,0,7200
TECHM30Jan20790PE.NFO,07/01/2020,12:25:03,23.75,23.05,3600,25.45,3600,0,7200
TECHM30Jan20790PE.NFO,07/01/2020,12:25:04,23.75,23.05,3600,25.35,3600,0,7200
TECHM30Jan20790PE.NFO,07/01/2020,12:25:05,23.75,23.05,3600,25.55,1200,0,7200
TECHM30Jan20790PE.NFO,07/01/2020,12:25:06,23.75,23.05,3600,25.4,3600,0,7200
TECHM30Jan20790PE.NFO,07/01/2020,12:25:07,23.75,23.05,3600,25.3,3600,0,7200
TECHM30Jan20790PE.NFO,07/01/2020,12:25:08,23.75,23.05,3600,25.25,1200,0,7200
TECHM30Jan20790PE.NFO,07/01/2020,12:25:09,23.75,23.05,3600,25.5,3600,0,7200
TECHM30Jan20790PE.NFO,07/01/2020,12:25:10,23.75,23.05,3600,25.4,3600,0,7200
TECHM30Jan20790PE.NFO,07/01/2020,12:25:11,23.75,23.05,3600,25.35,1200,0,7200
TECHM30Jan20790PE.NFO,07/01/2020,12:25:12,23.75,23.05,3600,25.3,3600,0,7200
TECHM30Jan20790PE.NFO,07/01/2020,12:25:13,23.75,23.05,3600,25.25,1200,0,7200
TECHM30Jan20790PE.NFO,07/01/2020,12:25:14,23.75,23.05,3600,25.4,3600,0,7200
TECHM30Jan20790PE.NFO,07/01/2020,12:25:15,23.75,23.05,3600,25.3,3600,0,7200
TECHM30Jan20790PE.NFO,07/01/2020,12:25:16,23.75,23.05,3600,25.4,3600,0,7200
TECHM30Jan20790PE.NFO,07/01/2020,12:25:17,23.75,23.05,3600,25.3,3600,0,7200
TECHM30Jan20790PE.NFO,07/01/2020,12:25:18,23.75,23.05,3600,25.35,1200,0,7200
TECHM30Jan20790PE.NFO,07/01/2020,12:25:19,23.75,23.05,3600,25.4,3600,0,7200
TECHM30Jan20790PE.NFO,07/01/2020,12:25:20,23.75,23.05,3600,25.3,3600,0,7200
TECHM30Jan20790PE.NFO,07/01/2020,12:25:21,23.75,23.05,1200,25.25,1200,0,7200
TECHM30Jan20790PE.NFO,07/01/2020,12:25:22,23.75,22.7,13200,25.5,3600,0,7200
TECHM30Jan20790PE.NFO,07/01/2020,12:25:23,23.75,22.7,13200,25.4,3600,0,7200
TECHM30Jan20790PE.NFO,07/01/2020,12:25:24,23.75,22.7,13200,25.35,1200,0,7200
TECHM30Jan20790PE.NFO,07/01/2020,12:25:25,23.75,22.7,13200,25.7,3600,0,7200
TECHM30Jan20790PE.NFO,07/01/2020,12:25:26,23.75,22.7,13200,25.6,3600,0,7200
TECHM30Jan20790PE.NFO,07/01/2020,12:25:27,23.75,22.7,13200,25.45,3600,0,7200
TECHM30Jan20790PE.NFO,07/01/2020,12:25:28,23.75,22.7,13200,25.4,1200,0,7200
TECHM30Jan20790PE.NFO,07/01/2020,12:25:29,23.75,22.7,13200,25.55,1200,0,7200
TECHM30Jan20790PE.NFO,07/01/2020,12:25:30,23.75,22.7,13200,25.5,3600,0,7200
TECHM30Jan20790PE.NFO,07/01/2020,12:25:31,23.75,22.7,13200,25.45,1200,0,7200
TECHM30Jan20790PE.NFO,07/01/2020,12:25:32,23.75,22.7,13200,25.55,1200,0,7200
TECHM30Jan20790PE.NFO,07/01/2020,12:25:33,23.75,22.7,13200,25.5,3600,0,7200
TECHM30Jan20790PE.NFO,07/01/2020,12:25:34,23.75,22.7,13200,25.45,1200,0,7200
TECHM30Jan20790PE.NFO,07/01/2020,12:25:35,23.75,22.7,13200,25.35,1200,0,7200
TECHM30Jan20790PE.NFO,07/01/2020,12:25:36,23.75,22.7,13200,25.5,3600,0,7200
TECHM30Jan20790PE.NFO,07/01/2020,12:25:37,23.75,22.7,13200,25.45,1200,0,7200
TECHM30Jan20790PE.NFO,07/01/2020,12:25:38,23.75,22.7,13200,25.6,6000,0,7200
TECHM30Jan20790PE.NFO,07/01/2020,12:25:39,23.75,22.7,13200,25.5,3600,0,7200
TECHM30Jan20790PE.NFO,07/01/2020,12:25:41,23.75,22.7,13200,25.4,3600,0,7200
TECHM30Jan20790PE.NFO,07/01/2020,12:25:42,23.75,22.7,13200,25.45,3600,0,7200
TECHM30Jan20790PE.NFO,07/01/2020,12:25:43,23.75,22.7,13200,25.4,1200,0,7200
TECHM30Jan20790PE.NFO,07/01/2020,12:25:44,23.75,22.7,13200,25.45,3600,0,7200
TECHM30Jan20790PE.NFO,07/01/2020,12:25:45,23.75,22.7,13200,25.35,3600,0,7200
TECHM30Jan20790PE.NFO,07/01/2020,12:25:46,23.75,22.7,13200,25.5,1200,0,7200
TECHM30Jan20790PE.NFO,07/01/2020,12:25:48,23.75,22.7,13200,25.45,3600,0,7200
TECHM30Jan20790PE.NFO,07/01/2020,12:25:49,23.75,22.7,13200,25.3,1200,0,7200
TECHM30Jan20790PE.NFO,07/01/2020,12:25:51,23.75,22.7,13200,25.4,1200,0,7200
TECHM30Jan20790PE.NFO,07/01/2020,12:25:53,23.75,22.7,13200,25.45,3600,0,7200
TECHM30Jan20790PE.NFO,07/01/2020,12:25:53,23.75,22.75,10800,25.45,3600,0,7200
TECHM30Jan20790PE.NFO,07/01/2020,12:25:54,23.75,22.8,8400,25.3,1200,0,7200
TECHM30Jan20790PE.NFO,07/01/2020,12:25:55,23.75,22.8,8400,25.65,6000,0,7200
TECHM30Jan20790PE.NFO,07/01/2020,12:25:56,23.75,22.8,8400,25.55,6000,0,7200
TECHM30Jan20790PE.NFO,07/01/2020,12:25:57,23.75,22.8,8400,25.45,3600,0,7200
TECHM30Jan20790PE.NFO,07/01/2020,12:25:58,23.75,22.8,8400,25.4,1200,0,7200
TECHM30Jan20790PE.NFO,07/01/2020,12:25:59,23.75,22.8,8400,25.65,3600,0,7200
TECHM30Jan20790PE.NFO,07/01/2020,12:26:00,23.75,22.8,8400,25.55,6000,0,7200
TECHM30Jan20790PE.NFO,07/01/2020,12:26:01,23.75,22.8,8400,25.45,3600,0,7200
TECHM30Jan20790PE.NFO,07/01/2020,12:26:02,23.75,22.8,8400,25.4,1200,0,7200
TECHM30Jan20790PE.NFO,07/01/2020,12:26:03,23.75,22.8,8400,25.7,6000,0,7200
TECHM30Jan20790PE.NFO,07/01/2020,12:26:04,23.75,22.8,8400,25.6,6000,0,7200
TECHM30Jan20790PE.NFO,07/01/2020,12:26:05,23.75,22.8,8400,25.45,1200,0,7200
TECHM30Jan20790PE.NFO,07/01/2020,12:26:06,23.75,22.8,8400,25.45,3600,0,7200
TECHM30Jan20790PE.NFO,07/01/2020,12:26:08,23.75,22.8,8400,25.4,1200,0,7200
TECHM30Jan20790PE.NFO,07/01/2020,12:26:09,23.75,22.8,8400,25.55,3600,0,7200
TECHM30Jan20790PE.NFO,07/01/2020,12:26:10,23.75,22.8,8400,25.45,3600,0,7200
TECHM30Jan20790PE.NFO,07/01/2020,12:26:11,23.75,22.8,8400,25.4,1200,0,7200
TECHM30Jan20790PE.NFO,07/01/2020,12:26:14,23.75,22.8,10800,25.55,3600,0,7200
TECHM30Jan20790PE.NFO,07/01/2020,12:26:18,23.75,22.8,8400,25.45,3600,0,7200
TECHM30Jan20790PE.NFO,07/01/2020,12:26:20,23.75,22.8,8400,25.5,1200,0,7200
TECHM30Jan20790PE.NFO,07/01/2020,12:26:23,23.75,22.8,8400,25.35,1200,0,7200
TECHM30Jan20790PE.NFO,07/01/2020,12:26:26,23.75,22.8,10800,25.75,3600,0,7200
TECHM30Jan20790PE.NFO,07/01/2020,12:26:28,23.75,22.8,8400,25.55,3600,0,7200
TECHM30Jan20790PE.NFO,07/01/2020,12:26:32,23.75,22.8,10800,25.5,3600,0,7200
TECHM30Jan20790PE.NFO,07/01/2020,12:26:34,23.75,22.8,8400,25.5,3600,0,7200
TECHM30Jan20790PE.NFO,07/01/2020,12:26:36,23.75,22.8,10800,25.55,1200,0,7200
TECHM30Jan20790PE.NFO,07/01/2020,12:26:42,23.75,22.8,10800,25.65,3600,0,7200
TECHM30Jan20790PE.NFO,07/01/2020,12:26:44,23.75,22.8,15600,25.45,1200,0,7200
TECHM30Jan20790PE.NFO,07/01/2020,12:26:47,23.75,22.8,18000,25.8,3600,0,7200
TECHM30Jan20790PE.NFO,07/01/2020,12:26:50,23.75,22.8,18000,25.8,1200,0,7200
TECHM30Jan20790PE.NFO,07/01/2020,12:26:57,23.75,22.8,18000,25.7,3600,0,7200
TECHM30Jan20790PE.NFO,07/01/2020,12:27:01,23.75,22.8,18000,25.85,3600,0,7200
TECHM30Jan20790PE.NFO,07/01/2020,12:27:05,23.75,22.8,18000,25.9,3600,0,7200
TECHM30Jan20790PE.NFO,07/01/2020,12:27:09,23.75,22.8,18000,25.5,2400,0,7200
TECHM30Jan20790PE.NFO,07/01/2020,12:27:12,23.75,22.8,18000,25.75,7200,0,7200
TECHM30Jan20790PE.NFO,07/01/2020,12:27:16,23.75,22.8,18000,25.8,6000,0,7200
TECHM30Jan20790PE.NFO,07/01/2020,12:27:20,23.75,22.8,18000,25.45,1200,0,7200
TECHM30Jan20790PE.NFO,07/01/2020,12:27:23,23.75,22.8,18000,25.35,1200,0,7200
TECHM30Jan20790PE.NFO,07/01/2020,12:27:25,23.75,22.8,18000,25.8,6000,0,7200
TECHM30Jan20790PE.NFO,07/01/2020,12:27:28,23.75,22.8,18000,25.75,1200,0,7200
TECHM30Jan20790PE.NFO,07/01/2020,12:27:31,23.75,22.8,18000,25.7,3600,0,7200
TECHM30Jan20790PE.NFO,07/01/2020,12:27:33,23.75,22.8,18000,25.55,1200,0,7200
TECHM30Jan20790PE.NFO,07/01/2020,12:27:36,23.75,22.8,18000,25.6,3600,0,7200
TECHM30Jan20790PE.NFO,07/01/2020,12:27:38,23.75,22.8,18000,25.55,1200,0,7200
TECHM30Jan20790PE.NFO,07/01/2020,12:27:40,23.75,22.8,18000,25.75,1200,0,7200
TECHM30Jan20790PE.NFO,07/01/2020,12:27:45,23.75,22.8,18000,25.7,3600,0,7200
TECHM30Jan20790PE.NFO,07/01/2020,12:27:47,23.75,22.8,18000,25.55,1200,0,7200
TECHM30Jan20790PE.NFO,07/01/2020,12:27:50,23.75,22.8,18000,25.6,3600,0,7200
TECHM30Jan20790PE.NFO,07/01/2020,12:27:54,23.75,22.8,18000,25.55,1200,0,7200
TECHM30Jan20790PE.NFO,07/01/2020,12:27:58,23.75,22.8,18000,25.85,1200,0,7200
TECHM30Jan20790PE.NFO,07/01/2020,12:28:03,23.75,22.8,18000,25.65,1200,0,7200
TECHM30Jan20790PE.NFO,07/01/2020,12:28:06,23.75,22.8,18000,25.6,3600,0,7200
TECHM30Jan20790PE.NFO,07/01/2020,12:28:09,23.75,22.8,18000,25.65,3600,0,7200
TECHM30Jan20790PE.NFO,07/01/2020,12:28:12,23.75,22.8,18000,25.7,1200,0,7200
TECHM30Jan20790PE.NFO,07/01/2020,12:28:15,23.75,22.8,18000,25.6,1200,0,7200
TECHM30Jan20790PE.NFO,07/01/2020,12:28:19,23.75,22.8,18000,25.8,3600,0,7200
TECHM30Jan20790PE.NFO,07/01/2020,12:28:22,23.75,22.8,18000,25.55,1200,0,7200
TECHM30Jan20790PE.NFO,07/01/2020,12:28:25,23.75,22.8,18000,25.55,3600,0,7200
TECHM30Jan20790PE.NFO,07/01/2020,12:28:28,23.75,22.8,18000,25.8,1200,0,7200
TECHM30Jan20790PE.NFO,07/01/2020,12:28:30,23.75,22.8,18000,25.65,3600,0,7200
TECHM30Jan20790PE.NFO,07/01/2020,12:28:33,23.75,22.8,13200,25.8,3600,0,7200
TECHM30Jan20790PE.NFO,07/01/2020,12:28:37,23.75,22.8,10800,25.55,1200,0,7200
TECHM30Jan20790PE.NFO,07/01/2020,12:28:40,23.75,22.8,13200,25.8,6000,0,7200
TECHM30Jan20790PE.NFO,07/01/2020,12:28:43,23.75,22.8,10800,25.65,3600,0,7200
TECHM30Jan20790PE.NFO,07/01/2020,12:28:46,23.75,22.8,10800,25.6,1200,0,7200
TECHM30Jan20790PE.NFO,07/01/2020,12:28:49,23.75,22.8,13200,25.6,1200,0,7200
TECHM30Jan20790PE.NFO,07/01/2020,12:28:53,23.75,22.8,13200,25.65,3600,0,7200
TECHM30Jan20790PE.NFO,07/01/2020,12:29:00,23.75,22.8,15600,25.9,3600,0,7200
TECHM30Jan20790PE.NFO,07/01/2020,12:29:07,23.75,22.8,18000,25.85,6000,0,7200
TECHM30Jan20790PE.NFO,07/01/2020,12:29:11,23.75,22.8,18000,25.85,3600,0,7200
TECHM30Jan20790PE.NFO,07/01/2020,12:29:16,23.75,22.8,18000,25.95,6000,0,7200
TECHM30Jan20790PE.NFO,07/01/2020,12:29:20,23.75,22.8,18000,25.7,1200,0,7200
TECHM30Jan20790PE.NFO,07/01/2020,12:29:25,23.75,22.8,18000,26,3600,0,7200
TECHM30Jan20790PE.NFO,07/01/2020,12:29:30,23.75,22.8,18000,25.85,1200,0,7200
TECHM30Jan20790PE.NFO,07/01/2020,12:29:35,23.75,22.8,18000,26,3600,0,7200
TECHM30Jan20790PE.NFO,07/01/2020,12:29:39,23.75,22.8,18000,25.8,1200,0,7200
TECHM30Jan20790PE.NFO,07/01/2020,12:29:44,23.75,22.8,15600,25.85,6000,0,7200
TECHM30Jan20790PE.NFO,07/01/2020,12:29:49,23.75,22.8,15600,25.9,1200,0,7200
TECHM30Jan20790PE.NFO,07/01/2020,12:29:54,23.75,22.8,10800,25.5,7200,0,7200
TECHM30Jan20790PE.NFO,07/01/2020,12:29:58,23.75,22.8,13200,25.55,7200,0,7200
TECHM30Jan20790PE.NFO,07/01/2020,12:30:02,23.75,22.8,10800,25.15,1200,0,7200
TECHM30Jan20790PE.NFO,07/01/2020,12:30:08,23.75,22.8,13200,25.7,7200,0,7200
TECHM30Jan20790PE.NFO,07/01/2020,12:30:14,23.75,22.8,13200,25.8,8400,0,7200
TECHM30Jan20790PE.NFO,07/01/2020,12:30:19,23.75,22.8,13200,25.35,1200,0,7200
TECHM30Jan20790PE.NFO,07/01/2020,12:30:23,23.75,22.8,13200,25.85,3600,0,7200
TECHM30Jan20790PE.NFO,07/01/2020,12:30:28,23.75,22.8,13200,25.65,1200,0,7200
TECHM30Jan20790PE.NFO,07/01/2020,12:30:38,23.75,22.8,13200,25.85,3600,0,7200
TECHM30Jan20790PE.NFO,07/01/2020,12:30:43,23.75,22.8,15600,25.5,1200,0,7200
TECHM30Jan20790PE.NFO,07/01/2020,12:30:48,23.75,22.8,15600,25.55,1200,0,7200
TECHM30Jan20790PE.NFO,07/01/2020,12:30:53,23.75,22.8,15600,25.6,1200,0,7200
TECHM30Jan20790PE.NFO,07/01/2020,12:30:59,23.75,22.8,15600,25.85,3600,0,7200
TECHM30Jan20790PE.NFO,07/01/2020,12:31:04,23.75,22.8,15600,25.8,1200,0,7200
TECHM30Jan20790PE.NFO,07/01/2020,12:31:08,23.75,22.8,15600,25.95,3600,0,7200
TECHM30Jan20790PE.NFO,07/01/2020,12:31:13,23.75,22.8,18000,25.8,1200,0,7200
TECHM30Jan20790PE.NFO,07/01/2020,12:31:16,23.75,22.8,18000,25.6,3600,0,7200
TECHM30Jan20790PE.NFO,07/01/2020,12:31:19,23.75,22.8,18000,25.7,3600,0,7200
TECHM30Jan20790PE.NFO,07/01/2020,12:31:23,23.75,22.8,18000,25.8,1200,0,7200
TECHM30Jan20790PE.NFO,07/01/2020,12:31:27,23.75,22.8,18000,25.75,3600,0,7200
TECHM30Jan20790PE.NFO,07/01/2020,12:31:30,23.75,22.8,18000,25.8,1200,0,7200
TECHM30Jan20790PE.NFO,07/01/2020,12:31:34,23.75,22.8,18000,25.65,3600,0,7200
TECHM30Jan20790PE.NFO,07/01/2020,12:31:37,23.75,22.8,18000,25.7,3600,0,7200
TECHM30Jan20790PE.NFO,07/01/2020,12:31:41,23.75,22.8,18000,25.75,1200,0,7200
TECHM30Jan20790PE.NFO,07/01/2020,12:31:44,23.75,22.8,18000,25.95,6000,0,7200
TECHM30Jan20790PE.NFO,07/01/2020,12:31:48,23.75,22.8,18000,25.65,1200,0,7200
TECHM30Jan20790PE.NFO,07/01/2020,12:31:52,23.75,22.8,18000,25.7,3600,0,7200
TECHM30Jan20790PE.NFO,07/01/2020,12:31:55,23.75,23.1,8400,25.8,1200,0,7200
TECHM30Jan20790PE.NFO,07/01/2020,12:32:00,23.75,23.15,1200,25.95,6000,0,7200
TECHM30Jan20790PE.NFO,07/01/2020,12:32:05,23.75,23.15,1200,25.8,1200,0,7200
TECHM30Jan20790PE.NFO,07/01/2020,12:32:09,23.75,23.15,1200,25.65,3600,0,7200
TECHM30Jan20790PE.NFO,07/01/2020,12:32:13,23.75,23.15,1200,25.75,1200,0,7200
TECHM30Jan20790PE.NFO,07/01/2020,12:32:16,23.75,23.2,3600,26.05,8400,0,7200
TECHM30Jan20790PE.NFO,07/01/2020,12:32:19,23.75,23.25,1200,25.65,1200,0,7200
TECHM30Jan20790PE.NFO,07/01/2020,12:32:23,23.75,23.3,1200,26.05,3600,0,7200
TECHM30Jan20790PE.NFO,07/01/2020,12:32:27,23.75,23.25,1200,25.7,3600,0,7200
TECHM30Jan20790PE.NFO,07/01/2020,12:32:37,23.75,23.3,1200,25.65,1200,0,7200
TECHM30Jan20790PE.NFO,07/01/2020,12:32:43,23.75,23.3,1200,26.15,8400,0,7200
TECHM30Jan20790PE.NFO,07/01/2020,12:32:48,23.75,23.3,1200,25.75,1200,0,7200
TECHM30Jan20790PE.NFO,07/01/2020,12:32:52,23.75,23.3,1200,25.55,1200,0,7200
TECHM30Jan20790PE.NFO,07/01/2020,12:32:56,23.75,23.3,1200,25.85,8400,0,7200
TECHM30Jan20790PE.NFO,07/01/2020,12:33:01,23.75,23.25,1200,25.9,13200,0,7200
TECHM30Jan20790PE.NFO,07/01/2020,12:33:06,23.75,23.25,1200,25.95,6000,0,7200
TECHM30Jan20790PE.NFO,07/01/2020,12:33:11,23.75,23.2,1200,25.8,1200,0,7200
TECHM30Jan20790PE.NFO,07/01/2020,12:33:15,23.75,23.15,3600,26,3600,0,7200
TECHM30Jan20790PE.NFO,07/01/2020,12:33:18,23.75,23.15,1200,25.7,6000,0,7200
TECHM30Jan20790PE.NFO,07/01/2020,12:33:22,23.75,23.15,1200,25.6,1200,0,7200
TECHM30Jan20790PE.NFO,07/01/2020,12:33:34,23.75,23.15,1200,25.45,6000,0,7200
TECHM30Jan20790PE.NFO,07/01/2020,12:33:38,23.75,23.15,1200,25.3,1200,0,7200
TECHM30Jan20790PE.NFO,07/01/2020,12:33:42,23.75,23.15,1200,25.65,7200,0,7200
TECHM30Jan20790PE.NFO,07/01/2020,12:33:45,23.75,23.15,1200,25.8,10800,0,7200
TECHM30Jan20790PE.NFO,07/01/2020,12:33:48,23.75,23.15,1200,25.65,3600,0,7200
TECHM30Jan20790PE.NFO,07/01/2020,12:33:51,23.75,23.15,1200,25.75,3600,0,7200
TECHM30Jan20790PE.NFO,07/01/2020,12:33:53,23.75,23.15,1200,25.35,3600,0,7200
TECHM30Jan20790PE.NFO,07/01/2020,12:33:56,23.75,23.15,1200,25.6,1200,0,7200
TECHM30Jan20790PE.NFO,07/01/2020,12:34:02,23.75,23.15,1200,25.65,3600,0,7200
TECHM30Jan20790PE.NFO,07/01/2020,12:34:07,23.75,23.15,1200,25.45,1200,0,7200
TECHM30Jan20790PE.NFO,07/01/2020,12:34:10,23.75,23.15,1200,25.5,1200,0,7200
TECHM30Jan20790PE.NFO,07/01/2020,12:34:14,23.75,23.15,1200,26.3,21600,0,7200
TECHM30Jan20790PE.NFO,07/01/2020,12:34:18,23.75,23.15,1200,25.75,6000,0,7200
TECHM30Jan20790PE.NFO,07/01/2020,12:34:22,23.75,23.15,1200,25.55,3600,0,7200
TECHM30Jan20790PE.NFO,07/01/2020,12:34:25,23.75,23.15,1200,25.9,13200,0,7200
TECHM30Jan20790PE.NFO,07/01/2020,12:34:28,23.75,23.15,1200,25.5,3600,0,7200
TECHM30Jan20790PE.NFO,07/01/2020,12:34:39,23.75,23.15,1200,25.7,3600,0,7200
TECHM30Jan20790PE.NFO,07/01/2020,12:34:44,23.75,23.15,1200,25.7,6000,0,7200
TECHM30Jan20790PE.NFO,07/01/2020,12:34:48,23.75,23.15,1200,25.95,13200,0,7200
TECHM30Jan20790PE.NFO,07/01/2020,12:34:50,23.75,23.15,1200,25.65,3600,0,7200
TECHM30Jan20790PE.NFO,07/01/2020,12:34:54,23.75,23.15,1200,25.4,1200,0,7200
TECHM30Jan20790PE.NFO,07/01/2020,12:34:56,23.75,23.15,1200,25.6,3600,0,7200
TECHM30Jan20790PE.NFO,07/01/2020,12:34:59,23.75,23.15,1200,25.9,10800,0,7200
TECHM30Jan20790PE.NFO,07/01/2020,12:35:02,23.75,23.15,1200,25.6,3600,0,7200
TECHM30Jan20790PE.NFO,07/01/2020,12:35:10,23.75,23.15,1200,25.65,4800,0,7200
TECHM30Jan20790PE.NFO,07/01/2020,12:35:13,23.75,23.15,1200,25.5,1200,0,7200
TECHM30Jan20790PE.NFO,07/01/2020,12:35:16,23.75,23.15,1200,25.55,1200,0,7200
TECHM30Jan20790PE.NFO,07/01/2020,12:35:22,23.75,23.15,1200,25.5,3600,0,7200
TECHM30Jan20790PE.NFO,07/01/2020,12:35:25,23.75,23.15,1200,25.85,6000,0,7200
TECHM30Jan20790PE.NFO,07/01/2020,12:35:29,23.75,23.15,1200,25.5,1200,0,7200
TECHM30Jan20790PE.NFO,07/01/2020,12:35:32,23.75,23.2,1200,25.55,1200,0,7200
TECHM30Jan20790PE.NFO,07/01/2020,12:35:34,23.75,23.2,1200,25.8,6000,0,7200
TECHM30Jan20790PE.NFO,07/01/2020,12:35:37,23.75,23.2,1200,25.55,1200,0,7200
TECHM30Jan20790PE.NFO,07/01/2020,12:35:39,23.75,23.15,3600,26.2,18000,0,7200
TECHM30Jan20790PE.NFO,07/01/2020,12:35:42,23.75,23.2,1200,25.9,6000,0,7200
TECHM30Jan20790PE.NFO,07/01/2020,12:35:46,23.75,23.2,1200,25.8,3600,0,7200
TECHM30Jan20790PE.NFO,07/01/2020,12:35:49,23.75,23.25,1200,26,6000,0,7200
TECHM30Jan20790PE.NFO,07/01/2020,12:35:51,23.75,23.3,1200,25.8,3600,0,7200
TECHM30Jan20790PE.NFO,07/01/2020,12:35:53,23.75,23.25,1200,25.75,3600,0,7200
TECHM30Jan20790PE.NFO,07/01/2020,12:35:56,23.75,23.2,3600,25.9,6000,0,7200
TECHM30Jan20790PE.NFO,07/01/2020,12:35:58,23.75,23.3,1200,25.75,1200,0,7200
TECHM30Jan20790PE.NFO,07/01/2020,12:36:00,23.75,23.3,1200,26,3600,0,7200
TECHM30Jan20790PE.NFO,07/01/2020,12:36:03,23.75,23.25,1200,25.95,1200,0,7200
TECHM30Jan20790PE.NFO,07/01/2020,12:36:09,23.75,23.25,1200,26.2,13200,0,7200
TECHM30Jan20790PE.NFO,07/01/2020,12:36:12,23.75,23.25,1200,26.1,10800,0,7200
TECHM30Jan20790PE.NFO,07/01/2020,12:36:15,23.75,23.15,6000,25.8,1200,0,7200
TECHM30Jan20790PE.NFO,07/01/2020,12:36:17,23.75,23.15,6000,25.8,3600,0,7200
TECHM30Jan20790PE.NFO,07/01/2020,12:36:20,23.75,23.2,3600,25.9,6000,0,7200
TECHM30Jan20790PE.NFO,07/01/2020,12:36:23,23.75,23.25,1200,26.05,3600,0,7200
TECHM30Jan20790PE.NFO,07/01/2020,12:36:28,23.75,23.25,1200,25.75,3600,0,7200
TECHM30Jan20790PE.NFO,07/01/2020,12:36:30,23.75,23.25,1200,25.7,1200,0,7200
TECHM30Jan20790PE.NFO,07/01/2020,12:36:32,23.75,23.25,1200,25.8,3600,0,7200
TECHM30Jan20790PE.NFO,07/01/2020,12:36:35,23.75,23.25,1200,25.85,1200,0,7200
TECHM30Jan20790PE.NFO,07/01/2020,12:36:38,23.75,23.25,1200,25.8,3600,0,7200
TECHM30Jan20790PE.NFO,07/01/2020,12:36:40,23.75,23.25,1200,25.75,1200,0,7200
TECHM30Jan20790PE.NFO,07/01/2020,12:36:42,23.75,23.15,1200,25.55,3600,0,7200
TECHM30Jan20790PE.NFO,07/01/2020,12:36:45,23.75,23.15,1200,25.9,6000,0,7200
TECHM30Jan20790PE.NFO,07/01/2020,12:36:48,23.75,23.15,1200,25.6,3600,0,7200
TECHM30Jan20790PE.NFO,07/01/2020,12:36:51,23.75,23.15,1200,25.75,6000,0,7200
TECHM30Jan20790PE.NFO,07/01/2020,12:36:54,23.75,23.15,1200,25.5,1200,0,7200
TECHM30Jan20790PE.NFO,07/01/2020,12:36:57,23.75,23.15,1200,25.5,3600,0,7200
TECHM30Jan20790PE.NFO,07/01/2020,12:37:00,23.75,23.15,1200,25.7,3600,0,7200
TECHM30Jan20790PE.NFO,07/01/2020,12:37:03,23.75,23.15,1200,25.75,1200,0,7200
TECHM30Jan20790PE.NFO,07/01/2020,12:37:06,23.75,23.15,1200,25.9,3600,0,7200
TECHM30Jan20790PE.NFO,07/01/2020,12:37:08,23.75,23.15,1200,25.55,3600,0,7200
TECHM30Jan20790PE.NFO,07/01/2020,12:37:11,23.75,23.15,1200,25.35,3600,0,7200
TECHM30Jan20790PE.NFO,07/01/2020,12:37:13,23.75,23.15,1200,25.6,3600,0,7200
TECHM30Jan20790PE.NFO,07/01/2020,12:37:18,23.75,23.15,1200,25.4,3600,0,7200
TECHM30Jan20790PE.NFO,07/01/2020,12:37:20,23.75,23.15,1200,25.65,1200,0,7200
TECHM30Jan20790PE.NFO,07/01/2020,12:37:25,23.75,23.15,1200,25.7,6000,0,7200
TECHM30Jan20790PE.NFO,07/01/2020,12:37:27,23.75,23.15,1200,25.8,6000,0,7200
TECHM30Jan20790PE.NFO,07/01/2020,12:37:30,23.75,23.15,1200,25.55,1200,0,7200
TECHM30Jan20790PE.NFO,07/01/2020,12:37:33,23.75,23.15,1200,25.5,3600,0,7200
TECHM30Jan20790PE.NFO,07/01/2020,12:37:36,23.75,23.15,1200,25.95,15600,0,7200
TECHM30Jan20790PE.NFO,07/01/2020,12:37:41,23.75,23.15,1200,25.4,1200,0,7200
TECHM30Jan20790PE.NFO,07/01/2020,12:37:46,23.75,23.15,1200,25.5,1200,0,7200
TECHM30Jan20790PE.NFO,07/01/2020,12:37:54,23.75,23.15,1200,25.7,6000,0,7200
TECHM30Jan20790PE.NFO,07/01/2020,12:37:57,23.75,23.15,1200,25.55,1200,0,7200
TECHM30Jan20790PE.NFO,07/01/2020,12:38:00,23.75,23.15,1200,25.5,1200,0,7200
TECHM30Jan20790PE.NFO,07/01/2020,12:38:08,23.75,23.15,1200,25.2,1200,0,7200
TECHM30Jan20790PE.NFO,07/01/2020,12:38:12,23.75,23.15,1200,25.2,2400,0,7200
TECHM30Jan20790PE.NFO,07/01/2020,12:38:22,23.75,23.15,1200,25.15,1200,0,7200
TECHM30Jan20790PE.NFO,07/01/2020,12:38:26,23.75,23.15,1200,25.5,8400,0,7200
TECHM30Jan20790PE.NFO,07/01/2020,12:38:30,23.75,23.15,1200,25.35,6000,0,7200
TECHM30Jan20790PE.NFO,07/01/2020,12:38:34,23.75,23.15,1200,25.2,1200,0,7200
TECHM30Jan20790PE.NFO,07/01/2020,12:38:42,23.75,23.15,1200,26.1,25200,0,7200
TECHM30Jan20790PE.NFO,07/01/2020,12:38:46,23.75,23.15,1200,25.7,6000,0,7200
TECHM30Jan20790PE.NFO,07/01/2020,12:38:51,23.75,23.15,1200,25.6,3600,0,7200
TECHM30Jan20790PE.NFO,07/01/2020,12:38:55,23.75,23.15,1200,25.75,6000,0,7200
TECHM30Jan20790PE.NFO,07/01/2020,12:38:59,23.75,23.15,1200,25.5,1200,0,7200
TECHM30Jan20790PE.NFO,07/01/2020,12:39:07,23.75,23.15,1200,26.7,25200,0,7200
TECHM30Jan20790PE.NFO,07/01/2020,12:39:11,23.75,23.15,1200,26.2,22800,0,7200
TECHM30Jan20790PE.NFO,07/01/2020,12:39:15,23.75,23.15,1200,25.85,3600,0,7200
TECHM30Jan20790PE.NFO,07/01/2020,12:39:18,23.75,23.15,1200,25.55,1200,0,7200
TECHM30Jan20790PE.NFO,07/01/2020,12:39:28,23.75,23.15,1200,25.85,6000,0,7200
TECHM30Jan20790PE.NFO,07/01/2020,12:39:33,23.75,23.15,1200,25.85,13200,0,7200
TECHM30Jan20790PE.NFO,07/01/2020,12:39:37,23.75,23.15,1200,25.55,3600,0,7200
TECHM30Jan20790PE.NFO,07/01/2020,12:39:40,23.75,23.15,1200,25.5,3600,0,7200
TECHM30Jan20790PE.NFO,07/01/2020,12:39:45,23.75,23.15,1200,25.55,1200,0,7200
TECHM30Jan20790PE.NFO,07/01/2020,12:39:49,23.75,23.15,1200,25.45,1200,0,7200
TECHM30Jan20790PE.NFO,07/01/2020,12:39:52,23.75,23.15,1200,25.7,6000,0,7200
TECHM30Jan20790PE.NFO,07/01/2020,12:39:56,23.75,23.1,2400,25.35,1200,0,7200
TECHM30Jan20790PE.NFO,07/01/2020,12:39:59,23.75,23.1,2400,25.45,1200,0,7200
TECHM30Jan20790PE.NFO,07/01/2020,12:40:02,23.75,23.1,2400,25.5,1200,0,7200
TECHM30Jan20790PE.NFO,07/01/2020,12:40:08,23.75,23.1,2400,25.4,1200,0,7200
TECHM30Jan20790PE.NFO,07/01/2020,12:40:11,23.75,23.1,2400,25.65,7200,0,7200
TECHM30Jan20790PE.NFO,07/01/2020,12:40:13,23.75,23.1,2400,25.35,3600,0,7200
TECHM30Jan20790PE.NFO,07/01/2020,12:40:16,23.75,23.15,1200,25.45,3600,0,7200
TECHM30Jan20790PE.NFO,07/01/2020,12:40:19,23.75,23.15,1200,25.1,1200,0,7200
TECHM30Jan20790PE.NFO,07/01/2020,12:40:23,23.75,23.15,1200,25.15,1200,0,7200
TECHM30Jan20790PE.NFO,07/01/2020,12:40:26,23.75,23.15,1200,25.35,3600,0,7200
TECHM30Jan20790PE.NFO,07/01/2020,12:40:30,23.75,23.15,1200,24.95,3600,0,7200
TECHM30Jan20790PE.NFO,07/01/2020,12:40:33,23.75,23.15,1200,25.1,3600,0,7200
TECHM30Jan20790PE.NFO,07/01/2020,12:40:37,23.75,23.1,2400,25.25,3600,0,7200
TECHM30Jan20790PE.NFO,07/01/2020,12:40:40,23.75,23.1,2400,25.35,1200,0,7200
TECHM30Jan20790PE.NFO,07/01/2020,12:40:42,23.75,23.1,2400,25.1,3600,0,7200
TECHM30Jan20790PE.NFO,07/01/2020,12:40:45,23.75,23.15,1200,25.2,3600,0,7200
TECHM30Jan20790PE.NFO,07/01/2020,12:40:48,23.75,23.15,1200,25.35,2400,0,7200
TECHM30Jan20790PE.NFO,07/01/2020,12:40:52,23.75,23.15,1200,25.25,6000,0,7200
TECHM30Jan20790PE.NFO,07/01/2020,12:40:57,23.75,23.15,1200,25.15,3600,0,7200
TECHM30Jan20790PE.NFO,07/01/2020,12:41:01,23.75,23.15,1200,25.35,6000,0,7200
TECHM30Jan20790PE.NFO,07/01/2020,12:41:05,23.75,23.15,1200,25.2,3600,0,7200
TECHM30Jan20790PE.NFO,07/01/2020,12:41:09,23.75,23.15,1200,25.25,1200,0,7200
TECHM30Jan20790PE.NFO,07/01/2020,12:41:13,23.75,23.15,1200,25.35,12000,0,7200
TECHM30Jan20790PE.NFO,07/01/2020,12:41:15,23.75,23.15,1200,25.15,4800,0,7200
TECHM30Jan20790PE.NFO,07/01/2020,12:41:17,23.75,23.15,1200,25,1200,0,7200
TECHM30Jan20790PE.NFO,07/01/2020,12:41:19,23.75,23.15,1200,25.1,3600,0,7200
TECHM30Jan20790PE.NFO,07/01/2020,12:41:22,23.75,23.15,1200,25.3,7200,0,7200
TECHM30Jan20790PE.NFO,07/01/2020,12:41:24,23.75,23.15,1200,25.1,3600,0,7200
TECHM30Jan20790PE.NFO,07/01/2020,12:41:27,23.75,23.15,1200,25.3,6000,0,7200
TECHM30Jan20790PE.NFO,07/01/2020,12:41:30,23.75,23.15,1200,24.95,1200,0,7200
TECHM30Jan20790PE.NFO,07/01/2020,12:41:33,23.75,23.15,1200,25.1,3600,0,7200
TECHM30Jan20790PE.NFO,07/01/2020,12:41:35,23.75,23.15,1200,25.3,6000,0,7200
TECHM30Jan20790PE.NFO,07/01/2020,12:41:36,23.75,23.15,1200,25.2,8400,0,7200
TECHM30Jan20790PE.NFO,07/01/2020,12:41:38,23.75,23.15,1200,25.05,1200,0,7200
TECHM30Jan20790PE.NFO,07/01/2020,12:41:40,23.75,23.15,1200,25.3,9600,0,7200
TECHM30Jan20790PE.NFO,07/01/2020,12:41:42,23.75,23.15,1200,25.05,1200,0,7200
TECHM30Jan20790PE.NFO,07/01/2020,12:41:45,23.75,23.15,1200,25.3,10800,0,7200
TECHM30Jan20790PE.NFO,07/01/2020,12:41:47,23.75,23.15,1200,25.1,1200,0,7200
TECHM30Jan20790PE.NFO,07/01/2020,12:41:48,23.75,23.15,1200,25.2,3600,0,7200
TECHM30Jan20790PE.NFO,07/01/2020,12:41:51,23.75,23.15,1200,25.05,1200,0,7200
TECHM30Jan20790PE.NFO,07/01/2020,12:41:53,23.75,23.15,1200,25.2,3600,0,7200
TECHM30Jan20790PE.NFO,07/01/2020,12:41:54,23.75,23.15,1200,25.05,1200,0,7200
TECHM30Jan20790PE.NFO,07/01/2020,12:41:56,23.75,23.15,1200,25.25,1200,0,7200
TECHM30Jan20790PE.NFO,07/01/2020,12:41:59,23.75,23.15,1200,25.3,3600,0,7200
TECHM30Jan20790PE.NFO,07/01/2020,12:42:00,23.75,23.15,1200,25.35,1200,0,7200
TECHM30Jan20790PE.NFO,07/01/2020,12:42:04,23.75,23.15,1200,25.15,1200,0,7200
TECHM30Jan20790PE.NFO,07/01/2020,12:42:06,23.75,23.15,1200,25.25,1200,0,7200
TECHM30Jan20790PE.NFO,07/01/2020,12:42:08,23.75,23.15,1200,25.45,3600,0,7200
TECHM30Jan20790PE.NFO,07/01/2020,12:42:10,23.75,23.15,1200,25.25,1200,0,7200
TECHM30Jan20790PE.NFO,07/01/2020,12:42:12,23.75,23.15,1200,25.15,1200,0,7200
TECHM30Jan20790PE.NFO,07/01/2020,12:42:14,23.75,23.15,1200,25.3,3600,0,7200
TECHM30Jan20790PE.NFO,07/01/2020,12:42:15,23.75,23.15,1200,25.25,1200,0,7200
TECHM30Jan20790PE.NFO,07/01/2020,12:42:20,23.75,23.15,1200,25.3,3600,0,7200
TECHM30Jan20790PE.NFO,07/01/2020,12:42:24,23.75,23.15,1200,25.1,3600,0,7200
TECHM30Jan20790PE.NFO,07/01/2020,12:42:25,23.75,23.15,1200,25.05,1200,0,7200
TECHM30Jan20790PE.NFO,07/01/2020,12:42:26,23.75,23.15,1200,25.4,6000,0,7200
TECHM30Jan20790PE.NFO,07/01/2020,12:42:27,23.75,23.15,1200,25.3,3600,0,7200
TECHM30Jan20790PE.NFO,07/01/2020,12:42:29,23.75,23.15,1200,25.2,3600,0,7200
TECHM30Jan20790PE.NFO,07/01/2020,12:42:31,23.75,23.15,1200,25.4,6000,0,7200
TECHM30Jan20790PE.NFO,07/01/2020,12:42:33,23.75,23.15,1200,25.3,3600,0,7200
TECHM30Jan20790PE.NFO,07/01/2020,12:42:37,23.75,23.15,1200,25.4,6000,0,7200
TECHM30Jan20790PE.NFO,07/01/2020,12:42:41,23.75,23.15,1200,25.45,3600,0,7200
TECHM30Jan20790PE.NFO,07/01/2020,12:42:44,23.75,23.15,1200,25.3,3600,0,7200
TECHM30Jan20790PE.NFO,07/01/2020,12:42:51,23.75,23.15,1200,25.2,3600,0,7200
TECHM30Jan20790PE.NFO,07/01/2020,12:42:55,23.75,23.15,1200,25.1,1200,0,7200
TECHM30Jan20790PE.NFO,07/01/2020,12:42:57,23.75,23.15,1200,25.25,1200,0,7200
TECHM30Jan20790PE.NFO,07/01/2020,12:42:59,23.75,23.15,1200,25.5,6000,0,7200
TECHM30Jan20790PE.NFO,07/01/2020,12:43:01,23.75,23.15,1200,25.25,1200,0,7200
TECHM30Jan20790PE.NFO,07/01/2020,12:43:03,23.75,23.15,1200,25.3,3600,0,7200
TECHM30Jan20790PE.NFO,07/01/2020,12:43:07,23.75,23.15,1200,25.4,3600,0,7200
TECHM30Jan20790PE.NFO,07/01/2020,12:43:09,23.75,23.15,1200,25.3,3600,0,7200
TECHM30Jan20790PE.NFO,07/01/2020,12:43:11,23.75,23.15,1200,25.15,1200,0,7200
TECHM30Jan20790PE.NFO,07/01/2020,12:43:13,23.75,23.15,1200,25.35,3600,0,7200
TECHM30Jan20790PE.NFO,07/01/2020,12:43:17,23.75,23.15,1200,25.2,1200,0,7200
TECHM30Jan20790PE.NFO,07/01/2020,12:43:19,23.75,23.15,1200,25.3,3600,0,7200
TECHM30Jan20790PE.NFO,07/01/2020,12:43:23,23.75,23.15,1200,25.15,1200,0,7200
TECHM30Jan20790PE.NFO,07/01/2020,12:43:25,23.75,23.15,1200,25.2,3600,0,7200
TECHM30Jan20790PE.NFO,07/01/2020,12:43:27,23.75,23.15,1200,25.15,1200,0,7200
TECHM30Jan20790PE.NFO,07/01/2020,12:43:29,23.75,23.15,1200,25.1,3600,0,7200
TECHM30Jan20790PE.NFO,07/01/2020,12:43:30,23.75,23.15,1200,25.4,6000,0,7200
TECHM30Jan20790PE.NFO,07/01/2020,12:43:32,23.75,23.15,1200,25.2,3600,0,7200
TECHM30Jan20790PE.NFO,07/01/2020,12:43:35,23.75,23.15,1200,25.3,3600,0,7200
TECHM30Jan20790PE.NFO,07/01/2020,12:43:37,23.75,23.15,1200,25.15,1200,0,7200
TECHM30Jan20790PE.NFO,07/01/2020,12:43:39,23.75,23.15,1200,25.35,3600,0,7200
TECHM30Jan20790PE.NFO,07/01/2020,12:43:41,23.75,23.15,1200,25.1,1200,0,7200
TECHM30Jan20790PE.NFO,07/01/2020,12:43:45,23.75,23.15,1200,25.45,6000,0,7200
TECHM30Jan20790PE.NFO,07/01/2020,12:43:52,23.75,23.15,1200,25.2,1200,0,7200
TECHM30Jan20790PE.NFO,07/01/2020,12:43:55,23.75,23.15,1200,25.15,1200,0,7200
TECHM30Jan20790PE.NFO,07/01/2020,12:43:57,23.75,23.15,1200,25.25,3600,0,7200
TECHM30Jan20790PE.NFO,07/01/2020,12:43:59,23.75,23.15,1200,25.8,18000,0,7200
TECHM30Jan20790PE.NFO,07/01/2020,12:44:01,23.75,23.15,1200,25.7,18000,0,7200
TECHM30Jan20790PE.NFO,07/01/2020,12:44:04,23.75,23.15,1200,25.5,6000,0,7200
TECHM30Jan20790PE.NFO,07/01/2020,12:44:06,23.75,23.15,1200,25.35,1200,0,7200
TECHM30Jan20790PE.NFO,07/01/2020,12:44:07,23.75,23.15,1200,25.2,3600,0,7200
TECHM30Jan20790PE.NFO,07/01/2020,12:44:08,23.75,23.15,1200,25.1,3600,0,7200
TECHM30Jan20790PE.NFO,07/01/2020,12:44:10,23.75,23.15,1200,25.3,3600,0,7200
TECHM30Jan20790PE.NFO,07/01/2020,12:44:13,23.75,23.15,1200,25.05,1200,0,7200
TECHM30Jan20790PE.NFO,07/01/2020,12:44:15,23.75,23.15,1200,25.3,3600,0,7200
TECHM30Jan20790PE.NFO,07/01/2020,12:44:16,23.75,23.15,1200,25.1,3600,0,7200
TECHM30Jan20790PE.NFO,07/01/2020,12:44:18,23.75,23.15,1200,25.3,3600,0,7200
TECHM30Jan20790PE.NFO,07/01/2020,12:44:25,23.75,23.15,1200,25.35,3600,0,7200
TECHM30Jan20790PE.NFO,07/01/2020,12:44:27,23.75,23.15,1200,25.15,3600,0,7200
TECHM30Jan20790PE.NFO,07/01/2020,12:44:29,23.75,23.15,1200,26.3,25200,0,7200
TECHM30Jan20790PE.NFO,07/01/2020,12:44:31,23.75,23.15,1200,26.1,22800,0,7200
TECHM30Jan20790PE.NFO,07/01/2020,12:44:33,23.75,23.15,1200,25.25,6000,0,7200
TECHM30Jan20790PE.NFO,07/01/2020,12:44:36,23.75,23.15,1200,25.4,7200,0,7200
TECHM30Jan20790PE.NFO,07/01/2020,12:44:39,23.75,23.15,1200,25.05,1200,0,7200
TECHM30Jan20790PE.NFO,07/01/2020,12:44:41,23.75,23.15,1200,25.25,6000,0,7200
TECHM30Jan20790PE.NFO,07/01/2020,12:44:43,23.75,23.15,1200,25.05,2400,0,7200
TECHM30Jan20790PE.NFO,07/01/2020,12:44:46,23.75,23.15,1200,25.35,7200,0,7200
TECHM30Jan20790PE.NFO,07/01/2020,12:44:49,23.75,23.15,1200,25.05,2400,0,7200
TECHM30Jan20790PE.NFO,07/01/2020,12:44:52,23.75,23.15,1200,25.2,2400,0,7200
TECHM30Jan20790PE.NFO,07/01/2020,12:44:55,23.75,23.15,1200,25,2400,0,7200
TECHM30Jan20790PE.NFO,07/01/2020,12:45:00,23.75,23.15,1200,25,1200,0,7200
TECHM30Jan20790PE.NFO,07/01/2020,12:45:01,23.75,23.15,1200,25.3,8400,0,7200
TECHM30Jan20790PE.NFO,07/01/2020,12:45:02,23.75,23.15,1200,25,1200,0,7200
TECHM30Jan20790PE.NFO,07/01/2020,12:45:05,23.75,23.15,1200,25.25,1200,0,7200
TECHM30Jan20790PE.NFO,07/01/2020,12:45:07,23.75,23.15,1200,25.45,6000,0,7200
TECHM30Jan20790PE.NFO,07/01/2020,12:45:09,23.75,23.15,1200,25.35,3600,0,7200
TECHM30Jan20790PE.NFO,07/01/2020,12:45:10,23.75,23.15,1200,25.25,3600,0,7200
TECHM30Jan20790PE.NFO,07/01/2020,12:45:11,23.75,23.15,1200,25.2,1200,0,7200
TECHM30Jan20790PE.NFO,07/01/2020,12:45:12,23.75,23.15,1200,25.2,3600,0,7200
TECHM30Jan20790PE.NFO,07/01/2020,12:45:14,23.75,23.15,1200,25.15,1200,0,7200
TECHM30Jan20790PE.NFO,07/01/2020,12:45:15,23.75,23.15,1200,25.45,4800,0,7200
TECHM30Jan20790PE.NFO,07/01/2020,12:45:17,23.75,23.15,1200,25.45,7200,0,7200
TECHM30Jan20790PE.NFO,07/01/2020,12:45:19,23.75,23.15,1200,25.3,3600,0,7200
TECHM30Jan20790PE.NFO,07/01/2020,12:45:22,23.75,23.15,1200,25.25,1200,0,7200
TECHM30Jan20790PE.NFO,07/01/2020,12:45:24,23.75,23.15,1200,25.2,3600,0,7200
TECHM30Jan20790PE.NFO,07/01/2020,12:45:27,23.75,23.15,1200,25.35,1200,0,7200
TECHM30Jan20790PE.NFO,07/01/2020,12:45:30,23.75,23.1,2400,25.15,1200,0,7200
TECHM30Jan20790PE.NFO,07/01/2020,12:45:33,23.75,23.1,2400,25.35,3600,0,7200
TECHM30Jan20790PE.NFO,07/01/2020,12:45:35,23.75,23.1,2400,25.1,1200,0,7200
TECHM30Jan20790PE.NFO,07/01/2020,12:45:39,23.75,23.1,2400,25.85,18000,0,7200
TECHM30Jan20790PE.NFO,07/01/2020,12:45:41,23.75,23.15,1200,25.55,6000,0,7200
TECHM30Jan20790PE.NFO,07/01/2020,12:45:44,23.75,23.15,1200,25.25,3600,0,7200
TECHM30Jan20790PE.NFO,07/01/2020,12:45:47,23.75,23.15,1200,25.35,3600,0,7200
TECHM30Jan20790PE.NFO,07/01/2020,12:45:53,23.75,23.1,2400,25,3600,0,7200
TECHM30Jan20790PE.NFO,07/01/2020,12:46:00,23.75,23.15,1200,25.1,1200,0,7200
TECHM30Jan20790PE.NFO,07/01/2020,12:46:04,23.75,23.15,1200,25.2,1200,0,7200
TECHM30Jan20790PE.NFO,07/01/2020,12:46:08,23.75,23.15,1200,25.45,8400,0,7200
TECHM30Jan20790PE.NFO,07/01/2020,12:46:11,23.75,23.15,1200,25.3,3600,0,7200
TECHM30Jan20790PE.NFO,07/01/2020,12:46:15,23.75,23.15,1200,25.3,1200,0,7200
TECHM30Jan20790PE.NFO,07/01/2020,12:46:19,23.75,23.15,1200,25.3,6000,0,7200
TECHM30Jan20790PE.NFO,07/01/2020,12:46:24,23.75,23.15,1200,25.15,1200,0,7200
TECHM30Jan20790PE.NFO,07/01/2020,12:46:29,23.75,23.15,1200,25.25,1200,0,7200
TECHM30Jan20790PE.NFO,07/01/2020,12:46:39,23.75,23.15,1200,25.15,1200,0,7200
TECHM30Jan20790PE.NFO,07/01/2020,12:46:42,23.75,23.15,1200,25.25,1200,0,7200
TECHM30Jan20790PE.NFO,07/01/2020,12:46:45,23.75,23.15,1200,25.15,1200,0,7200
TECHM30Jan20790PE.NFO,07/01/2020,12:46:48,23.75,23.15,1200,25.3,3600,0,7200
TECHM30Jan20790PE.NFO,07/01/2020,12:46:50,23.75,23.15,1200,25.15,1200,0,7200
TECHM30Jan20790PE.NFO,07/01/2020,12:46:54,23.75,23.15,1200,25.45,3600,0,7200
TECHM30Jan20790PE.NFO,07/01/2020,12:46:57,23.75,23.15,1200,25.15,3600,0,7200
TECHM30Jan20790PE.NFO,07/01/2020,12:47:01,23.75,23.15,1200,25.15,1200,0,7200
TECHM30Jan20790PE.NFO,07/01/2020,12:47:05,23.75,23.15,1200,25.2,1200,0,7200
TECHM30Jan20790PE.NFO,07/01/2020,12:47:10,23.75,23.15,1200,25.3,6000,0,7200
TECHM30Jan20790PE.NFO,07/01/2020,12:47:14,23.75,23.15,1200,25.15,3600,0,7200
TECHM30Jan20790PE.NFO,07/01/2020,12:47:18,23.75,23.15,1200,25.1,1200,0,7200
TECHM30Jan20790PE.NFO,07/01/2020,12:47:23,23.75,23.15,1200,25.25,3600,0,7200
TECHM30Jan20790PE.NFO,07/01/2020,12:47:27,23.75,23.15,1200,25.35,6000,0,7200
TECHM30Jan20790PE.NFO,07/01/2020,12:47:30,23.75,23.15,1200,25.15,3600,0,7200
TECHM30Jan20790PE.NFO,07/01/2020,12:47:34,23.75,23.15,1200,25.35,3600,0,7200
TECHM30Jan20790PE.NFO,07/01/2020,12:47:37,23.75,23.15,1200,25.05,2400,0,7200
TECHM30Jan20790PE.NFO,07/01/2020,12:47:40,23.75,23.15,1200,25.05,7200,0,7200
TECHM30Jan20790PE.NFO,07/01/2020,12:47:43,23.75,23.15,1200,24.9,1200,0,7200
TECHM30Jan20790PE.NFO,07/01/2020,12:47:46,23.75,23.15,1200,24.95,1200,0,7200
TECHM30Jan20790PE.NFO,07/01/2020,12:47:53,23.75,23.15,1200,24.95,2400,0,7200
TECHM30Jan20790PE.NFO,07/01/2020,12:48:05,23.75,23.15,1200,24.85,3600,0,7200
TECHM30Jan20790PE.NFO,07/01/2020,12:48:10,23.15,23.15,1200,24.7,2400,1200,4800
TECHM30Jan20790PE.NFO,07/01/2020,12:48:10,23.15,23.15,1200,24.7,2400,0,4800
TECHM30Jan20790PE.NFO,07/01/2020,12:48:16,23.15,23.15,1200,24.6,2400,0,4800
TECHM30Jan20790PE.NFO,07/01/2020,12:48:23,23.15,23.1,2400,24.8,3600,0,4800
TECHM30Jan20790PE.NFO,07/01/2020,12:48:29,23.15,23.1,1200,24.65,2400,0,4800
TECHM30Jan20790PE.NFO,07/01/2020,12:48:34,23.15,23.1,1200,24.45,2400,0,4800
TECHM30Jan20790PE.NFO,07/01/2020,12:48:47,23.15,23.1,1200,24.9,12000,0,4800
TECHM30Jan20790PE.NFO,07/01/2020,12:48:51,23.15,23.1,1200,24.6,8400,0,4800
TECHM30Jan20790PE.NFO,07/01/2020,12:48:55,23.15,23.1,1200,24.65,3600,0,4800
TECHM30Jan20790PE.NFO,07/01/2020,12:49:00,23.15,23.1,1200,24.95,1200,0,4800
TECHM30Jan20790PE.NFO,07/01/2020,12:49:05,23.15,23.1,1200,24.75,3600,0,4800
TECHM30Jan20790PE.NFO,07/01/2020,12:49:10,23.15,23.1,1200,24.6,3600,0,4800
TECHM30Jan20790PE.NFO,07/01/2020,12:49:15,23.15,23.1,1200,25,8400,0,4800
TECHM30Jan20790PE.NFO,07/01/2020,12:49:20,23.15,23.1,1200,24.55,3600,0,4800
TECHM30Jan20790PE.NFO,07/01/2020,12:49:25,23.15,23.1,1200,24.55,1200,0,4800
TECHM30Jan20790PE.NFO,07/01/2020,12:49:28,23.15,23.1,1200,24.6,3600,0,4800
TECHM30Jan20790PE.NFO,07/01/2020,12:49:32,23.15,23.1,1200,24.95,6000,0,4800
TECHM30Jan20790PE.NFO,07/01/2020,12:49:34,23.15,23.1,1200,24.65,3600,0,4800
TECHM30Jan20790PE.NFO,07/01/2020,12:49:37,23.15,23.1,1200,25.6,26400,0,4800
TECHM30Jan20790PE.NFO,07/01/2020,12:49:40,23.15,23.1,1200,25.2,18000,0,4800
TECHM30Jan20790PE.NFO,07/01/2020,12:49:43,23.15,23.1,1200,25,10800,0,4800
TECHM30Jan20790PE.NFO,07/01/2020,12:49:47,23.15,23.1,1200,24.55,1200,0,4800
TECHM30Jan20790PE.NFO,07/01/2020,12:49:51,23.15,23.1,1200,24.8,1200,0,4800
TECHM30Jan20790PE.NFO,07/01/2020,12:49:55,23.15,23.1,1200,24.75,3600,0,4800
TECHM30Jan20790PE.NFO,07/01/2020,12:49:57,23.15,23.1,1200,25,6000,0,4800
TECHM30Jan20790PE.NFO,07/01/2020,12:49:58,23.15,23.1,1200,24.95,3600,0,4800
TECHM30Jan20790PE.NFO,07/01/2020,12:50:00,23.15,23.1,1200,24.75,3600,0,4800
TECHM30Jan20790PE.NFO,07/01/2020,12:50:02,23.15,23.1,1200,24.55,1200,0,4800
TECHM30Jan20790PE.NFO,07/01/2020,12:50:06,23.15,23.1,1200,24.75,3600,0,4800
TECHM30Jan20790PE.NFO,07/01/2020,12:50:08,23.15,23.1,1200,24.5,1200,0,4800
TECHM30Jan20790PE.NFO,07/01/2020,12:50:11,23.15,23.1,1200,24.8,1200,0,4800
TECHM30Jan20790PE.NFO,07/01/2020,12:50:13,23.15,23.1,1200,24.55,3600,0,4800
TECHM30Jan20790PE.NFO,07/01/2020,12:50:16,23.15,23.1,1200,25.2,18000,0,4800
TECHM30Jan20790PE.NFO,07/01/2020,12:50:19,23.15,23.1,1200,24.8,3600,0,4800
TECHM30Jan20790PE.NFO,07/01/2020,12:50:23,23.15,23.1,1200,24.7,1200,0,4800
TECHM30Jan20790PE.NFO,07/01/2020,12:50:28,23.15,23.1,1200,24.9,1200,0,4800
TECHM30Jan20790PE.NFO,07/01/2020,12:50:32,23.15,23.1,1200,24.85,3600,0,4800
TECHM30Jan20790PE.NFO,07/01/2020,12:50:36,23.15,23.1,1200,24.8,3600,0,4800
TECHM30Jan20790PE.NFO,07/01/2020,12:50:39,23.15,23.1,1200,24.85,3600,0,4800
TECHM30Jan20790PE.NFO,07/01/2020,12:50:42,23.15,23.1,1200,24.6,1200,0,4800
TECHM30Jan20790PE.NFO,07/01/2020,12:50:44,23.15,23.1,1200,24.8,3600,0,4800
TECHM30Jan20790PE.NFO,07/01/2020,12:50:47,23.15,23.1,1200,24.7,3600,0,4800
TECHM30Jan20790PE.NFO,07/01/2020,12:50:50,23.15,23.1,1200,25,10800,0,4800
TECHM30Jan20790PE.NFO,07/01/2020,12:50:52,23.15,23.1,1200,24.8,3600,0,4800
TECHM30Jan20790PE.NFO,07/01/2020,12:50:55,23.15,23.1,1200,24.9,6000,0,4800
TECHM30Jan20790PE.NFO,07/01/2020,12:50:58,23.15,23.1,1200,24.7,3600,0,4800
TECHM30Jan20790PE.NFO,07/01/2020,12:51:01,23.15,23.1,1200,24.75,3600,0,4800
TECHM30Jan20790PE.NFO,07/01/2020,12:51:04,23.15,23.1,1200,24.5,1200,0,4800
TECHM30Jan20790PE.NFO,07/01/2020,12:51:07,23.15,23.1,1200,24.75,3600,0,4800
TECHM30Jan20790PE.NFO,07/01/2020,12:51:11,23.15,23.1,1200,24.7,3600,0,4800
TECHM30Jan20790PE.NFO,07/01/2020,12:51:14,23.15,23.1,1200,24.45,1200,0,4800
TECHM30Jan20790PE.NFO,07/01/2020,12:51:17,23.15,23.1,1200,24.75,3600,0,4800
TECHM30Jan20790PE.NFO,07/01/2020,12:51:20,23.15,23.1,1200,24.65,3600,0,4800
TECHM30Jan20790PE.NFO,07/01/2020,12:51:23,23.15,23.1,1200,25,8400,0,4800
TECHM30Jan20790PE.NFO,07/01/2020,12:51:25,23.15,23.1,1200,24.75,4800,0,4800
TECHM30Jan20790PE.NFO,07/01/2020,12:51:28,23.15,23.1,1200,24.35,1200,0,4800
TECHM30Jan20790PE.NFO,07/01/2020,12:51:32,23.15,23.1,1200,24.35,2400,0,4800
TECHM30Jan20790PE.NFO,07/01/2020,12:51:35,23.15,23.1,1200,24.55,6000,0,4800
TECHM30Jan20790PE.NFO,07/01/2020,12:51:39,23.15,23.1,1200,24.3,1200,0,4800
TECHM30Jan20790PE.NFO,07/01/2020,12:51:42,23.15,23.1,1200,24.6,12000,0,4800
TECHM30Jan20790PE.NFO,07/01/2020,12:51:45,23.15,23.1,1200,24.3,1200,0,4800
TECHM30Jan20790PE.NFO,07/01/2020,12:51:48,23.15,23.1,1200,24.8,3600,0,4800
TECHM30Jan20790PE.NFO,07/01/2020,12:51:51,23.15,23.1,1200,24.6,3600,0,4800
TECHM30Jan20790PE.NFO,07/01/2020,12:51:54,23.15,23.1,1200,24.35,1200,0,4800
TECHM30Jan20790PE.NFO,07/01/2020,12:51:57,23.1,22.45,1200,24.65,3600,1200,3600
TECHM30Jan20790PE.NFO,07/01/2020,12:51:57,23.1,22.45,1200,24.65,3600,0,3600
TECHM30Jan20790PE.NFO,07/01/2020,12:52:00,23.1,22.2,1200,24.8,3600,0,3600
TECHM30Jan20790PE.NFO,07/01/2020,12:52:03,23.1,22.05,6000,24.8,1200,0,3600
TECHM30Jan20790PE.NFO,07/01/2020,12:52:06,23.1,22.05,6000,24.6,3600,0,3600
TECHM30Jan20790PE.NFO,07/01/2020,12:52:09,23.1,22.05,6000,24.75,1200,0,3600
TECHM30Jan20790PE.NFO,07/01/2020,12:52:12,23.1,22.05,6000,24.6,3600,0,3600
TECHM30Jan20790PE.NFO,07/01/2020,12:52:15,23.1,22.05,6000,24.75,1200,0,3600
TECHM30Jan20790PE.NFO,07/01/2020,12:52:17,23.1,22.05,6000,24.5,3600,0,3600
TECHM30Jan20790PE.NFO,07/01/2020,12:52:20,23.1,22.05,6000,24.75,1200,0,3600
TECHM30Jan20790PE.NFO,07/01/2020,12:52:25,23.1,22.05,6000,24.7,3600,0,3600
TECHM30Jan20790PE.NFO,07/01/2020,12:52:29,23.1,22.05,6000,24.75,3600,0,3600
TECHM30Jan20790PE.NFO,07/01/2020,12:52:32,23.1,22.05,6000,24.7,1200,0,3600
TECHM30Jan20790PE.NFO,07/01/2020,12:52:35,23.1,22.05,6000,24.4,1200,0,3600
TECHM30Jan20790PE.NFO,07/01/2020,12:52:38,23.1,22.05,6000,24.55,3600,0,3600
TECHM30Jan20790PE.NFO,07/01/2020,12:52:41,23.1,22.05,6000,24.7,1200,0,3600
TECHM30Jan20790PE.NFO,07/01/2020,12:52:45,23.1,22.05,6000,24.45,3600,0,3600
TECHM30Jan20790PE.NFO,07/01/2020,12:52:51,23.1,22.05,6000,24.7,1200,0,3600
TECHM30Jan20790PE.NFO,07/01/2020,12:52:57,23.1,22.05,6000,24.65,3600,0,3600
TECHM30Jan20790PE.NFO,07/01/2020,12:53:01,23.1,22.05,6000,24.8,6000,0,3600
TECHM30Jan20790PE.NFO,07/01/2020,12:53:04,23.1,22.05,6000,24.5,3600,0,3600
TECHM30Jan20790PE.NFO,07/01/2020,12:53:08,23.1,22.05,6000,24.55,3600,0,3600
TECHM30Jan20790PE.NFO,07/01/2020,12:53:11,23.1,22.05,6000,24.3,1200,0,3600
TECHM30Jan20790PE.NFO,07/01/2020,12:53:14,23.1,22.05,6000,24.65,3600,0,3600
TECHM30Jan20790PE.NFO,07/01/2020,12:53:17,23.1,22.05,6000,24.45,3600,0,3600
TECHM30Jan20790PE.NFO,07/01/2020,12:53:23,23.1,22.05,6000,24.55,3600,0,3600
TECHM30Jan20790PE.NFO,07/01/2020,12:53:25,23.1,22.05,6000,24.65,6000,0,3600
TECHM30Jan20790PE.NFO,07/01/2020,12:53:28,23.1,22.05,6000,24.45,3600,0,3600
TECHM30Jan20790PE.NFO,07/01/2020,12:53:31,23.1,21.8,6000,24.4,3600,0,3600
TECHM30Jan20790PE.NFO,07/01/2020,12:53:35,23.1,21.8,6000,24.55,6000,0,3600
TECHM30Jan20790PE.NFO,07/01/2020,12:53:38,23.1,21.8,6000,24.4,3600,0,3600
TECHM30Jan20790PE.NFO,07/01/2020,12:53:41,23.1,21.8,6000,24.35,1200,0,3600
TECHM30Jan20790PE.NFO,07/01/2020,12:53:45,23.1,21.8,6000,24.4,3600,0,3600
TECHM30Jan20790PE.NFO,07/01/2020,12:53:48,23.1,21.8,6000,24.45,3600,0,3600
TECHM30Jan20790PE.NFO,07/01/2020,12:53:51,23.1,21.8,6000,24.25,3600,0,3600
TECHM30Jan20790PE.NFO,07/01/2020,12:53:53,23.1,21.8,6000,24.3,3600,0,3600
TECHM30Jan20790PE.NFO,07/01/2020,12:53:56,23.1,21.8,6000,24.35,1200,0,3600
TECHM30Jan20790PE.NFO,07/01/2020,12:53:59,23.1,21.8,6000,24.3,3600,0,3600
TECHM30Jan20790PE.NFO,07/01/2020,12:54:00,23.1,21.8,6000,24.35,1200,0,3600
TECHM30Jan20790PE.NFO,07/01/2020,12:54:02,23.1,21.8,6000,24.25,1200,0,3600
TECHM30Jan20790PE.NFO,07/01/2020,12:54:04,23.1,21.8,3600,24.3,3600,0,3600
TECHM30Jan20790PE.NFO,07/01/2020,12:54:06,23.1,21.8,3600,24.15,1200,0,3600
TECHM30Jan20790PE.NFO,07/01/2020,12:54:08,23.1,21.8,3600,24.2,3600,0,3600
TECHM30Jan20790PE.NFO,07/01/2020,12:54:10,23.1,21.8,3600,24.35,1200,0,3600
TECHM30Jan20790PE.NFO,07/01/2020,12:54:13,23.1,21.8,3600,25.35,22800,0,3600
TECHM30Jan20790PE.NFO,07/01/2020,12:54:15,23.1,21.8,3600,25.05,25200,0,3600
TECHM30Jan20790PE.NFO,07/01/2020,12:54:18,23.1,21.8,3600,24.25,2400,0,3600
TECHM30Jan20790PE.NFO,07/01/2020,12:54:21,23.1,21.8,3600,24.2,1200,0,3600
TECHM30Jan20790PE.NFO,07/01/2020,12:54:24,23.1,21.8,6000,24.2,1200,0,3600
TECHM30Jan20790PE.NFO,07/01/2020,12:54:28,23.1,21.8,6000,24.15,1200,0,3600
TECHM30Jan20790PE.NFO,07/01/2020,12:54:32,23.1,21.8,3600,24.2,2400,0,3600
TECHM30Jan20790PE.NFO,07/01/2020,12:54:35,23.1,21.8,3600,24.6,10800,0,3600
TECHM30Jan20790PE.NFO,07/01/2020,12:54:38,23.1,21.8,3600,24.2,1200,0,3600
TECHM30Jan20790PE.NFO,07/01/2020,12:54:41,23.1,21.8,6000,24.3,2400,0,3600
TECHM30Jan20790PE.NFO,07/01/2020,12:54:43,23.1,21.8,6000,24.05,1200,0,3600
TECHM30Jan20790PE.NFO,07/01/2020,12:54:45,23.1,21.8,6000,24.1,1200,0,3600
TECHM30Jan20790PE.NFO,07/01/2020,12:54:48,23.1,21.8,6000,24.3,8400,0,3600
TECHM30Jan20790PE.NFO,07/01/2020,12:54:52,23.1,21.8,6000,24.2,1200,0,3600
TECHM30Jan20790PE.NFO,07/01/2020,12:54:56,23.1,21.8,6000,24.5,6000,0,3600
TECHM30Jan20790PE.NFO,07/01/2020,12:54:59,23.1,21.8,6000,24.4,1200,0,3600
TECHM30Jan20790PE.NFO,07/01/2020,12:55:05,23.1,21.8,6000,24.3,1200,0,3600
TECHM30Jan20790PE.NFO,07/01/2020,12:55:09,23.1,21.8,6000,24.85,10800,0,3600
TECHM30Jan20790PE.NFO,07/01/2020,12:55:11,23.1,21.8,6000,24.6,2400,0,3600
TECHM30Jan20790PE.NFO,07/01/2020,12:55:14,23.1,21.8,6000,24.55,1200,0,3600
TECHM30Jan20790PE.NFO,07/01/2020,12:55:16,23.1,21.8,8400,24.6,3600,0,3600
TECHM30Jan20790PE.NFO,07/01/2020,12:55:18,23.1,21.8,10800,24.5,1200,0,3600
TECHM30Jan20790PE.NFO,07/01/2020,12:55:20,23.1,21.8,10800,25.05,18000,0,3600
TECHM30Jan20790PE.NFO,07/01/2020,12:55:23,23.1,21.8,13200,24.65,3600,0,3600
TECHM30Jan20790PE.NFO,07/01/2020,12:55:28,23.1,21.95,8400,25.05,8400,0,3600
TECHM30Jan20790PE.NFO,07/01/2020,12:55:31,23.1,22.05,6000,24.8,1200,0,3600
TECHM30Jan20790PE.NFO,07/01/2020,12:55:33,23.1,22.05,10800,24.85,1200,0,3600
TECHM30Jan20790PE.NFO,07/01/2020,12:55:36,23.1,22.05,6000,24.85,1200,0,3600
TECHM30Jan20790PE.NFO,07/01/2020,12:55:39,23.1,22.05,10800,24.85,1200,0,3600
TECHM30Jan20790PE.NFO,07/01/2020,12:55:41,23.1,22.05,6000,24.8,1200,0,3600
TECHM30Jan20790PE.NFO,07/01/2020,12:55:43,23.1,22.05,6000,25.15,10800,0,3600
TECHM30Jan20790PE.NFO,07/01/2020,12:55:46,23.1,22.05,6000,25,3600,0,3600
TECHM30Jan20790PE.NFO,07/01/2020,12:55:49,23.1,22.05,6000,24.8,1200,0,3600
TECHM30Jan20790PE.NFO,07/01/2020,12:55:52,23.1,22.05,6000,24.75,1200,0,3600
TECHM30Jan20790PE.NFO,07/01/2020,12:55:54,23.1,22.05,6000,25.1,6000,0,3600
TECHM30Jan20790PE.NFO,07/01/2020,12:55:57,23.1,22.05,10800,24.85,1200,0,3600
TECHM30Jan20790PE.NFO,07/01/2020,12:56:01,23.1,22.05,8400,24.85,1200,0,3600
TECHM30Jan20790PE.NFO,07/01/2020,12:56:04,23.1,22.05,6000,24.85,1200,0,3600
TECHM30Jan20790PE.NFO,07/01/2020,12:56:09,23.1,22.05,6000,24.9,3600,0,3600
TECHM30Jan20790PE.NFO,07/01/2020,12:56:12,23.1,22.05,6000,24.9,1200,0,3600
TECHM30Jan20790PE.NFO,07/01/2020,12:56:22,23.1,22.05,13200,25.25,15600,0,3600
TECHM30Jan20790PE.NFO,07/01/2020,12:56:25,23.1,22.05,6000,24.95,2400,0,3600
TECHM30Jan20790PE.NFO,07/01/2020,12:56:27,23.1,22.05,6000,24.85,1200,0,3600
TECHM30Jan20790PE.NFO,07/01/2020,12:56:29,23.1,22.05,10800,25,3600,0,3600
TECHM30Jan20790PE.NFO,07/01/2020,12:56:31,23.1,22.05,10800,24.9,3600,0,3600
TECHM30Jan20790PE.NFO,07/01/2020,12:56:33,23.1,22.05,6000,25.05,6000,0,3600
TECHM30Jan20790PE.NFO,07/01/2020,12:56:36,23.1,22.05,10800,24.95,3600,0,3600
TECHM30Jan20790PE.NFO,07/01/2020,12:56:38,23.1,22.05,10800,24.55,1200,0,3600
TECHM30Jan20790PE.NFO,07/01/2020,12:56:40,23.1,22.05,10800,24.6,2400,0,3600
TECHM30Jan20790PE.NFO,07/01/2020,12:56:46,23.1,22.05,13200,24.6,2400,0,3600
TECHM30Jan20790PE.NFO,07/01/2020,12:56:49,23.1,22.05,10800,24.6,2400,0,3600
TECHM30Jan20790PE.NFO,07/01/2020,12:56:55,23.1,22.05,15600,24.6,2400,0,3600
TECHM30Jan20790PE.NFO,07/01/2020,12:56:59,23.1,22.05,10800,24.6,2400,0,3600
TECHM30Jan20790PE.NFO,07/01/2020,12:57:01,23.1,22.05,15600,24.6,2400,0,3600
TECHM30Jan20790PE.NFO,07/01/2020,12:57:10,23.1,22.05,10800,24.6,2400,0,3600
TECHM30Jan20790PE.NFO,07/01/2020,12:57:12,23.1,22.05,8400,24.6,2400,0,3600
TECHM30Jan20790PE.NFO,07/01/2020,12:57:19,23.1,22.05,6000,24.6,2400,0,3600
TECHM30Jan20790PE.NFO,07/01/2020,12:57:26,23.1,22.15,3600,24.55,1200,0,3600
TECHM30Jan20790PE.NFO,07/01/2020,12:57:30,23.1,22.3,3600,24.55,1200,0,3600
TECHM30Jan20790PE.NFO,07/01/2020,12:57:33,23.1,22.3,3600,24.6,2400,0,3600
TECHM30Jan20790PE.NFO,07/01/2020,12:57:56,23.1,22.3,6000,24.6,2400,0,3600
TECHM30Jan20790PE.NFO,07/01/2020,12:58:14,23.1,22.3,3600,24.6,2400,0,3600
TECHM30Jan20790PE.NFO,07/01/2020,12:58:19,23.1,22.3,6000,24.6,2400,0,3600
TECHM30Jan20790PE.NFO,07/01/2020,12:58:28,23.1,22.3,3600,24.6,2400,0,3600
TECHM30Jan20790PE.NFO,07/01/2020,12:58:34,23.1,22.3,6000,24.6,2400,0,3600
TECHM30Jan20790PE.NFO,07/01/2020,12:58:38,23.1,22.3,6000,24.55,1200,0,3600
TECHM30Jan20790PE.NFO,07/01/2020,12:58:58,23.1,22.3,6000,24.6,2400,0,3600
TECHM30Jan20790PE.NFO,07/01/2020,12:59:07,23.1,22.3,4800,24.6,2400,0,3600
TECHM30Jan20790PE.NFO,07/01/2020,12:59:11,23.1,22.3,4800,24.55,1200,0,3600
TECHM30Jan20790PE.NFO,07/01/2020,13:00:05,23.1,21.9,16800,24.55,1200,0,3600
TECHM30Jan20790PE.NFO,07/01/2020,13:00:10,23.1,21.95,16800,24.55,1200,0,3600
TECHM30Jan20790PE.NFO,07/01/2020,13:00:18,23.1,22.05,16800,24.55,1200,0,3600
TECHM30Jan20790PE.NFO,07/01/2020,13:00:35,23.1,22.05,14400,24.55,1200,0,3600
TECHM30Jan20790PE.NFO,07/01/2020,13:01:16,23.1,22.3,16800,24.55,1200,0,3600
TECHM30Jan20790PE.NFO,07/01/2020,13:01:23,23.1,22.3,14400,24.55,1200,0,3600
TECHM30Jan20790PE.NFO,07/01/2020,13:01:38,23.1,22.45,16800,24.55,1200,0,3600
TECHM30Jan20790PE.NFO,07/01/2020,13:01:43,23.1,22.45,14400,24.55,1200,0,3600
TECHM30Jan20790PE.NFO,07/01/2020,13:01:48,23.1,22.55,14400,24.55,1200,0,3600
TECHM30Jan20790PE.NFO,07/01/2020,13:02:00,23.1,22.55,12000,24.55,1200,0,3600
TECHM30Jan20790PE.NFO,07/01/2020,13:02:06,23.1,22.55,4800,24.55,1200,0,3600
TECHM30Jan20790PE.NFO,07/01/2020,13:02:16,23.1,22.55,2400,24.55,1200,0,3600
TECHM30Jan20790PE.NFO,07/01/2020,13:02:25,23.1,22.55,4800,24.6,2400,0,3600
TECHM30Jan20790PE.NFO,07/01/2020,13:02:31,23.1,22.55,4800,24.55,1200,0,3600
TECHM30Jan20790PE.NFO,07/01/2020,13:02:41,23.1,22.55,9600,24.55,1200,0,3600
TECHM30Jan20790PE.NFO,07/01/2020,13:02:47,23.1,22.55,12000,24.55,1200,0,3600
TECHM30Jan20790PE.NFO,07/01/2020,13:03:04,23.1,22.55,4800,24.55,1200,0,3600
TECHM30Jan20790PE.NFO,07/01/2020,13:03:17,23.1,22.55,14400,24.55,1200,0,3600
TECHM30Jan20790PE.NFO,07/01/2020,13:03:23,23.1,22.55,4800,24.55,1200,0,3600
TECHM30Jan20790PE.NFO,07/01/2020,13:03:31,23.1,22.55,7200,24.55,1200,0,3600
TECHM30Jan20790PE.NFO,07/01/2020,13:03:34,23.1,22.55,4800,24.55,1200,0,3600
TECHM30Jan20790PE.NFO,07/01/2020,13:03:38,23.1,22.55,7200,24.55,1200,0,3600
TECHM30Jan20790PE.NFO,07/01/2020,13:04:05,23.1,22.55,12000,24.55,1200,0,3600
TECHM30Jan20790PE.NFO,07/01/2020,13:04:08,23.1,22.55,4800,24.55,1200,0,3600
TECHM30Jan20790PE.NFO,07/01/2020,13:04:12,23.1,22.55,7200,24.55,1200,0,3600
TECHM30Jan20790PE.NFO,07/01/2020,13:04:23,23.1,22.55,4800,24.55,1200,0,3600
TECHM30Jan20790PE.NFO,07/01/2020,13:04:27,23.1,22.55,9600,24.55,1200,0,3600
TECHM30Jan20790PE.NFO,07/01/2020,13:04:33,23.1,22.55,4800,24.55,1200,0,3600
TECHM30Jan20790PE.NFO,07/01/2020,13:04:40,23.1,22.55,12000,24.6,2400,0,3600
TECHM30Jan20790PE.NFO,07/01/2020,13:04:45,23.1,22.55,14400,24.55,1200,0,3600
TECHM30Jan20790PE.NFO,07/01/2020,13:04:53,23.1,22.55,16800,24.55,1200,0,3600
TECHM30Jan20790PE.NFO,07/01/2020,13:05:05,23.1,22.75,16800,24.55,1200,0,3600
TECHM30Jan20790PE.NFO,07/01/2020,13:05:16,23.1,22.85,16800,24.55,1200,0,3600
TECHM30Jan20790PE.NFO,07/01/2020,13:05:22,23.1,22.85,12000,24.55,1200,0,3600
TECHM30Jan20790PE.NFO,07/01/2020,13:05:27,23.1,22.85,14400,24.55,1200,0,3600
TECHM30Jan20790PE.NFO,07/01/2020,13:05:32,23.1,22.85,9600,24.55,1200,0,3600
TECHM30Jan20790PE.NFO,07/01/2020,13:05:48,23.1,22.85,12000,24.55,1200,0,3600
TECHM30Jan20790PE.NFO,07/01/2020,13:05:53,23.1,22.85,14400,24.55,1200,0,3600
TECHM30Jan20790PE.NFO,07/01/2020,13:06:05,23.1,22.95,4800,24.55,1200,0,3600
TECHM30Jan20790PE.NFO,07/01/2020,13:06:34,23.1,22.95,9600,24.55,1200,0,3600
TECHM30Jan20790PE.NFO,07/01/2020,13:06:39,23.1,22.95,4800,24.55,1200,0,3600
TECHM30Jan20790PE.NFO,07/01/2020,13:06:59,23.1,22.95,12000,24.55,1200,0,3600
TECHM30Jan20790PE.NFO,07/01/2020,13:07:03,23.1,22.95,14400,24.55,1200,0,3600
TECHM30Jan20790PE.NFO,07/01/2020,13:07:21,23.1,22.95,4800,24.55,1200,0,3600
TECHM30Jan20790PE.NFO,07/01/2020,13:07:32,23.1,22.95,14400,24.55,1200,0,3600
TECHM30Jan20790PE.NFO,07/01/2020,13:07:37,23.1,22.95,4800,24.55,1200,0,3600
TECHM30Jan20790PE.NFO,07/01/2020,13:07:57,23.1,22.95,7200,24.55,1200,0,3600
TECHM30Jan20790PE.NFO,07/01/2020,13:08:05,23.1,22.95,4800,24.55,1200,0,3600
TECHM30Jan20790PE.NFO,07/01/2020,13:08:12,23.1,22.95,9600,24.55,1200,0,3600
TECHM30Jan20790PE.NFO,07/01/2020,13:08:19,23.1,22.95,14400,24.55,1200,0,3600
TECHM30Jan20790PE.NFO,07/01/2020,13:08:35,23.1,22.95,9600,24.55,1200,0,3600
TECHM30Jan20790PE.NFO,07/01/2020,13:08:41,23.1,22.95,7200,24.55,1200,0,3600
TECHM30Jan20790PE.NFO,07/01/2020,13:08:48,23.1,22.95,9600,24.55,1200,0,3600
TECHM30Jan20790PE.NFO,07/01/2020,13:08:54,23.1,23.05,4800,24.55,1200,0,3600
TECHM30Jan20790PE.NFO,07/01/2020,13:09:13,23.1,23.05,9600,24.55,1200,0,3600
TECHM30Jan20790PE.NFO,07/01/2020,13:09:21,23.1,23.05,16800,24.55,1200,0,3600
TECHM30Jan20790PE.NFO,07/01/2020,13:09:29,23.1,23.05,14400,24.55,1200,0,3600
TECHM30Jan20790PE.NFO,07/01/2020,13:09:37,23.1,23.05,12000,24.55,1200,0,3600
TECHM30Jan20790PE.NFO,07/01/2020,13:09:43,23.1,23.05,14400,24.55,1200,0,3600
TECHM30Jan20790PE.NFO,07/01/2020,13:09:56,23.1,23.05,4800,24.55,1200,0,3600
TECHM30Jan20790PE.NFO,07/01/2020,13:10:09,23.1,23.05,14400,24.55,1200,0,3600
TECHM30Jan20790PE.NFO,07/01/2020,13:10:16,23.1,23.15,4800,24.55,1200,0,3600
TECHM30Jan20790PE.NFO,07/01/2020,13:10:52,23.1,22.75,14400,24.55,1200,0,3600
TECHM30Jan20790PE.NFO,07/01/2020,13:10:57,23.1,22.75,12000,24.55,1200,0,3600
TECHM30Jan20790PE.NFO,07/01/2020,13:11:02,23.1,22.75,2400,24.55,1200,0,3600
TECHM30Jan20790PE.NFO,07/01/2020,13:11:19,23.1,22.75,4800,24.55,1200,0,3600
TECHM30Jan20790PE.NFO,07/01/2020,13:11:49,23.1,22.75,14400,24.55,1200,0,3600
TECHM30Jan20790PE.NFO,07/01/2020,13:12:10,23.1,22.85,4800,24.55,1200,0,3600
TECHM30Jan20790PE.NFO,07/01/2020,13:12:33,23.1,22.85,7200,24.55,1200,0,3600
TECHM30Jan20790PE.NFO,07/01/2020,13:12:47,23.1,22.85,4800,24.55,1200,0,3600
TECHM30Jan20790PE.NFO,07/01/2020,13:14:19,23.1,22.85,7200,24.55,1200,0,3600
TECHM30Jan20790PE.NFO,07/01/2020,13:14:45,23.1,22.85,9600,24.55,1200,0,3600
TECHM30Jan20790PE.NFO,07/01/2020,13:14:58,23.1,22.85,7200,24.55,1200,0,3600
TECHM30Jan20790PE.NFO,07/01/2020,13:15:19,23.1,22.6,4800,24.6,2400,0,3600
TECHM30Jan20790PE.NFO,07/01/2020,13:15:26,23.1,22.65,7200,24.6,2400,0,3600
TECHM30Jan20790PE.NFO,07/01/2020,13:15:33,23.1,22.55,9600,24.6,2400,0,3600
TECHM30Jan20790PE.NFO,07/01/2020,13:15:40,23.1,22.7,1200,24.6,2400,0,3600
TECHM30Jan20790PE.NFO,07/01/2020,13:15:51,23.1,22.55,7200,24.6,2400,0,3600
TECHM30Jan20790PE.NFO,07/01/2020,13:15:57,23.1,22.7,1200,24.6,2400,0,3600
TECHM30Jan20790PE.NFO,07/01/2020,13:16:15,23.1,22.45,1200,24.6,2400,0,3600
TECHM30Jan20790PE.NFO,07/01/2020,13:16:33,23.1,22.3,3600,24.55,1200,0,3600
TECHM30Jan20790PE.NFO,07/01/2020,13:16:38,23.1,22.3,6000,24.6,2400,0,3600
TECHM30Jan20790PE.NFO,07/01/2020,13:16:54,23.1,22.3,3600,24.6,2400,0,3600
TECHM30Jan20790PE.NFO,07/01/2020,13:16:58,23.1,22.3,3600,24.55,2400,0,3600
TECHM30Jan20790PE.NFO,07/01/2020,13:17:02,23.1,22.3,3600,24.55,1200,0,3600
TECHM30Jan20790PE.NFO,07/01/2020,13:17:06,23.1,22.3,3600,24.5,1200,0,3600
TECHM30Jan20790PE.NFO,07/01/2020,13:17:14,23.1,22.3,3600,24.6,2400,0,3600
TECHM30Jan20790PE.NFO,07/01/2020,13:17:18,23.1,22.3,3600,24.4,1200,0,3600
TECHM30Jan20790PE.NFO,07/01/2020,13:17:23,23.1,22.3,3600,24.45,1200,0,3600
TECHM30Jan20790PE.NFO,07/01/2020,13:17:30,23.1,22.3,3600,24.5,1200,0,3600
TECHM30Jan20790PE.NFO,07/01/2020,13:17:37,23.1,22.3,3600,24.55,2400,0,3600
TECHM30Jan20790PE.NFO,07/01/2020,13:17:41,23.1,22.3,3600,24.5,1200,0,3600
TECHM30Jan20790PE.NFO,07/01/2020,13:17:46,23.1,22.3,10800,24.6,2400,0,3600
TECHM30Jan20790PE.NFO,07/01/2020,13:17:55,23.1,22.3,6000,24.6,2400,0,3600
TECHM30Jan20790PE.NFO,07/01/2020,13:18:01,23.1,22.3,13200,24.6,2400,0,3600
TECHM30Jan20790PE.NFO,07/01/2020,13:18:14,23.1,22.3,15600,24.6,2400,0,3600
TECHM30Jan20790PE.NFO,07/01/2020,13:18:22,23.1,22.3,13200,24.55,1200,0,3600
TECHM30Jan20790PE.NFO,07/01/2020,13:18:28,23.1,22.3,6000,24.6,2400,0,3600
TECHM30Jan20790PE.NFO,07/01/2020,13:19:03,23.1,22.3,6000,24.55,1200,0,3600
TECHM30Jan20790PE.NFO,07/01/2020,13:19:15,23.1,22.3,8400,24.55,1200,0,3600
TECHM30Jan20790PE.NFO,07/01/2020,13:19:21,23.1,22.3,10800,24.55,1200,0,3600
TECHM30Jan20790PE.NFO,07/01/2020,13:19:26,23.1,22.3,13200,24.55,1200,0,3600
TECHM30Jan20790PE.NFO,07/01/2020,13:20:13,23.1,22.3,10800,24.55,1200,0,3600
TECHM30Jan20790PE.NFO,07/01/2020,13:20:30,23.1,22.3,13200,24.55,1200,0,3600
TECHM30Jan20790PE.NFO,07/01/2020,13:20:55,23.1,22.3,15600,24.55,1200,0,3600
TECHM30Jan20790PE.NFO,07/01/2020,13:21:03,23.1,22.3,15600,24.6,2400,0,3600
TECHM30Jan20790PE.NFO,07/01/2020,13:21:10,23.1,22.3,15600,24.55,1200,0,3600
TECHM30Jan20790PE.NFO,07/01/2020,13:21:31,23.1,22.3,20400,24.55,1200,0,3600
TECHM30Jan20790PE.NFO,07/01/2020,13:21:35,23.1,22.35,19200,24.55,1200,0,3600
TECHM30Jan20790PE.NFO,07/01/2020,13:21:40,23.1,22.4,18000,24.55,1200,0,3600
TECHM30Jan20790PE.NFO,07/01/2020,13:21:58,23.1,22.4,15600,24.55,1200,0,3600
TECHM30Jan20790PE.NFO,07/01/2020,13:22:27,23.1,22.4,13200,24.55,1200,0,3600
TECHM30Jan20790PE.NFO,07/01/2020,13:22:40,23.1,22.4,15600,24.55,1200,0,3600
TECHM30Jan20790PE.NFO,07/01/2020,13:22:50,23.1,22.4,13200,24.55,1200,0,3600
TECHM30Jan20790PE.NFO,07/01/2020,13:23:27,23.1,22.4,15600,24.55,1200,0,3600
TECHM30Jan20790PE.NFO,07/01/2020,13:23:45,23.1,22.4,13200,24.55,1200,0,3600
TECHM30Jan20790PE.NFO,07/01/2020,13:23:53,23.1,22.4,15600,24.55,1200,0,3600
TECHM30Jan20790PE.NFO,07/01/2020,13:24:20,23.1,22.5,15600,24.6,2400,0,3600
TECHM30Jan20790PE.NFO,07/01/2020,13:24:25,23.1,22.5,15600,24.55,1200,0,3600
TECHM30Jan20790PE.NFO,07/01/2020,13:24:29,23.1,22.5,13200,24.55,1200,0,3600
TECHM30Jan20790PE.NFO,07/01/2020,13:24:34,23.1,22.55,15600,24.55,1200,0,3600
TECHM30Jan20790PE.NFO,07/01/2020,13:24:42,23.1,22.55,15600,24.6,2400,0,3600
TECHM30Jan20790PE.NFO,07/01/2020,13:24:49,23.1,22.55,15600,24.55,1200,0,3600
TECHM30Jan20790PE.NFO,07/01/2020,13:25:07,23.1,22.55,6000,24.55,1200,0,3600
TECHM30Jan20790PE.NFO,07/01/2020,13:25:13,23.1,22.55,6000,24.6,2400,0,3600
TECHM30Jan20790PE.NFO,07/01/2020,13:25:20,23.1,22.55,6000,24.55,1200,0,3600
TECHM30Jan20790PE.NFO,07/01/2020,13:25:36,23.1,22.55,13200,24.55,1200,0,3600
TECHM30Jan20790PE.NFO,07/01/2020,13:26:19,23.1,22.55,15600,24.55,1200,0,3600
TECHM30Jan20790PE.NFO,07/01/2020,13:26:23,23.1,22.55,18000,24.55,1200,0,3600
TECHM30Jan20790PE.NFO,07/01/2020,13:26:28,23.1,22.55,14400,24.55,1200,0,3600
TECHM30Jan20790PE.NFO,07/01/2020,13:27:22,23.1,22.55,16800,24.55,1200,0,3600
TECHM30Jan20790PE.NFO,07/01/2020,13:27:25,23.1,22.55,14400,24.55,1200,0,3600
TECHM30Jan20790PE.NFO,07/01/2020,13:27:36,23.1,22.55,16800,24.55,1200,0,3600
TECHM30Jan20790PE.NFO,07/01/2020,13:27:42,23.1,22.6,19200,24.55,1200,0,3600
TECHM30Jan20790PE.NFO,07/01/2020,13:28:01,23.1,22.6,16800,24.55,1200,0,3600
TECHM30Jan20790PE.NFO,07/01/2020,13:28:07,23.1,22.6,19200,24.55,1200,0,3600
TECHM30Jan20790PE.NFO,07/01/2020,13:28:12,23.1,22.65,14400,24.55,1200,0,3600
TECHM30Jan20790PE.NFO,07/01/2020,13:28:28,23.1,22.65,19200,24.55,1200,0,3600
TECHM30Jan20790PE.NFO,07/01/2020,13:28:34,23.1,22.75,16800,24.55,1200,0,3600
TECHM30Jan20790PE.NFO,07/01/2020,13:28:40,23.1,22.75,19200,24.55,1200,0,3600
TECHM30Jan20790PE.NFO,07/01/2020,13:28:46,23.1,22.8,20400,24.55,1200,0,3600
TECHM30Jan20790PE.NFO,07/01/2020,13:28:59,23.1,22.85,19200,24.55,1200,0,3600
TECHM30Jan20790PE.NFO,07/01/2020,13:29:07,23.1,22.85,16800,24.55,1200,0,3600
TECHM30Jan20790PE.NFO,07/01/2020,13:29:15,23.1,22.95,14400,24.55,1200,0,3600
TECHM30Jan20790PE.NFO,07/01/2020,13:29:34,23.1,23,15600,24.55,1200,0,3600
TECHM30Jan20790PE.NFO,07/01/2020,13:30:55,23.1,23,13200,24.55,1200,0,3600
TECHM30Jan20790PE.NFO,07/01/2020,13:31:09,23.1,23,15600,24.55,1200,0,3600
TECHM30Jan20790PE.NFO,07/01/2020,13:31:16,23.1,23,15600,24.6,2400,0,3600
TECHM30Jan20790PE.NFO,07/01/2020,13:31:23,23.1,23,15600,24.55,1200,0,3600
TECHM30Jan20790PE.NFO,07/01/2020,13:31:29,23.1,23,15600,24.6,2400,0,3600
TECHM30Jan20790PE.NFO,07/01/2020,13:31:37,23.1,23,13200,24.6,2400,0,3600
TECHM30Jan20790PE.NFO,07/01/2020,13:31:44,23.1,23,15600,24.6,2400,0,3600
TECHM30Jan20790PE.NFO,07/01/2020,13:31:52,23.1,23,13200,24.6,2400,0,3600
TECHM30Jan20790PE.NFO,07/01/2020,13:32:00,23.1,23,15600,24.6,2400,0,3600
TECHM30Jan20790PE.NFO,07/01/2020,13:33:56,23.1,23.05,14400,24.6,2400,0,3600
TECHM30Jan20790PE.NFO,07/01/2020,13:34:20,23.1,23.05,12000,24.6,2400,0,3600
TECHM30Jan20790PE.NFO,07/01/2020,13:34:34,23.1,23.05,14400,24.6,2400,0,3600
TECHM30Jan20790PE.NFO,07/01/2020,13:34:51,23.1,23.15,15600,24.6,1200,0,3600
TECHM30Jan20790PE.NFO,07/01/2020,13:34:57,23.1,23.15,10800,24.55,1200,0,3600
TECHM30Jan20790PE.NFO,07/01/2020,13:35:05,23.1,23.15,15600,24.55,1200,0,3600
TECHM30Jan20790PE.NFO,07/01/2020,13:36:09,23.1,23.15,13200,24.55,1200,0,3600
TECHM30Jan20790PE.NFO,07/01/2020,13:36:14,23.1,23.15,13200,24.6,2400,0,3600
TECHM30Jan20790PE.NFO,07/01/2020,13:36:19,23.1,23.15,13200,24.55,1200,0,3600
TECHM30Jan20790PE.NFO,07/01/2020,13:37:19,23.1,23.15,15600,24.55,1200,0,3600
TECHM30Jan20790PE.NFO,07/01/2020,13:38:08,23.1,23.15,6000,24.6,2400,0,3600
TECHM30Jan20790PE.NFO,07/01/2020,13:38:16,23.1,22.5,15600,24.6,2400,0,3600
TECHM30Jan20790PE.NFO,07/01/2020,13:38:39,23.1,22.55,16800,24.6,2400,0,3600
TECHM30Jan20790PE.NFO,07/01/2020,13:38:44,23.1,22.55,14400,24.6,2400,0,3600
TECHM30Jan20790PE.NFO,07/01/2020,13:38:58,23.1,22.55,16800,24.6,2400,0,3600
TECHM30Jan20790PE.NFO,07/01/2020,13:39:04,23.1,22.55,19200,24.6,2400,0,3600
TECHM30Jan20790PE.NFO,07/01/2020,13:39:08,23.1,22.65,15600,24.6,2400,0,3600
TECHM30Jan20790PE.NFO,07/01/2020,13:39:33,23.1,22.65,20400,24.6,2400,0,3600
TECHM30Jan20790PE.NFO,07/01/2020,13:39:39,23.1,22.8,15600,24.6,2400,0,3600
TECHM30Jan20790PE.NFO,07/01/2020,13:39:44,23.1,22.8,20400,24.6,2400,0,3600
TECHM30Jan20790PE.NFO,07/01/2020,13:39:51,23.1,22.8,20400,24.55,1200,0,3600
TECHM30Jan20790PE.NFO,07/01/2020,13:39:56,23.1,22.8,15600,24.55,1200,0,3600
TECHM30Jan20790PE.NFO,07/01/2020,13:40:01,23.1,22.9,15600,24.55,1200,0,3600
TECHM30Jan20790PE.NFO,07/01/2020,13:40:06,23.1,22.9,15600,24.6,2400,0,3600
TECHM30Jan20790PE.NFO,07/01/2020,13:40:43,23.1,22.9,13200,24.6,2400,0,3600
TECHM30Jan20790PE.NFO,07/01/2020,13:40:47,23.1,22.9,15600,24.6,2400,0,3600
TECHM30Jan20790PE.NFO,07/01/2020,13:40:53,23.1,22.9,13200,24.6,2400,0,3600
TECHM30Jan20790PE.NFO,07/01/2020,13:41:07,23.1,22.9,6000,24.6,2400,0,3600
TECHM30Jan20790PE.NFO,07/01/2020,13:41:11,23.1,22.9,8400,24.6,2400,0,3600
TECHM30Jan20790PE.NFO,07/01/2020,13:41:15,23.1,23,6000,24.6,2400,0,3600
TECHM30Jan20790PE.NFO,07/01/2020,13:41:34,23.1,23,3600,24.6,2400,0,3600
TECHM30Jan20790PE.NFO,07/01/2020,13:41:42,23.1,23,6000,24.6,2400,0,3600
TECHM30Jan20790PE.NFO,07/01/2020,13:41:45,23.1,23,6000,24.55,1200,0,3600
TECHM30Jan20790PE.NFO,07/01/2020,13:42:13,23.1,23,3600,24.55,1200,0,3600
TECHM30Jan20790PE.NFO,07/01/2020,13:42:44,23.1,23,6000,24.55,1200,0,3600
TECHM30Jan20790PE.NFO,07/01/2020,13:42:56,23.1,23,3600,24.55,1200,0,3600
TECHM30Jan20790PE.NFO,07/01/2020,13:43:09,23.1,22.55,15600,24.55,1200,0,3600
TECHM30Jan20790PE.NFO,07/01/2020,13:43:26,23.1,22.55,18000,24.55,1200,0,3600
TECHM30Jan20790PE.NFO,07/01/2020,13:43:30,23.1,22.65,15600,24.55,1200,0,3600
TECHM30Jan20790PE.NFO,07/01/2020,13:44:05,23.1,22.4,10800,24.55,1200,0,3600
TECHM30Jan20790PE.NFO,07/01/2020,13:44:09,23.1,22.5,6000,24.55,1200,0,3600
TECHM30Jan20790PE.NFO,07/01/2020,13:44:12,23.1,22.5,3600,24.55,1200,0,3600
TECHM30Jan20790PE.NFO,07/01/2020,13:44:24,23.1,22.5,1200,24.55,1200,0,3600
TECHM30Jan20790PE.NFO,07/01/2020,13:44:27,23.1,22.5,3600,24.55,1200,0,3600
TECHM30Jan20790PE.NFO,07/01/2020,13:44:30,23.1,22.55,6000,24.55,1200,0,3600
TECHM30Jan20790PE.NFO,07/01/2020,13:44:37,23.1,22.55,8400,24.55,1200,0,3600
TECHM30Jan20790PE.NFO,07/01/2020,13:44:40,23.1,22.55,4800,24.55,1200,0,3600
TECHM30Jan20790PE.NFO,07/01/2020,13:44:46,23.1,22.45,8400,24.55,1200,0,3600
TECHM30Jan20790PE.NFO,07/01/2020,13:45:24,23.1,22.45,6000,24.6,2400,0,3600
TECHM30Jan20790PE.NFO,07/01/2020,13:45:30,23.1,22.3,4800,24.6,2400,0,3600
TECHM30Jan20790PE.NFO,07/01/2020,13:45:39,23.1,22.3,4800,24.55,1200,0,3600
TECHM30Jan20790PE.NFO,07/01/2020,13:45:46,23.1,22.3,4800,24.6,2400,0,3600
TECHM30Jan20790PE.NFO,07/01/2020,13:45:52,23.1,22.3,4800,24.45,1200,0,3600
TECHM30Jan20790PE.NFO,07/01/2020,13:45:57,23.1,21.95,12000,24.45,1200,0,3600
TECHM30Jan20790PE.NFO,07/01/2020,13:46:01,23.1,21.95,12000,24.55,1200,0,3600
TECHM30Jan20790PE.NFO,07/01/2020,13:46:06,23.1,21.95,12000,24.45,1200,0,3600
TECHM30Jan20790PE.NFO,07/01/2020,13:46:10,23.1,21.95,4800,24.5,2400,0,3600
TECHM30Jan20790PE.NFO,07/01/2020,13:46:14,23.1,21.95,4800,24.5,1200,0,3600
TECHM30Jan20790PE.NFO,07/01/2020,13:46:18,23.1,21.95,4800,24.45,1200,0,3600
TECHM30Jan20790PE.NFO,07/01/2020,13:46:20,23.1,21.95,4800,24.5,1200,0,3600
TECHM30Jan20790PE.NFO,07/01/2020,13:46:23,23.1,21.95,4800,24.4,3600,0,3600
TECHM30Jan20790PE.NFO,07/01/2020,13:46:25,23.1,21.95,4800,24.25,1200,0,3600
TECHM30Jan20790PE.NFO,07/01/2020,13:46:28,23.1,21.95,4800,24.3,1200,0,3600
TECHM30Jan20790PE.NFO,07/01/2020,13:46:39,23.1,21.95,4800,24.25,1200,0,3600
TECHM30Jan20790PE.NFO,07/01/2020,13:46:47,23.1,21.95,4800,24.3,2400,0,3600
TECHM30Jan20790PE.NFO,07/01/2020,13:46:55,23.1,21.7,4800,24.55,1200,0,3600
TECHM30Jan20790PE.NFO,07/01/2020,13:47:03,23.1,21.7,4800,24.5,3600,0,3600
TECHM30Jan20790PE.NFO,07/01/2020,13:47:10,23.1,21.7,9600,24.5,3600,0,3600
TECHM30Jan20790PE.NFO,07/01/2020,13:47:27,23.1,21.7,9600,24.55,1200,0,3600
TECHM30Jan20790PE.NFO,07/01/2020,13:47:32,23.1,21.7,9600,24.45,1200,0,3600
TECHM30Jan20790PE.NFO,07/01/2020,13:47:38,23.1,21.7,9600,24.5,3600,0,3600
TECHM30Jan20790PE.NFO,07/01/2020,13:47:43,23.1,21.7,12000,24.5,3600,0,3600
TECHM30Jan20790PE.NFO,07/01/2020,13:47:53,23.1,21.7,12000,24.55,1200,0,3600
TECHM30Jan20790PE.NFO,07/01/2020,13:47:58,23.1,21.75,19200,24.45,1200,0,3600
TECHM30Jan20790PE.NFO,07/01/2020,13:48:03,23.1,21.75,12000,24.45,1200,0,3600
TECHM30Jan20790PE.NFO,07/01/2020,13:48:08,23.1,21.75,12000,24.55,1200,0,3600
TECHM30Jan20790PE.NFO,07/01/2020,13:48:13,23.1,21.75,9600,24.45,1200,0,3600
TECHM30Jan20790PE.NFO,07/01/2020,13:48:18,23.1,21.75,12000,24.45,1200,0,3600
TECHM30Jan20790PE.NFO,07/01/2020,13:48:29,23.1,21.75,12000,24.55,1200,0,3600
TECHM30Jan20790PE.NFO,07/01/2020,13:48:34,23.1,21.75,9600,24.55,1200,0,3600
TECHM30Jan20790PE.NFO,07/01/2020,13:48:39,23.1,21.75,4800,24.45,1200,0,3600
TECHM30Jan20790PE.NFO,07/01/2020,13:48:50,23.1,21.75,4800,24.55,1200,0,3600
TECHM30Jan20790PE.NFO,07/01/2020,13:48:57,23.1,21.75,4800,24.45,1200,0,3600
TECHM30Jan20790PE.NFO,07/01/2020,13:49:10,23.1,21.75,9600,24.55,1200,0,3600
TECHM30Jan20790PE.NFO,07/01/2020,13:49:22,23.1,21.75,4800,24.55,1200,0,3600
TECHM30Jan20790PE.NFO,07/01/2020,13:49:28,23.1,21.75,4800,24.4,3600,0,3600
TECHM30Jan20790PE.NFO,07/01/2020,13:49:35,23.1,21.75,4800,24.4,6000,0,3600
TECHM30Jan20790PE.NFO,07/01/2020,13:49:40,23.1,21.75,4800,24.05,1200,0,3600
TECHM30Jan20790PE.NFO,07/01/2020,13:49:44,23.1,21.75,4800,24.2,1200,0,3600
TECHM30Jan20790PE.NFO,07/01/2020,13:49:48,23.1,21.75,7200,24.3,6000,0,3600
TECHM30Jan20790PE.NFO,07/01/2020,13:49:53,23.1,21.75,4800,24.5,12000,0,3600
TECHM30Jan20790PE.NFO,07/01/2020,13:50:00,23.1,21.75,4800,24.2,3600,0,3600
TECHM30Jan20790PE.NFO,07/01/2020,13:50:06,23.1,21.75,2400,24,1200,0,3600
TECHM30Jan20790PE.NFO,07/01/2020,13:50:12,23.1,21.75,4800,24.05,1200,0,3600
TECHM30Jan20790PE.NFO,07/01/2020,13:50:19,23.1,21.75,2400,24.45,6000,0,3600
TECHM30Jan20790PE.NFO,07/01/2020,13:50:26,23.1,21.75,2400,24.25,1200,0,3600
TECHM30Jan20790PE.NFO,07/01/2020,13:50:33,23.1,21.75,2400,24.25,3600,0,3600
TECHM30Jan20790PE.NFO,07/01/2020,13:50:40,23.1,21.75,2400,24.1,1200,0,3600
TECHM30Jan20790PE.NFO,07/01/2020,13:50:49,23.1,21.75,2400,24.15,1200,0,3600
TECHM30Jan20790PE.NFO,07/01/2020,13:50:57,23.1,21.75,2400,24.45,1200,0,3600
TECHM30Jan20790PE.NFO,07/01/2020,13:51:05,23.1,21.75,4800,24.15,1200,0,3600
TECHM30Jan20790PE.NFO,07/01/2020,13:51:11,23.1,21.55,10800,24.05,1200,0,3600
TECHM30Jan20790PE.NFO,07/01/2020,13:51:17,23.1,21.55,13200,24.35,3600,0,3600
TECHM30Jan20790PE.NFO,07/01/2020,13:51:22,23.1,21.55,15600,24.4,3600,0,3600
TECHM30Jan20790PE.NFO,07/01/2020,13:51:28,23.1,21.55,13200,24.3,1200,0,3600
TECHM30Jan20790PE.NFO,07/01/2020,13:51:33,23.1,21.55,13200,24.35,1200,0,3600
TECHM30Jan20790PE.NFO,07/01/2020,13:51:38,23.1,21.55,15600,24.4,1200,0,3600
TECHM30Jan20790PE.NFO,07/01/2020,13:51:43,23.1,21.65,13200,24.55,1200,0,3600
TECHM30Jan20790PE.NFO,07/01/2020,13:51:47,23.1,21.65,15600,24.6,2400,0,3600
TECHM30Jan20790PE.NFO,07/01/2020,13:51:53,23.1,22.05,4800,24.5,1200,0,3600
TECHM30Jan20790PE.NFO,07/01/2020,13:51:58,23.1,22.05,4800,24.6,2400,0,3600
TECHM30Jan20790PE.NFO,07/01/2020,13:52:03,23.1,22.05,2400,24.6,2400,0,3600
TECHM30Jan20790PE.NFO,07/01/2020,13:52:23,23.1,22.05,2400,24.5,1200,0,3600
TECHM30Jan20790PE.NFO,07/01/2020,13:52:28,23.1,22.05,2400,24.6,2400,0,3600
TECHM30Jan20790PE.NFO,07/01/2020,13:52:33,23.1,22,3600,24.5,1200,0,3600
TECHM30Jan20790PE.NFO,07/01/2020,13:52:37,23.1,22,1200,24.6,2400,0,3600
TECHM30Jan20790PE.NFO,07/01/2020,13:52:40,23.1,22,1200,24.55,3600,0,3600
TECHM30Jan20790PE.NFO,07/01/2020,13:52:44,23.1,21.8,4800,24.35,1200,0,3600
TECHM30Jan20790PE.NFO,07/01/2020,13:52:48,23.1,21.8,4800,24.3,1200,0,3600
TECHM30Jan20790PE.NFO,07/01/2020,13:52:53,23.1,21.8,4800,24.55,8400,0,3600
TECHM30Jan20790PE.NFO,07/01/2020,13:52:57,23.1,21.8,4800,24.5,6000,0,3600
TECHM30Jan20790PE.NFO,07/01/2020,13:53:00,23.1,21.8,4800,24.35,1200,0,3600
TECHM30Jan20790PE.NFO,07/01/2020,13:53:04,23.1,21.8,4800,24.45,2400,0,3600
TECHM30Jan20790PE.NFO,07/01/2020,13:53:09,23.1,21.8,4800,24.35,1200,0,3600
TECHM30Jan20790PE.NFO,07/01/2020,13:53:13,23.1,21.8,9600,24.5,8400,0,3600
TECHM30Jan20790PE.NFO,07/01/2020,13:53:18,23.1,21.8,4800,24.25,1200,0,3600
TECHM30Jan20790PE.NFO,07/01/2020,13:53:23,23.1,21.8,9600,24.25,1200,0,3600
TECHM30Jan20790PE.NFO,07/01/2020,13:53:28,23.1,21.8,9600,24.5,6000,0,3600
TECHM30Jan20790PE.NFO,07/01/2020,13:53:31,23.1,21.8,9600,24.25,1200,0,3600
TECHM30Jan20790PE.NFO,07/01/2020,13:53:35,23.1,21.8,9600,24.5,2400,0,3600
TECHM30Jan20790PE.NFO,07/01/2020,13:53:45,23.1,21.8,9600,24.3,1200,0,3600
TECHM30Jan20790PE.NFO,07/01/2020,13:53:54,23.1,21.8,14400,24.55,1200,0,3600
TECHM30Jan20790PE.NFO,07/01/2020,13:54:09,23.1,21.8,12000,24.55,1200,0,3600
TECHM30Jan20790PE.NFO,07/01/2020,13:54:14,23.1,21.8,14400,24.55,1200,0,3600
TECHM30Jan20790PE.NFO,07/01/2020,13:54:29,23.1,21.8,12000,24.55,1200,0,3600
TECHM30Jan20790PE.NFO,07/01/2020,13:54:33,23.1,21.8,14400,24.45,1200,0,3600
TECHM30Jan20790PE.NFO,07/01/2020,13:54:38,23.1,21.8,14400,24.55,1200,0,3600
TECHM30Jan20790PE.NFO,07/01/2020,13:54:43,23.1,21.8,12000,24.45,1200,0,3600
TECHM30Jan20790PE.NFO,07/01/2020,13:54:48,23.1,21.8,15600,24.45,1200,0,3600
TECHM30Jan20790PE.NFO,07/01/2020,13:54:53,23.1,21.8,13200,24.55,1200,0,3600
TECHM30Jan20790PE.NFO,07/01/2020,13:55:03,23.1,21.8,15600,24.55,1200,0,3600
TECHM30Jan20790PE.NFO,07/01/2020,13:55:23,23.1,22.05,2400,24.55,1200,0,3600
TECHM30Jan20790PE.NFO,07/01/2020,13:55:38,23.1,22.05,7200,24.55,1200,0,3600
TECHM30Jan20790PE.NFO,07/01/2020,13:55:47,23.1,22.25,2400,24.55,1200,0,3600
TECHM30Jan20790PE.NFO,07/01/2020,13:55:52,23.1,22.4,3600,24.55,1200,0,3600
TECHM30Jan20790PE.NFO,07/01/2020,13:56:05,23.1,22.05,4800,24.55,1200,0,3600
TECHM30Jan20790PE.NFO,07/01/2020,13:56:10,23.1,22.05,12000,24.55,1200,0,3600
TECHM30Jan20790PE.NFO,07/01/2020,13:56:45,23.1,22.05,14400,24.55,1200,0,3600
TECHM30Jan20790PE.NFO,07/01/2020,13:56:50,23.1,22.05,12000,24.55,1200,0,3600
TECHM30Jan20790PE.NFO,07/01/2020,13:56:54,23.1,22.05,14400,24.55,1200,0,3600
TECHM30Jan20790PE.NFO,07/01/2020,13:56:59,23.1,22.05,12000,24.55,1200,0,3600
TECHM30Jan20790PE.NFO,07/01/2020,13:57:19,23.1,22.05,7200,24.55,1200,0,3600
TECHM30Jan20790PE.NFO,07/01/2020,13:57:27,23.1,22.05,9600,24.55,1200,0,3600
TECHM30Jan20790PE.NFO,07/01/2020,13:57:31,23.1,22.05,12000,24.55,1200,0,3600
TECHM30Jan20790PE.NFO,07/01/2020,13:57:35,23.1,22.35,2400,24.55,1200,0,3600
TECHM30Jan20790PE.NFO,07/01/2020,13:57:39,23.1,22.4,3600,24.55,1200,0,3600
TECHM30Jan20790PE.NFO,07/01/2020,13:57:48,23.1,21.95,15600,24.55,1200,0,3600
TECHM30Jan20790PE.NFO,07/01/2020,13:57:59,23.1,22.05,15600,24.55,1200,0,3600
TECHM30Jan20790PE.NFO,07/01/2020,13:58:04,23.1,22.05,8400,24.55,1200,0,3600
TECHM30Jan20790PE.NFO,07/01/2020,13:58:12,23.1,22.05,13200,24.55,1200,0,3600
TECHM30Jan20790PE.NFO,07/01/2020,13:58:21,23.1,22.05,15600,24.55,1200,0,3600
TECHM30Jan20790PE.NFO,07/01/2020,13:58:36,23.1,22.05,13200,24.55,1200,0,3600
TECHM30Jan20790PE.NFO,07/01/2020,13:58:40,23.1,22.05,15600,24.55,1200,0,3600
TECHM30Jan20790PE.NFO,07/01/2020,13:58:46,23.1,22.05,13200,24.55,1200,0,3600
TECHM30Jan20790PE.NFO,07/01/2020,13:58:51,23.1,22.05,15600,24.55,1200,0,3600
TECHM30Jan20790PE.NFO,07/01/2020,13:59:02,23.1,22.05,13200,24.55,1200,0,3600
TECHM30Jan20790PE.NFO,07/01/2020,13:59:07,23.1,22.05,10800,24.55,1200,0,3600
TECHM30Jan20790PE.NFO,07/01/2020,13:59:12,23.1,22.05,13200,24.55,1200,0,3600
TECHM30Jan20790PE.NFO,07/01/2020,13:59:40,23.1,22.05,10800,24.55,1200,0,3600
TECHM30Jan20790PE.NFO,07/01/2020,13:59:44,23.1,22.05,13200,24.55,1200,0,3600
TECHM30Jan20790PE.NFO,07/01/2020,14:00:04,23.1,22.05,3600,24.55,1200,0,3600
TECHM30Jan20790PE.NFO,07/01/2020,14:00:12,23.1,22.05,13200,24.55,1200,0,3600
TECHM30Jan20790PE.NFO,07/01/2020,14:00:43,23.1,22.05,8400,24.55,1200,0,3600
TECHM30Jan20790PE.NFO,07/01/2020,14:00:50,23.1,22.05,13200,24.55,1200,0,3600
TECHM30Jan20790PE.NFO,07/01/2020,14:00:57,23.1,22.05,3600,24.6,2400,0,3600
TECHM30Jan20790PE.NFO,07/01/2020,14:01:03,23.1,22.05,3600,24.55,1200,0,3600
TECHM30Jan20790PE.NFO,07/01/2020,14:01:23,23.1,22.05,8400,24.55,1200,0,3600
TECHM30Jan20790PE.NFO,07/01/2020,14:01:27,23.1,22.15,3600,24.55,1200,0,3600
TECHM30Jan20790PE.NFO,07/01/2020,14:02:27,23.1,22.15,6000,24.55,1200,0,3600
TECHM30Jan20790PE.NFO,07/01/2020,14:02:32,23.1,22.15,3600,24.55,1200,0,3600
TECHM30Jan20790PE.NFO,07/01/2020,14:02:36,23.1,22.15,8400,24.55,1200,0,3600
TECHM30Jan20790PE.NFO,07/01/2020,14:02:47,23.1,22.15,3600,24.55,1200,0,3600
TECHM30Jan20790PE.NFO,07/01/2020,14:06:28,23.1,22.2,6000,24.55,1200,0,3600
TECHM30Jan20790PE.NFO,07/01/2020,14:06:52,23.1,22.2,3600,24.55,1200,0,3600
TECHM30Jan20790PE.NFO,07/01/2020,14:07:03,23.1,22.2,6000,24.55,1200,0,3600
TECHM30Jan20790PE.NFO,07/01/2020,14:07:27,23.1,22.25,3600,24.55,1200,0,3600
TECHM30Jan20790PE.NFO,07/01/2020,14:07:33,23.1,22.25,10800,24.55,1200,0,3600
TECHM30Jan20790PE.NFO,07/01/2020,14:07:39,23.1,22.25,8400,24.55,1200,0,3600
TECHM30Jan20790PE.NFO,07/01/2020,14:07:43,23.1,22.25,6000,24.55,1200,0,3600
TECHM30Jan20790PE.NFO,07/01/2020,14:07:53,23.1,22.25,3600,24.55,1200,0,3600
TECHM30Jan20790PE.NFO,07/01/2020,14:07:58,23.1,22.25,6000,24.55,1200,0,3600
TECHM30Jan20790PE.NFO,07/01/2020,14:08:03,23.1,22.25,13200,24.55,1200,0,3600
TECHM30Jan20790PE.NFO,07/01/2020,14:08:18,23.1,22.3,6000,24.55,1200,0,3600
TECHM30Jan20790PE.NFO,07/01/2020,14:08:22,23.1,22.3,3600,24.55,1200,0,3600
TECHM30Jan20790PE.NFO,07/01/2020,14:08:26,23.1,22.3,6000,24.55,1200,0,3600
TECHM30Jan20790PE.NFO,07/01/2020,14:08:31,23.1,22.3,3600,24.55,1200,0,3600
TECHM30Jan20790PE.NFO,07/01/2020,14:09:38,23.1,22.3,8400,24.55,1200,0,3600
TECHM30Jan20790PE.NFO,07/01/2020,14:10:11,23.1,22.3,6000,24.55,1200,0,3600
TECHM30Jan20790PE.NFO,07/01/2020,14:10:33,23.1,22.3,3600,24.55,1200,0,3600
TECHM30Jan20790PE.NFO,07/01/2020,14:11:27,23.1,22.3,6000,24.55,1200,0,3600
TECHM30Jan20790PE.NFO,07/01/2020,14:11:31,23.1,22.3,3600,24.55,1200,0,3600
TECHM30Jan20790PE.NFO,07/01/2020,14:11:42,23.1,22.3,8400,24.55,1200,0,3600
TECHM30Jan20790PE.NFO,07/01/2020,14:11:58,23.1,22.3,10800,24.55,1200,0,3600
TECHM30Jan20790PE.NFO,07/01/2020,14:12:01,23.1,22.3,8400,24.55,1200,0,3600
TECHM30Jan20790PE.NFO,07/01/2020,14:12:04,23.1,22.3,3600,24.55,1200,0,3600
TECHM30Jan20790PE.NFO,07/01/2020,14:12:51,23.1,22.3,8400,24.55,1200,0,3600
TECHM30Jan20790PE.NFO,07/01/2020,14:12:55,23.1,22.3,6000,24.55,1200,0,3600
TECHM30Jan20790PE.NFO,07/01/2020,14:12:59,23.1,22.3,3600,24.55,1200,0,3600
TECHM30Jan20790PE.NFO,07/01/2020,14:13:02,23.1,22.3,10800,24.55,1200,0,3600
TECHM30Jan20790PE.NFO,07/01/2020,14:13:05,23.1,22.3,3600,24.55,1200,0,3600
TECHM30Jan20790PE.NFO,07/01/2020,14:15:07,23.1,22.05,8400,24.55,1200,0,3600
TECHM30Jan20790PE.NFO,07/01/2020,14:15:13,23.1,22.05,3600,24.6,2400,0,3600
TECHM30Jan20790PE.NFO,07/01/2020,14:15:25,23.1,22.05,3600,24.55,1200,0,3600
TECHM30Jan20790PE.NFO,07/01/2020,14:15:33,23.1,22.05,3600,24.6,2400,0,3600
TECHM30Jan20790PE.NFO,07/01/2020,14:15:39,23.1,22.05,3600,24.55,1200,0,3600
TECHM30Jan20790PE.NFO,07/01/2020,14:15:51,23.1,22.05,8400,24.55,1200,0,3600
TECHM30Jan20790PE.NFO,07/01/2020,14:16:00,23.1,22.05,10800,24.55,1200,0,3600
TECHM30Jan20790PE.NFO,07/01/2020,14:16:06,23.1,22.3,3600,24.55,1200,0,3600
TECHM30Jan20790PE.NFO,07/01/2020,14:17:03,23.1,21.9,13200,24.55,1200,0,3600
TECHM30Jan20790PE.NFO,07/01/2020,14:17:06,23.1,22.05,1200,24.55,1200,0,3600
TECHM30Jan20790PE.NFO,07/01/2020,14:17:09,23.1,22.05,8400,24.55,1200,0,3600
TECHM30Jan20790PE.NFO,07/01/2020,14:17:29,23.1,22.05,13200,24.55,1200,0,3600
TECHM30Jan20790PE.NFO,07/01/2020,14:17:40,23.1,22.3,3600,24.6,1200,0,3600
TECHM30Jan20790PE.NFO,07/01/2020,14:17:58,23.1,22.3,3600,24.55,1200,0,3600
TECHM30Jan20790PE.NFO,07/01/2020,14:18:02,23.1,21.95,13200,24.55,1200,0,3600
TECHM30Jan20790PE.NFO,07/01/2020,14:18:05,23.1,22.05,8400,24.55,1200,0,3600
TECHM30Jan20790PE.NFO,07/01/2020,14:18:11,23.1,22.05,6000,24.55,1200,0,3600
TECHM30Jan20790PE.NFO,07/01/2020,14:18:14,23.1,22.05,3600,24.55,1200,0,3600
TECHM30Jan20790PE.NFO,07/01/2020,14:18:22,23.1,22.05,6000,24.55,1200,0,3600
TECHM30Jan20790PE.NFO,07/01/2020,14:18:28,23.1,22.05,10800,24.55,1200,0,3600
TECHM30Jan20790PE.NFO,07/01/2020,14:18:33,23.1,22.05,15600,24.55,1200,0,3600
TECHM30Jan20790PE.NFO,07/01/2020,14:18:42,23.1,22.05,13200,24.55,1200,0,3600
TECHM30Jan20790PE.NFO,07/01/2020,14:18:48,23.1,22.05,15600,24.55,1200,0,3600
TECHM30Jan20790PE.NFO,07/01/2020,14:19:02,23.1,22.05,13200,24.55,1200,0,3600
TECHM30Jan20790PE.NFO,07/01/2020,14:19:19,23.1,22.05,8400,24.55,1200,0,3600
TECHM30Jan20790PE.NFO,07/01/2020,14:19:23,23.1,22.05,13200,24.55,1200,0,3600
TECHM30Jan20790PE.NFO,07/01/2020,14:20:14,23.1,22.25,3600,24.55,1200,0,3600
TECHM30Jan20790PE.NFO,07/01/2020,14:20:18,23.1,22.3,3600,24.55,1200,0,3600
TECHM30Jan20790PE.NFO,07/01/2020,14:21:14,23.1,22.3,3600,24.6,2400,0,3600
TECHM30Jan20790PE.NFO,07/01/2020,14:21:19,23.1,22.3,3600,24.55,1200,0,3600
TECHM30Jan20790PE.NFO,07/01/2020,14:23:59,23.1,22.3,3600,24.6,2400,0,3600
TECHM30Jan20790PE.NFO,07/01/2020,14:24:03,23.1,22.3,3600,24.55,1200,0,3600
TECHM30Jan20790PE.NFO,07/01/2020,14:24:07,23.1,22.3,2400,24.6,1200,0,3600
TECHM30Jan20790PE.NFO,07/01/2020,14:24:16,23.1,22.3,3600,24.55,1200,0,3600
TECHM30Jan20790PE.NFO,07/01/2020,14:24:58,23.1,22.3,3600,24.6,2400,0,3600
TECHM30Jan20790PE.NFO,07/01/2020,14:25:01,23.1,22.3,3600,24.55,1200,0,3600
TECHM30Jan20790PE.NFO,07/01/2020,14:25:06,23.1,22.3,3600,24.6,2400,0,3600
TECHM30Jan20790PE.NFO,07/01/2020,14:27:39,23.1,22.3,3600,24.55,1200,0,3600
TECHM30Jan20790PE.NFO,07/01/2020,14:28:17,23.1,22.3,3600,24.05,1200,0,3600
TECHM30Jan20790PE.NFO,07/01/2020,14:29:04,23.1,22,13200,24.05,1200,0,3600
TECHM30Jan20790PE.NFO,07/01/2020,14:29:08,23.1,22.05,8400,24.05,1200,0,3600
TECHM30Jan20790PE.NFO,07/01/2020,14:29:35,23.1,22.05,3600,24.05,1200,0,3600
TECHM30Jan20790PE.NFO,07/01/2020,14:29:46,23.1,22.05,1200,24.05,1200,0,3600
TECHM30Jan20790PE.NFO,07/01/2020,14:29:49,23.1,21.9,1200,24.1,2400,0,3600
TECHM30Jan20790PE.NFO,07/01/2020,14:29:54,23.1,22.05,3600,24.05,1200,0,3600
TECHM30Jan20790PE.NFO,07/01/2020,14:30:04,23.1,21.8,13200,24.1,2400,0,3600
TECHM30Jan20790PE.NFO,07/01/2020,14:30:09,23.1,21.8,13200,24.05,1200,0,3600
TECHM30Jan20790PE.NFO,07/01/2020,14:30:17,23.1,21.8,10800,24.1,2400,0,3600
TECHM30Jan20790PE.NFO,07/01/2020,14:30:22,23.1,21.8,13200,24.1,2400,0,3600
TECHM30Jan20790PE.NFO,07/01/2020,14:30:29,23.1,21.8,6000,24.1,2400,0,3600
TECHM30Jan20790PE.NFO,07/01/2020,14:30:39,23.1,21.8,3600,24.1,2400,0,3600
TECHM30Jan20790PE.NFO,07/01/2020,14:30:48,23.1,21.8,6000,24.1,2400,0,3600
TECHM30Jan20790PE.NFO,07/01/2020,14:30:58,23.1,21.8,6000,24.05,1200,0,3600
TECHM30Jan20790PE.NFO,07/01/2020,14:31:06,23.1,21.8,8400,24.05,1200,0,3600
TECHM30Jan20790PE.NFO,07/01/2020,14:31:23,23.1,21.8,8400,24.1,2400,0,3600
TECHM30Jan20790PE.NFO,07/01/2020,14:31:31,23.1,21.8,10800,24.1,2400,0,3600
TECHM30Jan20790PE.NFO,07/01/2020,14:31:39,23.1,21.8,13200,24.1,2400,0,3600
TECHM30Jan20790PE.NFO,07/01/2020,14:31:47,23.1,22.05,13200,24.05,1200,0,3600
TECHM30Jan20790PE.NFO,07/01/2020,14:31:54,23.1,22.05,10800,24.05,1200,0,3600
TECHM30Jan20790PE.NFO,07/01/2020,14:32:01,23.1,22.05,3600,24.05,1200,0,3600
TECHM30Jan20790PE.NFO,07/01/2020,14:32:14,23.1,22.05,10800,24.05,1200,0,3600
TECHM30Jan20790PE.NFO,07/01/2020,14:32:19,23.1,22.05,3600,24.05,1200,0,3600
TECHM30Jan20790PE.NFO,07/01/2020,14:32:25,23.1,22.05,6000,24.05,1200,0,3600
TECHM30Jan20790PE.NFO,07/01/2020,14:32:31,23.1,22.05,3600,24.05,1200,0,3600
TECHM30Jan20790PE.NFO,07/01/2020,14:34:58,23.1,22.05,6000,24.05,1200,0,3600
TECHM30Jan20790PE.NFO,07/01/2020,14:35:03,23.1,22.05,3600,24.05,1200,0,3600
TECHM30Jan20790PE.NFO,07/01/2020,14:35:15,23.1,22.05,6000,24.05,1200,0,3600
TECHM30Jan20790PE.NFO,07/01/2020,14:35:32,23.1,22.05,8400,24.05,1200,0,3600
TECHM30Jan20790PE.NFO,07/01/2020,14:35:39,23.1,22.25,3600,24.05,1200,0,3600
TECHM30Jan20790PE.NFO,07/01/2020,14:35:45,23.1,22.2,1200,24.05,1200,0,3600
TECHM30Jan20790PE.NFO,07/01/2020,14:35:51,23.1,22.25,1200,24.05,1200,0,3600
TECHM30Jan20790PE.NFO,07/01/2020,14:35:59,23.1,22.3,1200,24.05,1200,0,3600
TECHM30Jan20790PE.NFO,07/01/2020,14:36:04,23.1,22.15,1200,24.05,1200,0,3600
TECHM30Jan20790PE.NFO,07/01/2020,14:36:15,23.1,22.2,1200,24.05,1200,0,3600
TECHM30Jan20790PE.NFO,07/01/2020,14:36:22,23.1,22.25,1200,24.05,1200,0,3600
TECHM30Jan20790PE.NFO,07/01/2020,14:36:27,23.1,22.05,3600,24.05,1200,0,3600
TECHM30Jan20790PE.NFO,07/01/2020,14:37:15,23.1,22.05,1200,24.05,1200,0,3600
TECHM30Jan20790PE.NFO,07/01/2020,14:37:25,23.1,22,1200,24.05,1200,0,3600
TECHM30Jan20790PE.NFO,07/01/2020,14:37:58,23.1,22.05,1200,24.05,1200,0,3600
TECHM30Jan20790PE.NFO,07/01/2020,14:38:03,23.1,22,1200,24.05,1200,0,3600
TECHM30Jan20790PE.NFO,07/01/2020,14:38:08,23.1,22.05,1200,24.05,1200,0,3600
TECHM30Jan20790PE.NFO,07/01/2020,14:38:12,23.1,22,1200,24.05,1200,0,3600
TECHM30Jan20790PE.NFO,07/01/2020,14:38:16,23.1,21.8,9600,24.05,1200,0,3600
TECHM30Jan20790PE.NFO,07/01/2020,14:38:21,23.1,21.8,7200,24.05,1200,0,3600
TECHM30Jan20790PE.NFO,07/01/2020,14:39:02,23.1,21.8,3600,24.05,1200,0,3600
TECHM30Jan20790PE.NFO,07/01/2020,14:39:07,23.1,21.8,7200,24.05,1200,0,3600
TECHM30Jan20790PE.NFO,07/01/2020,14:39:28,23.1,21.8,3600,24.05,1200,0,3600
TECHM30Jan20790PE.NFO,07/01/2020,14:40:49,23.1,21.8,6000,24.05,1200,0,3600
TECHM30Jan20790PE.NFO,07/01/2020,14:40:53,23.1,21.8,3600,24.05,1200,0,3600
TECHM30Jan20790PE.NFO,07/01/2020,14:42:10,23.1,21.8,13200,24.05,1200,0,3600
TECHM30Jan20790PE.NFO,07/01/2020,14:43:02,23.1,21.8,3600,24.05,1200,0,3600
TECHM30Jan20790PE.NFO,07/01/2020,14:43:30,23.1,21.8,13200,24.1,2400,0,3600
TECHM30Jan20790PE.NFO,07/01/2020,14:43:34,23.1,21.8,10800,24.1,2400,0,3600
TECHM30Jan20790PE.NFO,07/01/2020,14:43:46,23.1,21.8,13200,24.1,2400,0,3600
TECHM30Jan20790PE.NFO,07/01/2020,14:43:51,23.1,21.8,13200,24.05,1200,0,3600
TECHM30Jan20790PE.NFO,07/01/2020,14:44:14,23.1,21.9,13200,24.1,2400,0,3600
TECHM30Jan20790PE.NFO,07/01/2020,14:44:19,23.1,22.05,3600,24.05,1200,0,3600
TECHM30Jan20790PE.NFO,07/01/2020,14:44:31,23.1,22.05,3600,24.1,2400,0,3600
TECHM30Jan20790PE.NFO,07/01/2020,14:44:37,23.1,22.05,13200,24.05,1200,0,3600
TECHM30Jan20790PE.NFO,07/01/2020,14:44:42,23.1,22.05,3600,24.05,1200,0,3600
TECHM30Jan20790PE.NFO,07/01/2020,14:45:07,23.1,22.05,13200,24.05,1200,0,3600
TECHM30Jan20790PE.NFO,07/01/2020,14:45:29,23.1,22.05,13200,24.1,2400,0,3600
TECHM30Jan20790PE.NFO,07/01/2020,14:45:35,23.1,22.05,13200,24.05,1200,0,3600
TECHM30Jan20790PE.NFO,07/01/2020,14:46:29,23.1,22.05,13200,24.1,2400,0,3600
TECHM30Jan20790PE.NFO,07/01/2020,14:46:33,23.1,22.05,13200,24.05,1200,0,3600
TECHM30Jan20790PE.NFO,07/01/2020,14:47:00,23.1,21.8,8400,24.05,1200,0,3600
TECHM30Jan20790PE.NFO,07/01/2020,14:47:04,23.1,21.8,13200,24.05,1200,0,3600
TECHM30Jan20790PE.NFO,07/01/2020,14:48:38,23.1,21.8,18000,24.05,1200,0,3600
TECHM30Jan20790PE.NFO,07/01/2020,14:48:49,23.1,21.8,20400,24.1,2400,0,3600
TECHM30Jan20790PE.NFO,07/01/2020,14:48:53,23.1,21.8,20400,24.05,1200,0,3600
TECHM30Jan20790PE.NFO,07/01/2020,14:48:56,23.1,21.8,20400,24.1,2400,0,3600
TECHM30Jan20790PE.NFO,07/01/2020,14:49:00,23.1,21.8,20400,24.05,1200,0,3600
TECHM30Jan20790PE.NFO,07/01/2020,14:49:04,23.1,21.8,15600,24.05,1200,0,3600
TECHM30Jan20790PE.NFO,07/01/2020,14:49:07,23.1,21.8,13200,24.05,1200,0,3600
TECHM30Jan20790PE.NFO,07/01/2020,14:49:27,23.1,21.8,15600,24.05,1200,0,3600
TECHM30Jan20790PE.NFO,07/01/2020,14:50:05,23.1,22.05,8400,24.05,1200,0,3600
TECHM30Jan20790PE.NFO,07/01/2020,14:50:10,23.1,22.05,3600,24.05,1200,0,3600
TECHM30Jan20790PE.NFO,07/01/2020,14:50:52,23.1,22.05,6000,24.05,1200,0,3600
TECHM30Jan20790PE.NFO,07/01/2020,14:50:56,23.1,22.05,8400,24.05,1200,0,3600
TECHM30Jan20790PE.NFO,07/01/2020,14:51:19,23.1,22.05,10800,24.05,1200,0,3600
TECHM30Jan20790PE.NFO,07/01/2020,14:51:21,23.1,22.05,8400,24.05,1200,0,3600
TECHM30Jan20790PE.NFO,07/01/2020,14:51:36,23.1,22.05,6000,24.05,1200,0,3600
TECHM30Jan20790PE.NFO,07/01/2020,14:51:48,23.1,22.05,3600,24.05,1200,0,3600
TECHM30Jan20790PE.NFO,07/01/2020,14:51:55,23.1,22.05,10800,24.05,1200,0,3600
TECHM30Jan20790PE.NFO,07/01/2020,14:51:58,23.1,22.05,6000,24.05,1200,0,3600
TECHM30Jan20790PE.NFO,07/01/2020,14:52:05,23.1,22.05,8400,24.05,1200,0,3600
TECHM30Jan20790PE.NFO,07/01/2020,14:52:08,23.1,22.05,3600,24.05,1200,0,3600
TECHM30Jan20790PE.NFO,07/01/2020,14:52:13,23.1,22.05,15600,24.05,1200,0,3600
TECHM30Jan20790PE.NFO,07/01/2020,14:52:15,23.1,22.05,13200,24.05,1200,0,3600
TECHM30Jan20790PE.NFO,07/01/2020,14:52:17,23.1,22.05,3600,24.1,2400,0,3600
TECHM30Jan20790PE.NFO,07/01/2020,14:52:31,23.1,22.3,1200,24.1,2400,0,3600
TECHM30Jan20790PE.NFO,07/01/2020,14:52:35,23.1,22.3,3600,24.1,2400,0,3600
TECHM30Jan20790PE.NFO,07/01/2020,14:52:59,23.1,22.05,13200,24.1,2400,0,3600
TECHM30Jan20790PE.NFO,07/01/2020,14:53:05,23.1,22.05,10800,24.1,2400,0,3600
TECHM30Jan20790PE.NFO,07/01/2020,14:53:19,23.1,22.05,3600,24.1,2400,0,3600
TECHM30Jan20790PE.NFO,07/01/2020,14:53:33,23.1,22.05,1200,24.1,2400,0,3600
TECHM30Jan20790PE.NFO,07/01/2020,14:53:40,23.1,22.05,3600,24.1,2400,0,3600
TECHM30Jan20790PE.NFO,07/01/2020,14:53:58,23.1,21.9,3600,24.1,2400,0,3600
TECHM30Jan20790PE.NFO,07/01/2020,14:54:04,23.1,22.05,1200,24.05,1200,0,3600
TECHM30Jan20790PE.NFO,07/01/2020,14:54:15,23.1,22.05,3600,24.05,1200,0,3600
TECHM30Jan20790PE.NFO,07/01/2020,14:54:20,23.1,21.8,3600,24.1,2400,0,3600
TECHM30Jan20790PE.NFO,07/01/2020,14:54:30,23.1,21.8,8400,24.1,2400,0,3600
TECHM30Jan20790PE.NFO,07/01/2020,14:54:36,23.1,21.8,3600,24.1,2400,0,3600
TECHM30Jan20790PE.NFO,07/01/2020,14:54:43,23.1,21.8,8400,24.1,2400,0,3600
TECHM30Jan20790PE.NFO,07/01/2020,14:54:52,23.1,21.8,13200,24.1,2400,0,3600
TECHM30Jan20790PE.NFO,07/01/2020,14:54:56,23.1,21.8,6000,24.1,2400,0,3600
TECHM30Jan20790PE.NFO,07/01/2020,14:55:08,23.1,21.8,8400,24.1,2400,0,3600
TECHM30Jan20790PE.NFO,07/01/2020,14:55:12,23.1,21.8,3600,24.1,2400,0,3600
TECHM30Jan20790PE.NFO,07/01/2020,14:55:42,23.1,21.8,6000,24.1,2400,0,3600
TECHM30Jan20790PE.NFO,07/01/2020,14:55:46,23.1,21.8,8400,24.1,2400,0,3600
TECHM30Jan20790PE.NFO,07/01/2020,14:55:49,23.1,21.8,13200,24.1,2400,0,3600
TECHM30Jan20790PE.NFO,07/01/2020,14:55:56,23.1,21.8,10800,24.1,2400,0,3600
TECHM30Jan20790PE.NFO,07/01/2020,14:55:59,23.1,21.8,13200,24.1,2400,0,3600
TECHM30Jan20790PE.NFO,07/01/2020,14:56:04,23.1,21.8,8400,24.1,2400,0,3600
TECHM30Jan20790PE.NFO,07/01/2020,14:56:13,23.1,21.8,10800,24.1,2400,0,3600
TECHM30Jan20790PE.NFO,07/01/2020,14:56:21,23.1,21.8,13200,24.1,2400,0,3600
TECHM30Jan20790PE.NFO,07/01/2020,14:56:31,23.1,21.8,10800,24.1,2400,0,3600
TECHM30Jan20790PE.NFO,07/01/2020,14:56:35,23.1,21.8,13200,24.1,2400,0,3600
TECHM30Jan20790PE.NFO,07/01/2020,14:56:55,23.1,21.8,10800,24.1,2400,0,3600
TECHM30Jan20790PE.NFO,07/01/2020,14:56:58,23.1,21.8,8400,24.1,2400,0,3600
TECHM30Jan20790PE.NFO,07/01/2020,14:57:01,23.1,21.8,3600,24.1,2400,0,3600
TECHM30Jan20790PE.NFO,07/01/2020,14:57:09,23.1,21.8,8400,24.1,2400,0,3600
TECHM30Jan20790PE.NFO,07/01/2020,14:57:22,23.1,21.8,13200,24.1,2400,0,3600
TECHM30Jan20790PE.NFO,07/01/2020,14:57:36,23.1,21.8,13200,24.05,1200,0,3600
TECHM30Jan20790PE.NFO,07/01/2020,14:59:54,23.1,21.8,10800,24.1,2400,0,3600
