Ticker,Date,Time,LTP,BuyPrice,BuyQty,SellPrice,SellQty,LTQ,OpenInterest
TITAN30Jan201300PE.NFO,07/01/2020,14:30:49,134.65,133.85,750,136.8,750,1500,15750
TITAN30Jan201300PE.NFO,07/01/2020,14:30:49,134.65,133.85,750,136.8,750,0,15750
TITAN30Jan201300PE.NFO,07/01/2020,14:30:49,134.65,133.85,750,136.8,750,0,15750
TITAN30Jan201300PE.NFO,07/01/2020,14:30:49,134.65,133.85,750,136.8,750,0,15750
TITAN30Jan201300PE.NFO,07/01/2020,14:30:58,134.65,133.95,750,137.6,750,0,15750
TITAN30Jan201300PE.NFO,07/01/2020,14:31:06,134.65,133.95,750,137.35,750,0,15750
TITAN30Jan201300PE.NFO,07/01/2020,14:31:14,134.65,133.95,750,136.9,750,0,15750
TITAN30Jan201300PE.NFO,07/01/2020,14:31:31,134.65,133.95,750,138.05,3750,0,15750
TITAN30Jan201300PE.NFO,07/01/2020,14:31:39,134.65,133.95,750,137.5,750,0,15750
TITAN30Jan201300PE.NFO,07/01/2020,14:31:54,134.65,134,750,137.5,750,0,15750
TITAN30Jan201300PE.NFO,07/01/2020,14:32:01,134.65,133,1500,137.5,750,0,15750
TITAN30Jan201300PE.NFO,07/01/2020,14:32:19,134.65,133.9,750,138.1,3000,0,15750
TITAN30Jan201300PE.NFO,07/01/2020,14:32:25,134.65,134,750,138.1,750,0,15750
TITAN30Jan201300PE.NFO,07/01/2020,14:32:41,134.65,134.1,750,138.1,750,0,15750
TITAN30Jan201300PE.NFO,07/01/2020,14:32:47,134.65,134.4,750,140.8,3000,0,15750
TITAN30Jan201300PE.NFO,07/01/2020,14:33:00,134.65,133.85,750,138.05,750,0,15750
TITAN30Jan201300PE.NFO,07/01/2020,14:33:06,134.65,133.4,750,137.95,750,0,15750
TITAN30Jan201300PE.NFO,07/01/2020,14:33:15,134.65,133.5,750,137.4,750,0,15750
TITAN30Jan201300PE.NFO,07/01/2020,14:33:23,134.65,133.9,750,138,750,0,15750
TITAN30Jan201300PE.NFO,07/01/2020,14:33:30,134.65,132.85,3000,137.65,750,0,15750
TITAN30Jan201300PE.NFO,07/01/2020,14:33:37,134.65,133.3,1500,138.1,750,0,15750
TITAN30Jan201300PE.NFO,07/01/2020,14:33:43,134.65,133.3,1500,138,750,0,15750
TITAN30Jan201300PE.NFO,07/01/2020,14:34:18,134.65,133.85,750,138,750,0,15750
TITAN30Jan201300PE.NFO,07/01/2020,14:34:23,134.65,133.85,750,137.9,750,0,15750
TITAN30Jan201300PE.NFO,07/01/2020,14:34:52,134.65,134.05,750,138.4,1500,0,15750
TITAN30Jan201300PE.NFO,07/01/2020,14:34:58,134.65,134.05,750,138.2,1500,0,15750
TITAN30Jan201300PE.NFO,07/01/2020,14:35:03,134.65,134.05,750,138.1,1500,0,15750
TITAN30Jan201300PE.NFO,07/01/2020,14:35:15,134.65,134.15,750,139.05,5250,0,15750
TITAN30Jan201300PE.NFO,07/01/2020,14:35:45,134.65,134.15,750,140.25,5250,0,15750
TITAN30Jan201300PE.NFO,07/01/2020,14:36:15,134.65,134.25,750,140.25,5250,0,15750
TITAN30Jan201300PE.NFO,07/01/2020,14:36:38,134.65,133.1,1500,140.25,5250,0,15750
TITAN30Jan201300PE.NFO,07/01/2020,14:37:44,134.65,133.2,1500,140.25,5250,0,15750
TITAN30Jan201300PE.NFO,07/01/2020,14:38:12,134.65,133.2,1500,138,2250,0,15750
TITAN30Jan201300PE.NFO,07/01/2020,14:38:16,134.65,133.2,1500,138,750,0,15750
TITAN30Jan201300PE.NFO,07/01/2020,14:38:21,134.65,133.3,1500,137.95,750,0,15750
TITAN30Jan201300PE.NFO,07/01/2020,14:38:27,134.65,134.55,750,137.95,750,0,15750
TITAN30Jan201300PE.NFO,07/01/2020,14:38:45,134.65,134.55,750,138.05,750,0,15750
TITAN30Jan201300PE.NFO,07/01/2020,14:39:02,134.65,134.6,750,138.55,750,0,15750
TITAN30Jan201300PE.NFO,07/01/2020,14:39:20,134.65,134.6,750,138.45,2250,0,15750
TITAN30Jan201300PE.NFO,07/01/2020,14:39:28,134.65,134.6,750,138.25,750,0,15750
TITAN30Jan201300PE.NFO,07/01/2020,14:39:35,134.65,133.55,750,137.65,750,0,15750
TITAN30Jan201300PE.NFO,07/01/2020,14:39:40,134.65,133.55,750,137.55,750,0,15750
TITAN30Jan201300PE.NFO,07/01/2020,14:39:45,134.65,133.65,750,137.55,750,0,15750
TITAN30Jan201300PE.NFO,07/01/2020,14:39:55,134.65,133.95,750,137.95,750,0,15750
TITAN30Jan201300PE.NFO,07/01/2020,14:40:10,134.65,132.95,1500,137.95,750,0,15750
TITAN30Jan201300PE.NFO,07/01/2020,14:40:15,134.65,132.95,1500,137.8,750,0,15750
TITAN30Jan201300PE.NFO,07/01/2020,14:40:20,134.65,133.25,1500,138.35,750,0,15750
TITAN30Jan201300PE.NFO,07/01/2020,14:40:24,134.65,133.25,1500,138.05,750,0,15750
TITAN30Jan201300PE.NFO,07/01/2020,14:40:33,134.65,133.35,1500,138.05,750,0,15750
TITAN30Jan201300PE.NFO,07/01/2020,14:40:41,134.65,133.45,1500,138.3,750,0,15750
TITAN30Jan201300PE.NFO,07/01/2020,14:40:45,134.65,133.45,1500,138.2,750,0,15750
TITAN30Jan201300PE.NFO,07/01/2020,14:40:49,134.65,133.55,1500,138.2,750,0,15750
TITAN30Jan201300PE.NFO,07/01/2020,14:40:57,134.65,133.55,1500,140.2,3000,0,15750
TITAN30Jan201300PE.NFO,07/01/2020,14:41:00,134.65,133.55,1500,138.4,750,0,15750
TITAN30Jan201300PE.NFO,07/01/2020,14:41:04,134.65,133.55,1500,138.2,750,0,15750
TITAN30Jan201300PE.NFO,07/01/2020,14:41:20,134.65,133.55,1500,138.1,750,0,15750
TITAN30Jan201300PE.NFO,07/01/2020,14:41:43,134.65,133.55,1500,138,750,0,15750
TITAN30Jan201300PE.NFO,07/01/2020,14:42:02,134.65,133.65,1500,138,750,0,15750
TITAN30Jan201300PE.NFO,07/01/2020,14:42:18,134.65,133.75,1500,138.3,3000,0,15750
TITAN30Jan201300PE.NFO,07/01/2020,14:42:36,134.65,133.75,1500,138.2,1500,0,15750
TITAN30Jan201300PE.NFO,07/01/2020,14:42:43,134.65,133.85,1500,138.2,1500,0,15750
TITAN30Jan201300PE.NFO,07/01/2020,14:43:15,134.65,133.85,1500,138.15,750,0,15750
TITAN30Jan201300PE.NFO,07/01/2020,14:43:40,134.65,134.75,750,139.25,1500,0,15750
TITAN30Jan201300PE.NFO,07/01/2020,14:43:51,134.65,134.85,750,139.25,1500,0,15750
TITAN30Jan201300PE.NFO,07/01/2020,14:43:55,134.65,135.25,750,139.15,750,0,15750
TITAN30Jan201300PE.NFO,07/01/2020,14:44:01,134.65,135.25,750,139.05,750,0,15750
TITAN30Jan201300PE.NFO,07/01/2020,14:44:32,134.65,135.45,750,139.05,750,0,15750
TITAN30Jan201300PE.NFO,07/01/2020,14:44:37,134.65,135.55,750,139.1,750,0,15750
TITAN30Jan201300PE.NFO,07/01/2020,14:44:42,134.65,135.55,750,139,750,0,15750
TITAN30Jan201300PE.NFO,07/01/2020,14:44:47,134.65,135.65,750,139.3,750,0,15750
TITAN30Jan201300PE.NFO,07/01/2020,14:44:51,134.65,132.15,5250,140.1,3000,0,15750
TITAN30Jan201300PE.NFO,07/01/2020,14:44:57,134.65,132.15,5250,139.1,750,0,15750
TITAN30Jan201300PE.NFO,07/01/2020,14:45:46,134.65,132.15,5250,139.3,1500,0,15750
TITAN30Jan201300PE.NFO,07/01/2020,14:46:17,134.65,132.15,5250,139.1,1500,0,15750
TITAN30Jan201300PE.NFO,07/01/2020,14:54:15,134.65,132.15,5250,138.9,1500,0,15750
TITAN30Jan201300PE.NFO,07/01/2020,14:54:20,134.65,132.15,5250,138.6,1500,0,15750
TITAN30Jan201300PE.NFO,07/01/2020,14:57:05,134.65,132.15,5250,138.5,1500,0,15750
TITAN30Jan201300PE.NFO,07/01/2020,14:57:09,134.65,132.15,5250,138.4,1500,0,15750
TITAN30Jan201300PE.NFO,07/01/2020,15:00:09,134.65,132.15,5250,137.7,750,0,15750
TITAN30Jan201300PE.NFO,07/01/2020,15:02:36,134.65,132.15,5250,137.6,750,0,15750
TITAN30Jan201300PE.NFO,07/01/2020,15:02:40,134.65,132.15,5250,137.75,750,0,15750
TITAN30Jan201300PE.NFO,07/01/2020,15:05:11,134.65,132.15,5250,137.65,750,0,15750
TITAN30Jan201300PE.NFO,07/01/2020,15:05:15,134.65,132.15,5250,137.6,750,0,15750
TITAN30Jan201300PE.NFO,07/01/2020,15:05:25,134.65,132.15,5250,137.5,750,0,15750
TITAN30Jan201300PE.NFO,07/01/2020,15:05:28,134.65,132.15,5250,137.4,750,0,15750
TITAN30Jan201300PE.NFO,07/01/2020,15:05:32,134.65,132.15,5250,137.1,750,0,15750
TITAN30Jan201300PE.NFO,07/01/2020,15:05:35,134.65,132.15,5250,137,750,0,15750
TITAN30Jan201300PE.NFO,07/01/2020,15:05:46,134.65,132.15,5250,136.9,750,0,15750
TITAN30Jan201300PE.NFO,07/01/2020,15:08:56,134.65,132.15,5250,139.05,1500,0,15750
TITAN30Jan201300PE.NFO,07/01/2020,15:08:59,134.65,132.15,5250,138.95,1500,0,15750
TITAN30Jan201300PE.NFO,07/01/2020,15:09:03,134.65,132.15,5250,138.85,1500,0,15750
TITAN30Jan201300PE.NFO,07/01/2020,15:09:26,134.65,132.15,5250,138.75,1500,0,15750
TITAN30Jan201300PE.NFO,07/01/2020,15:10:01,134.65,132.15,4500,138.55,1500,0,15750
TITAN30Jan201300PE.NFO,07/01/2020,15:10:07,134.65,132.15,4500,138.45,1500,0,15750
TITAN30Jan201300PE.NFO,07/01/2020,15:10:12,134.65,132.15,4500,138.25,1500,0,15750
TITAN30Jan201300PE.NFO,07/01/2020,15:11:04,134.65,132.15,4500,136.25,750,0,15750
TITAN30Jan201300PE.NFO,07/01/2020,15:11:38,134.65,132.15,4500,138.45,750,0,15750
TITAN30Jan201300PE.NFO,07/01/2020,15:11:51,134.65,132.15,4500,138.15,750,0,15750
TITAN30Jan201300PE.NFO,07/01/2020,15:12:01,134.65,132.15,4500,138.05,750,0,15750
TITAN30Jan201300PE.NFO,07/01/2020,15:13:02,134.65,132.15,4500,137.75,750,0,15750
TITAN30Jan201300PE.NFO,07/01/2020,15:13:45,134.65,132.15,4500,137.65,750,0,15750
TITAN30Jan201300PE.NFO,07/01/2020,15:14:06,134.65,132.15,4500,137,750,0,15750
TITAN30Jan201300PE.NFO,07/01/2020,15:14:11,134.65,132.15,4500,137.75,1500,0,15750
TITAN30Jan201300PE.NFO,07/01/2020,15:14:31,134.65,132.15,4500,137.65,1500,0,15750
TITAN30Jan201300PE.NFO,07/01/2020,15:14:52,134.65,132.15,4500,137.35,1500,0,15750
TITAN30Jan201300PE.NFO,07/01/2020,15:14:58,134.65,132.15,4500,136.95,1500,0,15750
TITAN30Jan201300PE.NFO,07/01/2020,15:17:27,134.65,133.45,750,136.95,1500,0,15750
TITAN30Jan201300PE.NFO,07/01/2020,15:17:33,134.65,133.55,750,136.95,1500,0,15750
TITAN30Jan201300PE.NFO,07/01/2020,15:17:55,134.65,133.75,750,136.95,1500,0,15750
TITAN30Jan201300PE.NFO,07/01/2020,15:18:10,134.65,134.1,750,136.95,1500,0,15750
TITAN30Jan201300PE.NFO,07/01/2020,15:19:33,134.65,132.8,750,136.95,1500,0,15750
TITAN30Jan201300PE.NFO,07/01/2020,15:19:39,134.65,133.1,750,136.95,1500,0,15750
TITAN30Jan201300PE.NFO,07/01/2020,15:19:44,134.65,133.2,750,136.95,1500,0,15750
TITAN30Jan201300PE.NFO,07/01/2020,15:19:49,134.65,133.5,750,136.95,1500,0,15750
TITAN30Jan201300PE.NFO,07/01/2020,15:20:20,134.65,133.5,750,136.75,1500,0,15750
TITAN30Jan201300PE.NFO,07/01/2020,15:20:58,134.65,133.5,750,137.5,750,0,15750
TITAN30Jan201300PE.NFO,07/01/2020,15:21:03,134.65,133.6,750,137.3,750,0,15750
TITAN30Jan201300PE.NFO,07/01/2020,15:21:09,134.65,133.6,750,136.8,750,0,15750
TITAN30Jan201300PE.NFO,07/01/2020,15:21:16,134.65,133.6,750,139.1,1500,0,15750
TITAN30Jan201300PE.NFO,07/01/2020,15:21:23,134.65,133.6,750,137.2,750,0,15750
TITAN30Jan201300PE.NFO,07/01/2020,15:22:19,134.65,130.7,5250,136.9,750,0,15750
TITAN30Jan201300PE.NFO,07/01/2020,15:23:31,134.65,130.7,5250,137.35,750,0,15750
TITAN30Jan201300PE.NFO,07/01/2020,15:24:14,134.65,130.7,5250,137.15,750,0,15750
TITAN30Jan201300PE.NFO,07/01/2020,15:25:04,134.65,130.7,5250,137.05,750,0,15750
TITAN30Jan201300PE.NFO,07/01/2020,15:25:10,134.65,130.7,5250,136.85,750,0,15750
TITAN30Jan201300PE.NFO,07/01/2020,15:25:14,134.65,130.7,5250,136.75,750,0,15750
TITAN30Jan201300PE.NFO,07/01/2020,15:25:57,134.65,130.7,5250,136.65,750,0,15750
TITAN30Jan201300PE.NFO,07/01/2020,15:26:02,134.65,130.7,5250,137.3,750,0,15750
TITAN30Jan201300PE.NFO,07/01/2020,15:26:08,134.65,130.7,5250,137.1,750,0,15750
TITAN30Jan201300PE.NFO,07/01/2020,15:26:13,134.65,130.7,5250,137,750,0,15750
TITAN30Jan201300PE.NFO,07/01/2020,15:28:32,134.65,130.7,5250,137.4,750,0,15750
TITAN30Jan201300PE.NFO,07/01/2020,15:28:50,134.65,130.7,4500,137.4,750,0,15750
TITAN30Jan201300PE.NFO,07/01/2020,15:30:03,134.65,130.7,3000,137.4,750,0,15750
