Ticker,Date,Time,LTP,BuyPrice,BuyQty,SellPrice,SellQty,LTQ,OpenInterest
TVSMOTOR30Jan20440PE.NFO,07/01/2020,09:22:22,12.15,11.75,8100,13.15,4050,1350,60750
TVSMOTOR30Jan20440PE.NFO,07/01/2020,09:22:22,12.15,11.75,8100,13.15,4050,0,60750
TVSMOTOR30Jan20440PE.NFO,07/01/2020,09:22:22,12.15,11.75,8100,13.15,4050,0,60750
TVSMOTOR30Jan20440PE.NFO,07/01/2020,09:22:22,12.15,11.75,8100,13.15,4050,0,60750
TVSMOTOR30Jan20440PE.NFO,07/01/2020,09:22:30,12.15,11.5,13500,13.4,1350,0,60750
TVSMOTOR30Jan20440PE.NFO,07/01/2020,09:22:37,12.15,11.5,21600,13.4,1350,0,60750
TVSMOTOR30Jan20440PE.NFO,07/01/2020,09:22:44,12.15,11.5,21600,13.95,1350,0,60750
TVSMOTOR30Jan20440PE.NFO,07/01/2020,09:22:51,12.15,11.5,21600,13.75,1350,0,60750
TVSMOTOR30Jan20440PE.NFO,07/01/2020,09:22:58,12.15,11.5,21600,13.55,1350,0,60750
TVSMOTOR30Jan20440PE.NFO,07/01/2020,09:23:06,12.15,11.5,21600,13.5,1350,0,60750
TVSMOTOR30Jan20440PE.NFO,07/01/2020,09:23:13,12.15,11.5,21600,13.4,1350,0,60750
TVSMOTOR30Jan20440PE.NFO,07/01/2020,09:23:33,12.15,11.5,21600,13.3,1350,0,60750
TVSMOTOR30Jan20440PE.NFO,07/01/2020,09:23:39,12.15,11.5,16200,13.25,1350,0,60750
TVSMOTOR30Jan20440PE.NFO,07/01/2020,09:23:46,12.15,11.5,21600,13.2,1350,0,60750
TVSMOTOR30Jan20440PE.NFO,07/01/2020,09:23:52,12.15,11.5,13500,13.2,1350,0,60750
TVSMOTOR30Jan20440PE.NFO,07/01/2020,09:23:59,12.15,11.5,21600,13.2,1350,0,60750
TVSMOTOR30Jan20440PE.NFO,07/01/2020,09:24:06,12.15,11.5,13500,13.2,1350,0,60750
TVSMOTOR30Jan20440PE.NFO,07/01/2020,09:24:13,12.15,11.5,16200,13.2,1350,0,60750
TVSMOTOR30Jan20440PE.NFO,07/01/2020,09:24:20,12.15,11.5,21600,13.2,1350,0,60750
TVSMOTOR30Jan20440PE.NFO,07/01/2020,09:25:06,12.15,11.5,18900,13.2,1350,0,60750
TVSMOTOR30Jan20440PE.NFO,07/01/2020,09:25:13,12.15,11.65,21600,13.55,1350,0,60750
TVSMOTOR30Jan20440PE.NFO,07/01/2020,09:25:21,12.15,11.75,21600,13.55,1350,0,60750
TVSMOTOR30Jan20440PE.NFO,07/01/2020,09:25:27,12.15,11.95,10800,14.25,1350,0,60750
TVSMOTOR30Jan20440PE.NFO,07/01/2020,09:25:34,12.15,11.95,21600,14.25,1350,0,60750
TVSMOTOR30Jan20440PE.NFO,07/01/2020,09:25:41,12.15,12.05,18900,14.15,1350,0,60750
TVSMOTOR30Jan20440PE.NFO,07/01/2020,09:25:51,12.15,12.3,8100,14.4,1350,0,60750
TVSMOTOR30Jan20440PE.NFO,07/01/2020,09:26:05,12.15,12.3,8100,14.1,1350,0,60750
TVSMOTOR30Jan20440PE.NFO,07/01/2020,09:26:13,12.15,12.3,5400,13.85,2700,0,60750
TVSMOTOR30Jan20440PE.NFO,07/01/2020,09:26:20,12.15,12.3,5400,13.65,2700,0,60750
TVSMOTOR30Jan20440PE.NFO,07/01/2020,09:26:33,12.15,12,8100,13.65,2700,0,60750
TVSMOTOR30Jan20440PE.NFO,07/01/2020,09:27:19,12.15,12,8100,13.55,2700,0,60750
TVSMOTOR30Jan20440PE.NFO,07/01/2020,09:27:39,12.15,12,8100,13.75,1350,0,60750
TVSMOTOR30Jan20440PE.NFO,07/01/2020,09:28:14,12.15,12.1,10800,14.3,1350,0,60750
TVSMOTOR30Jan20440PE.NFO,07/01/2020,09:28:21,12.15,12.1,8100,14.3,1350,0,60750
TVSMOTOR30Jan20440PE.NFO,07/01/2020,09:28:33,12.15,12.1,10800,14.1,1350,0,60750
TVSMOTOR30Jan20440PE.NFO,07/01/2020,09:28:39,12.15,12.1,10800,14.15,1350,0,60750
TVSMOTOR30Jan20440PE.NFO,07/01/2020,09:28:45,12.15,12.2,16200,14.05,1350,0,60750
TVSMOTOR30Jan20440PE.NFO,07/01/2020,09:28:50,12.15,12.2,13500,14.05,1350,0,60750
TVSMOTOR30Jan20440PE.NFO,07/01/2020,09:28:56,12.15,12.2,16200,14.05,1350,0,60750
TVSMOTOR30Jan20440PE.NFO,07/01/2020,09:29:02,12.15,12.2,16200,14.25,1350,0,60750
TVSMOTOR30Jan20440PE.NFO,07/01/2020,09:29:08,12.15,12.2,10800,14,1350,0,60750
TVSMOTOR30Jan20440PE.NFO,07/01/2020,09:29:15,12.15,12.2,10800,14.05,1350,0,60750
TVSMOTOR30Jan20440PE.NFO,07/01/2020,09:29:20,12.15,12.2,10800,14.25,1350,0,60750
TVSMOTOR30Jan20440PE.NFO,07/01/2020,09:29:26,12.15,12.2,16200,14.05,1350,0,60750
TVSMOTOR30Jan20440PE.NFO,07/01/2020,09:29:33,12.15,12.4,16200,14.15,1350,0,60750
TVSMOTOR30Jan20440PE.NFO,07/01/2020,09:29:39,12.15,12.4,10800,14.2,2700,0,60750
TVSMOTOR30Jan20440PE.NFO,07/01/2020,09:29:46,12.15,12.4,8100,14,1350,0,60750
TVSMOTOR30Jan20440PE.NFO,07/01/2020,09:29:52,12.15,12.4,13500,14,1350,0,60750
TVSMOTOR30Jan20440PE.NFO,07/01/2020,09:29:57,12.15,12.4,16200,14.25,1350,0,60750
TVSMOTOR30Jan20440PE.NFO,07/01/2020,09:30:01,12.15,12.4,10800,14.2,1350,0,60750
TVSMOTOR30Jan20440PE.NFO,07/01/2020,09:30:07,12.15,12.4,10800,14.45,1350,0,60750
TVSMOTOR30Jan20440PE.NFO,07/01/2020,09:30:13,12.15,12.4,8100,14.05,1350,0,60750
TVSMOTOR30Jan20440PE.NFO,07/01/2020,09:30:19,12.15,12.4,10800,14.1,1350,0,60750
TVSMOTOR30Jan20440PE.NFO,07/01/2020,09:30:25,12.15,12.4,8100,14.05,1350,0,60750
TVSMOTOR30Jan20440PE.NFO,07/01/2020,09:30:30,12.15,12.4,10800,13.95,1350,0,60750
TVSMOTOR30Jan20440PE.NFO,07/01/2020,09:30:35,12.15,12.4,8100,13.95,1350,0,60750
TVSMOTOR30Jan20440PE.NFO,07/01/2020,09:30:52,12.15,12.4,8100,13.9,1350,0,60750
TVSMOTOR30Jan20440PE.NFO,07/01/2020,09:30:56,12.15,12.4,8100,13.85,1350,0,60750
TVSMOTOR30Jan20440PE.NFO,07/01/2020,09:31:01,12.15,12.4,8100,13.8,1350,0,60750
TVSMOTOR30Jan20440PE.NFO,07/01/2020,09:31:07,12.15,12.4,5400,13.45,1350,0,60750
TVSMOTOR30Jan20440PE.NFO,07/01/2020,09:31:13,12.15,12.4,2700,13.4,1350,0,60750
TVSMOTOR30Jan20440PE.NFO,07/01/2020,09:31:36,12.15,12.4,2700,13.3,2700,0,60750
TVSMOTOR30Jan20440PE.NFO,07/01/2020,09:32:05,12.15,12.4,2700,13.2,2700,0,60750
TVSMOTOR30Jan20440PE.NFO,07/01/2020,09:32:12,12.15,12.15,8100,13.35,1350,0,60750
TVSMOTOR30Jan20440PE.NFO,07/01/2020,09:32:18,12.15,12.15,8100,13.3,1350,0,60750
TVSMOTOR30Jan20440PE.NFO,07/01/2020,09:32:26,12.15,12.15,2700,13.15,2700,0,60750
TVSMOTOR30Jan20440PE.NFO,07/01/2020,09:32:32,12.15,12.15,2700,12.95,2700,0,60750
TVSMOTOR30Jan20440PE.NFO,07/01/2020,09:32:57,12.15,12.15,2700,13.2,4050,0,60750
TVSMOTOR30Jan20440PE.NFO,07/01/2020,09:33:02,12.15,12.15,2700,13,2700,0,60750
TVSMOTOR30Jan20440PE.NFO,07/01/2020,09:33:08,12.15,12.15,8100,13.4,4050,0,60750
TVSMOTOR30Jan20440PE.NFO,07/01/2020,09:33:14,12.15,12.15,2700,13.1,2700,0,60750
TVSMOTOR30Jan20440PE.NFO,07/01/2020,09:33:21,12.15,12.15,5400,13.2,4050,0,60750
TVSMOTOR30Jan20440PE.NFO,07/01/2020,09:33:27,12.15,12.15,8100,13.15,1350,0,60750
TVSMOTOR30Jan20440PE.NFO,07/01/2020,09:33:33,12.15,12.15,8100,13.1,1350,0,60750
TVSMOTOR30Jan20440PE.NFO,07/01/2020,09:33:39,12.15,12.15,5400,13.1,1350,0,60750
TVSMOTOR30Jan20440PE.NFO,07/01/2020,09:33:44,12.15,12.15,2700,13.1,1350,0,60750
TVSMOTOR30Jan20440PE.NFO,07/01/2020,09:33:49,12.15,12.15,8100,13.1,1350,0,60750
TVSMOTOR30Jan20440PE.NFO,07/01/2020,09:33:55,12.15,12.15,5400,13.05,2700,0,60750
TVSMOTOR30Jan20440PE.NFO,07/01/2020,09:34:00,12.15,11.8,5400,13.15,5400,1350,62100
TVSMOTOR30Jan20440PE.NFO,07/01/2020,09:34:06,12.15,11.8,10800,13.15,5400,0,62100
TVSMOTOR30Jan20440PE.NFO,07/01/2020,09:34:11,12.15,11.8,5400,13.05,4050,0,62100
TVSMOTOR30Jan20440PE.NFO,07/01/2020,09:34:17,12.15,11.8,8100,13.1,1350,0,62100
TVSMOTOR30Jan20440PE.NFO,07/01/2020,09:34:23,12.15,11.8,13500,13.1,1350,0,62100
TVSMOTOR30Jan20440PE.NFO,07/01/2020,09:34:35,12.15,11.85,16200,13.45,1350,0,62100
TVSMOTOR30Jan20440PE.NFO,07/01/2020,09:34:42,12.15,11.85,16200,13.25,1350,0,62100
TVSMOTOR30Jan20440PE.NFO,07/01/2020,09:34:53,12.15,11.85,13500,13.05,1350,0,62100
TVSMOTOR30Jan20440PE.NFO,07/01/2020,09:34:59,12.15,11.85,5400,13.05,1350,0,62100
TVSMOTOR30Jan20440PE.NFO,07/01/2020,09:35:38,12.15,11.85,13500,13.05,1350,0,62100
TVSMOTOR30Jan20440PE.NFO,07/01/2020,09:35:45,12.15,11.9,16200,13.25,1350,0,62100
TVSMOTOR30Jan20440PE.NFO,07/01/2020,09:35:54,12.15,11.9,13500,13.25,1350,0,62100
TVSMOTOR30Jan20440PE.NFO,07/01/2020,09:36:14,11.9,11.9,2700,12.9,1350,1350,62100
TVSMOTOR30Jan20440PE.NFO,07/01/2020,09:36:14,11.9,11.9,2700,12.9,1350,0,62100
TVSMOTOR30Jan20440PE.NFO,07/01/2020,09:36:20,11.9,11.9,5400,13,1350,0,62100
TVSMOTOR30Jan20440PE.NFO,07/01/2020,09:36:31,11.9,11.55,13500,12.95,2700,1350,62100
TVSMOTOR30Jan20440PE.NFO,07/01/2020,09:36:37,11.9,11.55,13500,12.8,4050,0,62100
TVSMOTOR30Jan20440PE.NFO,07/01/2020,09:36:42,11.9,11.55,10800,12.7,4050,0,62100
TVSMOTOR30Jan20440PE.NFO,07/01/2020,09:36:47,11.9,11.6,13500,12.95,2700,0,62100
TVSMOTOR30Jan20440PE.NFO,07/01/2020,09:36:53,11.9,11.6,10800,12.95,2700,0,62100
TVSMOTOR30Jan20440PE.NFO,07/01/2020,09:37:04,11.9,11.6,13500,12.95,2700,0,62100
TVSMOTOR30Jan20440PE.NFO,07/01/2020,09:37:09,11.9,11.65,10800,12.95,2700,0,62100
TVSMOTOR30Jan20440PE.NFO,07/01/2020,09:37:20,11.9,11.65,10800,12.95,4050,0,62100
TVSMOTOR30Jan20440PE.NFO,07/01/2020,09:37:25,11.9,11.65,13500,12.95,2700,0,62100
TVSMOTOR30Jan20440PE.NFO,07/01/2020,09:37:45,11.9,11.65,10800,12.95,2700,0,62100
TVSMOTOR30Jan20440PE.NFO,07/01/2020,09:37:50,11.9,11.65,8100,12.95,2700,0,62100
TVSMOTOR30Jan20440PE.NFO,07/01/2020,09:37:54,11.9,11.65,13500,12.95,2700,0,62100
TVSMOTOR30Jan20440PE.NFO,07/01/2020,09:38:21,12.4,11.7,12150,12.9,1350,1350,62100
TVSMOTOR30Jan20440PE.NFO,07/01/2020,09:38:21,12.4,11.7,12150,12.9,1350,0,62100
TVSMOTOR30Jan20440PE.NFO,07/01/2020,09:38:25,12.4,11.7,17550,12.9,1350,0,62100
TVSMOTOR30Jan20440PE.NFO,07/01/2020,09:38:48,12.4,11.7,14850,12.85,1350,0,62100
TVSMOTOR30Jan20440PE.NFO,07/01/2020,09:38:54,12.4,11.9,2700,12.95,1350,0,62100
TVSMOTOR30Jan20440PE.NFO,07/01/2020,09:39:09,12.4,12,1350,12.85,1350,0,62100
TVSMOTOR30Jan20440PE.NFO,07/01/2020,09:39:14,12.4,11.75,2700,12.65,1350,0,62100
TVSMOTOR30Jan20440PE.NFO,07/01/2020,09:39:46,12.4,11.75,5400,12.65,2700,0,62100
TVSMOTOR30Jan20440PE.NFO,07/01/2020,09:39:51,12.4,11.75,5400,12.65,1350,0,62100
TVSMOTOR30Jan20440PE.NFO,07/01/2020,09:39:57,12.4,11.75,2700,12.65,2700,0,62100
TVSMOTOR30Jan20440PE.NFO,07/01/2020,09:40:14,12.4,11.75,5400,12.6,2700,0,62100
TVSMOTOR30Jan20440PE.NFO,07/01/2020,09:40:20,12.4,11.9,2700,12.75,1350,0,62100
TVSMOTOR30Jan20440PE.NFO,07/01/2020,09:40:42,12.4,11.9,2700,12.75,2700,0,62100
TVSMOTOR30Jan20440PE.NFO,07/01/2020,09:40:48,12.4,11.9,2700,12.7,2700,0,62100
TVSMOTOR30Jan20440PE.NFO,07/01/2020,09:41:04,12.4,11.8,2700,12.65,2700,0,62100
TVSMOTOR30Jan20440PE.NFO,07/01/2020,09:41:25,12.4,11.8,5400,12.65,2700,0,62100
TVSMOTOR30Jan20440PE.NFO,07/01/2020,09:41:31,12.4,11.8,2700,12.65,2700,0,62100
TVSMOTOR30Jan20440PE.NFO,07/01/2020,09:41:36,12.4,11.6,5400,12.5,2700,0,62100
TVSMOTOR30Jan20440PE.NFO,07/01/2020,09:41:40,12.4,11.6,5400,12.45,2700,0,62100
TVSMOTOR30Jan20440PE.NFO,07/01/2020,09:42:05,12.4,11.8,2700,12.5,2700,0,62100
TVSMOTOR30Jan20440PE.NFO,07/01/2020,09:42:26,12.4,11.7,2700,12.5,2700,0,62100
TVSMOTOR30Jan20440PE.NFO,07/01/2020,09:42:32,12.4,11.7,2700,12.45,4050,0,62100
TVSMOTOR30Jan20440PE.NFO,07/01/2020,09:42:54,12.4,12.15,1350,12.7,1350,0,62100
TVSMOTOR30Jan20440PE.NFO,07/01/2020,09:43:26,12.4,12.05,2700,12.7,2700,0,62100
TVSMOTOR30Jan20440PE.NFO,07/01/2020,09:43:41,12.4,12,1350,12.85,1350,0,62100
TVSMOTOR30Jan20440PE.NFO,07/01/2020,09:43:52,12.4,12.05,1350,12.8,2700,0,62100
TVSMOTOR30Jan20440PE.NFO,07/01/2020,09:44:20,12.4,12.05,1350,12.8,1350,0,62100
TVSMOTOR30Jan20440PE.NFO,07/01/2020,09:44:26,12.4,11.95,1350,12.9,2700,0,62100
TVSMOTOR30Jan20440PE.NFO,07/01/2020,09:44:31,12.4,11.8,9450,12.95,2700,0,62100
TVSMOTOR30Jan20440PE.NFO,07/01/2020,09:44:35,12.4,11.8,10800,12.95,2700,0,62100
TVSMOTOR30Jan20440PE.NFO,07/01/2020,09:45:00,12.4,11.9,5400,12.95,2700,0,62100
TVSMOTOR30Jan20440PE.NFO,07/01/2020,09:45:06,12.4,11.9,2700,12.95,4050,0,62100
TVSMOTOR30Jan20440PE.NFO,07/01/2020,09:45:14,12.4,11.75,5400,12.95,4050,0,62100
TVSMOTOR30Jan20440PE.NFO,07/01/2020,09:45:21,12.4,11.75,10800,12.95,4050,0,62100
TVSMOTOR30Jan20440PE.NFO,07/01/2020,09:45:38,12.4,11.75,8100,12.95,4050,0,62100
TVSMOTOR30Jan20440PE.NFO,07/01/2020,09:45:44,12.4,11.75,10800,12.95,2700,0,62100
TVSMOTOR30Jan20440PE.NFO,07/01/2020,09:45:49,12.4,11.75,10800,12.95,4050,0,62100
TVSMOTOR30Jan20440PE.NFO,07/01/2020,09:45:55,12.4,11.75,10800,12.95,2700,0,62100
TVSMOTOR30Jan20440PE.NFO,07/01/2020,09:46:16,12.4,11.75,21600,12.95,2700,0,62100
TVSMOTOR30Jan20440PE.NFO,07/01/2020,09:46:27,12.4,11.75,13500,12.95,2700,0,62100
TVSMOTOR30Jan20440PE.NFO,07/01/2020,09:46:33,12.4,11.75,16200,12.95,2700,0,62100
TVSMOTOR30Jan20440PE.NFO,07/01/2020,09:46:39,12.4,11.75,13500,12.95,2700,0,62100
TVSMOTOR30Jan20440PE.NFO,07/01/2020,09:46:44,12.4,11.75,21600,12.95,2700,0,62100
TVSMOTOR30Jan20440PE.NFO,07/01/2020,09:46:50,12.4,11.75,10800,12.95,2700,0,62100
TVSMOTOR30Jan20440PE.NFO,07/01/2020,09:47:01,12.4,11.85,9450,13.05,1350,0,62100
TVSMOTOR30Jan20440PE.NFO,07/01/2020,09:47:10,12.4,11.9,5400,12.95,1350,0,62100
TVSMOTOR30Jan20440PE.NFO,07/01/2020,09:47:20,12.4,12,1350,12.9,1350,0,62100
TVSMOTOR30Jan20440PE.NFO,07/01/2020,09:47:29,12.4,12,1350,12.95,2700,0,62100
TVSMOTOR30Jan20440PE.NFO,07/01/2020,09:47:34,12.4,12,1350,12.95,1350,0,62100
TVSMOTOR30Jan20440PE.NFO,07/01/2020,09:47:42,12.4,12,1350,12.9,1350,0,62100
TVSMOTOR30Jan20440PE.NFO,07/01/2020,09:47:47,12.4,12,1350,12.8,1350,0,62100
TVSMOTOR30Jan20440PE.NFO,07/01/2020,09:47:52,12.4,12,1350,12.85,1350,0,62100
TVSMOTOR30Jan20440PE.NFO,07/01/2020,09:47:56,12.4,12,1350,12.95,1350,0,62100
TVSMOTOR30Jan20440PE.NFO,07/01/2020,09:48:06,12.4,12,1350,12.9,1350,0,62100
TVSMOTOR30Jan20440PE.NFO,07/01/2020,09:48:25,12.4,12,1350,12.95,1350,0,62100
TVSMOTOR30Jan20440PE.NFO,07/01/2020,09:48:31,12.4,12,1350,12.9,1350,0,62100
TVSMOTOR30Jan20440PE.NFO,07/01/2020,09:48:43,12.4,12,4050,12.9,1350,0,62100
TVSMOTOR30Jan20440PE.NFO,07/01/2020,09:48:49,12.4,12,1350,12.9,1350,0,62100
TVSMOTOR30Jan20440PE.NFO,07/01/2020,09:49:02,12.4,12,4050,12.9,1350,0,62100
TVSMOTOR30Jan20440PE.NFO,07/01/2020,09:49:08,12.4,12,1350,12.9,1350,0,62100
TVSMOTOR30Jan20440PE.NFO,07/01/2020,09:49:19,12.4,12,1350,12.95,2700,0,62100
TVSMOTOR30Jan20440PE.NFO,07/01/2020,09:49:24,12.4,12,6750,13,1350,0,62100
TVSMOTOR30Jan20440PE.NFO,07/01/2020,09:49:37,12.4,12,9450,13,1350,0,62100
TVSMOTOR30Jan20440PE.NFO,07/01/2020,09:49:41,12.4,12,6750,13,1350,0,62100
TVSMOTOR30Jan20440PE.NFO,07/01/2020,09:49:47,12.4,12,1350,12.95,1350,0,62100
TVSMOTOR30Jan20440PE.NFO,07/01/2020,09:49:57,12.4,12,1350,12.9,1350,0,62100
TVSMOTOR30Jan20440PE.NFO,07/01/2020,09:50:06,12.4,12,1350,12.95,1350,0,62100
TVSMOTOR30Jan20440PE.NFO,07/01/2020,09:50:11,12.4,12,4050,13.05,4050,0,62100
TVSMOTOR30Jan20440PE.NFO,07/01/2020,09:50:17,12.4,11.95,5400,13,1350,0,62100
TVSMOTOR30Jan20440PE.NFO,07/01/2020,09:50:22,12.4,11.95,2700,12.85,1350,0,62100
TVSMOTOR30Jan20440PE.NFO,07/01/2020,09:50:27,12.4,12.1,1350,12.5,1350,0,62100
TVSMOTOR30Jan20440PE.NFO,07/01/2020,09:50:31,12.4,11.85,6750,12.5,1350,0,62100
TVSMOTOR30Jan20440PE.NFO,07/01/2020,09:50:35,12.5,12.1,1350,12.8,2700,1350,62100
TVSMOTOR30Jan20440PE.NFO,07/01/2020,09:50:35,12.5,12.1,1350,12.8,2700,0,62100
TVSMOTOR30Jan20440PE.NFO,07/01/2020,09:50:40,12.5,12.1,9450,13.15,1350,0,62100
TVSMOTOR30Jan20440PE.NFO,07/01/2020,09:50:49,12.5,12.1,4050,13.1,1350,0,62100
TVSMOTOR30Jan20440PE.NFO,07/01/2020,09:50:58,12.5,12,5400,13.05,1350,0,62100
TVSMOTOR30Jan20440PE.NFO,07/01/2020,09:51:04,12.5,12.1,6750,13.05,1350,0,62100
TVSMOTOR30Jan20440PE.NFO,07/01/2020,09:51:10,12.5,12.1,9450,13.15,1350,0,62100
TVSMOTOR30Jan20440PE.NFO,07/01/2020,09:51:14,12.5,12.1,9450,13.1,1350,0,62100
TVSMOTOR30Jan20440PE.NFO,07/01/2020,09:51:55,12.5,12.1,9450,13.2,1350,0,62100
TVSMOTOR30Jan20440PE.NFO,07/01/2020,09:52:00,12.5,12.15,8100,13.1,1350,0,62100
TVSMOTOR30Jan20440PE.NFO,07/01/2020,09:52:04,12.5,12.15,8100,13.15,2700,0,62100
TVSMOTOR30Jan20440PE.NFO,07/01/2020,09:52:35,12.5,12.35,4050,13.3,1350,0,62100
TVSMOTOR30Jan20440PE.NFO,07/01/2020,09:53:03,12.5,12.35,9450,13.4,1350,0,62100
TVSMOTOR30Jan20440PE.NFO,07/01/2020,09:53:10,12.5,12.35,9450,13.45,2700,0,62100
TVSMOTOR30Jan20440PE.NFO,07/01/2020,09:53:16,12.5,12.35,9450,13.35,1350,0,62100
TVSMOTOR30Jan20440PE.NFO,07/01/2020,09:53:21,12.5,12.35,9450,13.4,2700,0,62100
TVSMOTOR30Jan20440PE.NFO,07/01/2020,09:53:26,12.5,12.35,9450,13.25,1350,0,62100
TVSMOTOR30Jan20440PE.NFO,07/01/2020,09:53:31,12.5,12.35,9450,13.4,1350,0,62100
TVSMOTOR30Jan20440PE.NFO,07/01/2020,09:53:35,12.5,12.35,9450,13.3,1350,0,62100
TVSMOTOR30Jan20440PE.NFO,07/01/2020,09:53:41,12.5,12.35,9450,13.35,1350,0,62100
TVSMOTOR30Jan20440PE.NFO,07/01/2020,09:53:46,12.5,12.35,9450,13.05,1350,0,62100
TVSMOTOR30Jan20440PE.NFO,07/01/2020,09:53:51,12.5,12.35,9450,13.2,1350,0,62100
TVSMOTOR30Jan20440PE.NFO,07/01/2020,09:53:56,12.5,12.35,8100,13.1,1350,0,62100
TVSMOTOR30Jan20440PE.NFO,07/01/2020,09:54:01,12.5,12.35,5400,13.2,1350,0,62100
TVSMOTOR30Jan20440PE.NFO,07/01/2020,09:54:06,12.9,12.45,2700,13.25,1350,1350,62100
TVSMOTOR30Jan20440PE.NFO,07/01/2020,09:54:06,12.9,12.45,2700,13.25,1350,0,62100
TVSMOTOR30Jan20440PE.NFO,07/01/2020,09:54:11,12.9,12.45,2700,13,1350,0,62100
TVSMOTOR30Jan20440PE.NFO,07/01/2020,09:54:17,12.9,12.3,4050,13.15,1350,0,62100
TVSMOTOR30Jan20440PE.NFO,07/01/2020,09:54:22,12.9,12.45,4050,13.2,1350,0,62100
TVSMOTOR30Jan20440PE.NFO,07/01/2020,09:54:28,12.9,12.35,9450,13.2,1350,0,62100
TVSMOTOR30Jan20440PE.NFO,07/01/2020,09:54:33,12.9,12.45,5400,13.3,2700,0,62100
TVSMOTOR30Jan20440PE.NFO,07/01/2020,09:54:37,12.9,12.55,2700,13.2,1350,0,62100
TVSMOTOR30Jan20440PE.NFO,07/01/2020,09:54:47,12.9,12.55,1350,13,1350,0,62100
TVSMOTOR30Jan20440PE.NFO,07/01/2020,09:54:52,12.9,12.5,5400,13.25,1350,0,62100
TVSMOTOR30Jan20440PE.NFO,07/01/2020,09:54:57,12.9,12.5,2700,13.3,2700,0,62100
TVSMOTOR30Jan20440PE.NFO,07/01/2020,09:55:14,12.9,12.25,5400,13.15,1350,0,62100
TVSMOTOR30Jan20440PE.NFO,07/01/2020,09:55:25,12.9,12.25,8100,13.15,1350,0,62100
TVSMOTOR30Jan20440PE.NFO,07/01/2020,09:55:36,12.9,12.3,2700,13.1,1350,0,62100
TVSMOTOR30Jan20440PE.NFO,07/01/2020,09:55:41,12.9,12.3,2700,12.95,1350,0,62100
TVSMOTOR30Jan20440PE.NFO,07/01/2020,09:55:45,12.9,12.3,2700,12.85,1350,0,62100
TVSMOTOR30Jan20440PE.NFO,07/01/2020,09:55:49,12.9,12.3,2700,13,1350,0,62100
TVSMOTOR30Jan20440PE.NFO,07/01/2020,09:55:53,12.9,12.3,2700,13.05,1350,0,62100
TVSMOTOR30Jan20440PE.NFO,07/01/2020,09:55:58,12.9,12.3,2700,13,1350,0,62100
TVSMOTOR30Jan20440PE.NFO,07/01/2020,09:56:03,12.9,12.3,2700,13.05,1350,0,62100
TVSMOTOR30Jan20440PE.NFO,07/01/2020,09:56:08,12.9,12.45,2700,13.15,1350,0,62100
TVSMOTOR30Jan20440PE.NFO,07/01/2020,09:56:15,12.9,12.4,5400,13.3,6750,0,62100
TVSMOTOR30Jan20440PE.NFO,07/01/2020,09:56:22,13.6,13.6,8100,13.7,1350,8100,63450
TVSMOTOR30Jan20440PE.NFO,07/01/2020,09:56:22,13.6,13.6,8100,13.7,1350,0,63450
TVSMOTOR30Jan20440PE.NFO,07/01/2020,09:56:28,13.6,13.6,8100,13.9,1350,0,63450
TVSMOTOR30Jan20440PE.NFO,07/01/2020,09:56:34,13.6,13.6,8100,13.8,1350,0,63450
TVSMOTOR30Jan20440PE.NFO,07/01/2020,09:56:45,13.6,13.85,17550,14.2,2700,0,63450
TVSMOTOR30Jan20440PE.NFO,07/01/2020,09:56:57,13.6,12.9,1350,13.95,1350,0,63450
TVSMOTOR30Jan20440PE.NFO,07/01/2020,09:57:01,13.6,13.05,1350,13.95,1350,0,63450
TVSMOTOR30Jan20440PE.NFO,07/01/2020,09:57:06,13.6,13,1350,13.95,1350,0,63450
TVSMOTOR30Jan20440PE.NFO,07/01/2020,09:57:11,13.6,13.1,1350,13.95,1350,0,63450
TVSMOTOR30Jan20440PE.NFO,07/01/2020,09:57:16,13.6,13.1,2700,13.95,1350,0,63450
TVSMOTOR30Jan20440PE.NFO,07/01/2020,09:57:51,13.3,13.1,2700,13.55,1350,2700,63450
TVSMOTOR30Jan20440PE.NFO,07/01/2020,09:57:55,13.3,13.1,2700,13.9,4050,0,63450
TVSMOTOR30Jan20440PE.NFO,07/01/2020,09:58:05,13.3,13.1,2700,13.9,2700,0,63450
TVSMOTOR30Jan20440PE.NFO,07/01/2020,09:58:26,13.3,13.2,1350,13.8,1350,0,63450
TVSMOTOR30Jan20440PE.NFO,07/01/2020,09:58:31,13.3,13.2,1350,13.6,1350,0,63450
TVSMOTOR30Jan20440PE.NFO,07/01/2020,09:58:35,13.3,13.25,1350,13.6,1350,0,63450
TVSMOTOR30Jan20440PE.NFO,07/01/2020,09:58:39,13.3,13.25,1350,13.65,1350,0,63450
TVSMOTOR30Jan20440PE.NFO,07/01/2020,09:58:49,13.3,13.6,1350,14.1,1350,0,63450
TVSMOTOR30Jan20440PE.NFO,07/01/2020,09:58:55,13.3,13.45,1350,14.2,2700,0,63450
TVSMOTOR30Jan20440PE.NFO,07/01/2020,09:59:01,13.3,13.55,1350,14,1350,0,63450
TVSMOTOR30Jan20440PE.NFO,07/01/2020,09:59:07,13.3,13.4,1350,13.9,1350,0,63450
TVSMOTOR30Jan20440PE.NFO,07/01/2020,09:59:13,13.3,13.35,1350,14.15,1350,0,63450
TVSMOTOR30Jan20440PE.NFO,07/01/2020,09:59:19,13.3,13.45,1350,14.2,2700,0,63450
TVSMOTOR30Jan20440PE.NFO,07/01/2020,09:59:25,13.3,13.45,1350,14.25,2700,0,63450
TVSMOTOR30Jan20440PE.NFO,07/01/2020,09:59:31,13.3,13.45,1350,14.2,1350,0,63450
TVSMOTOR30Jan20440PE.NFO,07/01/2020,09:59:49,13.3,13.45,1350,14.15,1350,0,63450
TVSMOTOR30Jan20440PE.NFO,07/01/2020,09:59:57,13.3,13.3,1350,14.1,1350,0,63450
TVSMOTOR30Jan20440PE.NFO,07/01/2020,10:00:02,13.3,13.5,1350,14.05,1350,0,63450
TVSMOTOR30Jan20440PE.NFO,07/01/2020,10:00:06,13.3,13.55,1350,14.2,1350,0,63450
TVSMOTOR30Jan20440PE.NFO,07/01/2020,10:00:10,13.3,13.55,1350,14.1,1350,0,63450
TVSMOTOR30Jan20440PE.NFO,07/01/2020,10:00:13,13.3,13.55,1350,14.2,1350,0,63450
TVSMOTOR30Jan20440PE.NFO,07/01/2020,10:00:22,13.3,13.55,1350,14.25,1350,0,63450
TVSMOTOR30Jan20440PE.NFO,07/01/2020,10:00:28,13.3,13.55,1350,14.15,1350,0,63450
TVSMOTOR30Jan20440PE.NFO,07/01/2020,10:00:33,13.3,13.55,1350,14.4,2700,0,63450
TVSMOTOR30Jan20440PE.NFO,07/01/2020,10:00:37,13.3,13.55,1350,14.35,2700,0,63450
TVSMOTOR30Jan20440PE.NFO,07/01/2020,10:00:42,13.3,13.65,1350,14.5,1350,0,63450
TVSMOTOR30Jan20440PE.NFO,07/01/2020,10:00:49,13.3,14.1,1350,14.75,1350,0,63450
TVSMOTOR30Jan20440PE.NFO,07/01/2020,10:00:55,14.05,14,1350,14.6,1350,1350,60750
TVSMOTOR30Jan20440PE.NFO,07/01/2020,10:00:55,14.05,14,1350,14.6,1350,0,60750
TVSMOTOR30Jan20440PE.NFO,07/01/2020,10:01:01,14.05,13.95,1350,14.65,1350,0,60750
TVSMOTOR30Jan20440PE.NFO,07/01/2020,10:01:08,14.05,13.95,1350,14.6,1350,0,60750
TVSMOTOR30Jan20440PE.NFO,07/01/2020,10:01:14,14.05,13.95,1350,14.7,2700,0,60750
TVSMOTOR30Jan20440PE.NFO,07/01/2020,10:01:21,14.05,13.95,1350,14.65,2700,0,60750
TVSMOTOR30Jan20440PE.NFO,07/01/2020,10:01:27,14.05,13.95,1350,14.7,1350,0,60750
TVSMOTOR30Jan20440PE.NFO,07/01/2020,10:01:38,14.05,14,1350,14.85,2700,0,60750
TVSMOTOR30Jan20440PE.NFO,07/01/2020,10:01:44,14.05,14,1350,14.85,6750,0,60750
TVSMOTOR30Jan20440PE.NFO,07/01/2020,10:01:50,14.05,14.05,1350,14.85,6750,0,60750
TVSMOTOR30Jan20440PE.NFO,07/01/2020,10:01:56,14.05,13.9,1350,14.8,2700,0,60750
TVSMOTOR30Jan20440PE.NFO,07/01/2020,10:02:02,14.05,14,1350,14.8,1350,0,60750
TVSMOTOR30Jan20440PE.NFO,07/01/2020,10:02:07,14.8,14.1,1350,14.85,2700,1350,60750
TVSMOTOR30Jan20440PE.NFO,07/01/2020,10:02:07,14.8,14.1,1350,14.85,2700,0,60750
TVSMOTOR30Jan20440PE.NFO,07/01/2020,10:02:12,14.8,14.1,1350,15,2700,0,60750
TVSMOTOR30Jan20440PE.NFO,07/01/2020,10:02:18,14.8,14.25,1350,15,2700,0,60750
TVSMOTOR30Jan20440PE.NFO,07/01/2020,10:02:43,14.8,13.8,1350,14.9,1350,0,60750
TVSMOTOR30Jan20440PE.NFO,07/01/2020,10:02:48,14.8,14,4050,14.8,1350,0,60750
TVSMOTOR30Jan20440PE.NFO,07/01/2020,10:02:53,14.8,14.05,1350,14.8,1350,0,60750
TVSMOTOR30Jan20440PE.NFO,07/01/2020,10:03:09,14.8,13.85,5400,14.85,1350,0,60750
TVSMOTOR30Jan20440PE.NFO,07/01/2020,10:03:16,14.8,14.2,1350,14.85,2700,0,60750
TVSMOTOR30Jan20440PE.NFO,07/01/2020,10:03:27,14.8,14.2,1350,15,2700,0,60750
TVSMOTOR30Jan20440PE.NFO,07/01/2020,10:03:59,14.8,14.2,1350,14.95,2700,0,60750
TVSMOTOR30Jan20440PE.NFO,07/01/2020,10:04:41,14.8,13.95,5400,14.9,1350,0,60750
TVSMOTOR30Jan20440PE.NFO,07/01/2020,10:04:46,14.8,14.2,1350,14.9,1350,0,60750
TVSMOTOR30Jan20440PE.NFO,07/01/2020,10:04:51,14.8,14.3,1350,14.95,1350,0,60750
TVSMOTOR30Jan20440PE.NFO,07/01/2020,10:04:57,14.8,14.05,5400,15.1,2700,0,60750
TVSMOTOR30Jan20440PE.NFO,07/01/2020,10:05:02,14.8,14.25,2700,14.9,1350,0,60750
TVSMOTOR30Jan20440PE.NFO,07/01/2020,10:05:08,14.8,14.15,1350,14.95,1350,0,60750
TVSMOTOR30Jan20440PE.NFO,07/01/2020,10:05:22,14.8,14.15,1350,14.9,2700,0,60750
TVSMOTOR30Jan20440PE.NFO,07/01/2020,10:05:32,14.8,14.25,1350,15,1350,0,60750
TVSMOTOR30Jan20440PE.NFO,07/01/2020,10:05:39,14.8,14.35,1350,14.95,1350,0,60750
TVSMOTOR30Jan20440PE.NFO,07/01/2020,10:05:45,14.8,14.35,1350,15.05,1350,0,60750
TVSMOTOR30Jan20440PE.NFO,07/01/2020,10:05:51,14.8,14.25,1350,14.9,1350,0,60750
TVSMOTOR30Jan20440PE.NFO,07/01/2020,10:05:57,14.8,14,1350,15.2,2700,0,60750
TVSMOTOR30Jan20440PE.NFO,07/01/2020,10:06:15,14.8,14.2,2700,14.9,1350,0,60750
TVSMOTOR30Jan20440PE.NFO,07/01/2020,10:06:47,14.8,14.45,4050,15.6,1350,0,60750
TVSMOTOR30Jan20440PE.NFO,07/01/2020,10:06:53,14.8,15.05,2700,15.6,1350,0,60750
TVSMOTOR30Jan20440PE.NFO,07/01/2020,10:06:58,14.8,14.85,1350,15.6,1350,0,60750
TVSMOTOR30Jan20440PE.NFO,07/01/2020,10:07:02,14.8,15.05,1350,15.6,1350,0,60750
TVSMOTOR30Jan20440PE.NFO,07/01/2020,10:07:18,14.8,15.05,1350,15.65,1350,0,60750
TVSMOTOR30Jan20440PE.NFO,07/01/2020,10:07:30,14.8,15.05,1350,15.45,1350,0,60750
TVSMOTOR30Jan20440PE.NFO,07/01/2020,10:08:00,14.8,15.2,1350,15.45,1350,0,60750
TVSMOTOR30Jan20440PE.NFO,07/01/2020,10:08:14,15.2,14.7,1350,15.5,1350,1350,62100
TVSMOTOR30Jan20440PE.NFO,07/01/2020,10:08:14,15.2,14.7,1350,15.5,1350,0,62100
TVSMOTOR30Jan20440PE.NFO,07/01/2020,10:08:20,15.2,14.5,5400,15.3,1350,0,62100
TVSMOTOR30Jan20440PE.NFO,07/01/2020,10:08:26,15.2,14.65,1350,15.3,1350,0,62100
TVSMOTOR30Jan20440PE.NFO,07/01/2020,10:08:40,15.2,14.5,1350,15.3,1350,0,62100
TVSMOTOR30Jan20440PE.NFO,07/01/2020,10:08:46,15.2,14.3,1350,15.35,1350,0,62100
TVSMOTOR30Jan20440PE.NFO,07/01/2020,10:08:57,15.2,14.55,1350,15.25,1350,0,62100
TVSMOTOR30Jan20440PE.NFO,07/01/2020,10:09:02,15.2,14.3,2700,15.2,1350,0,62100
TVSMOTOR30Jan20440PE.NFO,07/01/2020,10:09:08,15.2,14.5,1350,15.3,1350,0,62100
TVSMOTOR30Jan20440PE.NFO,07/01/2020,10:09:18,15.2,14.5,1350,15.35,1350,0,62100
TVSMOTOR30Jan20440PE.NFO,07/01/2020,10:09:24,15.2,14.65,1350,15.45,1350,0,62100
TVSMOTOR30Jan20440PE.NFO,07/01/2020,10:09:29,15.2,14.85,1350,15.55,1350,0,62100
TVSMOTOR30Jan20440PE.NFO,07/01/2020,10:09:35,15.2,14.5,1350,15.45,2700,0,62100
TVSMOTOR30Jan20440PE.NFO,07/01/2020,10:09:40,15.2,14.6,1350,15.35,1350,0,62100
TVSMOTOR30Jan20440PE.NFO,07/01/2020,10:09:44,15.2,14.5,5400,15.4,1350,0,62100
TVSMOTOR30Jan20440PE.NFO,07/01/2020,10:09:49,15.2,14.65,1350,15.4,1350,0,62100
TVSMOTOR30Jan20440PE.NFO,07/01/2020,10:09:54,15.2,14.6,1350,15.4,1350,0,62100
TVSMOTOR30Jan20440PE.NFO,07/01/2020,10:10:00,15.2,14.65,1350,15.4,2700,0,62100
TVSMOTOR30Jan20440PE.NFO,07/01/2020,10:10:08,15.2,14.45,1350,15.3,1350,0,62100
TVSMOTOR30Jan20440PE.NFO,07/01/2020,10:10:14,15.2,14.4,1350,15.4,2700,0,62100
TVSMOTOR30Jan20440PE.NFO,07/01/2020,10:10:20,15.2,14.6,1350,15.3,1350,0,62100
TVSMOTOR30Jan20440PE.NFO,07/01/2020,10:10:25,15.2,14.65,1350,15.3,1350,0,62100
TVSMOTOR30Jan20440PE.NFO,07/01/2020,10:10:30,15.2,14.6,1350,15.3,1350,0,62100
TVSMOTOR30Jan20440PE.NFO,07/01/2020,10:10:35,15.2,14.4,1350,15.3,1350,0,62100
TVSMOTOR30Jan20440PE.NFO,07/01/2020,10:10:44,15.2,14.55,1350,15.3,1350,0,62100
TVSMOTOR30Jan20440PE.NFO,07/01/2020,10:10:50,15.2,14.5,2700,15.2,1350,0,62100
TVSMOTOR30Jan20440PE.NFO,07/01/2020,10:10:59,15.2,14.5,2700,15.25,1350,0,62100
TVSMOTOR30Jan20440PE.NFO,07/01/2020,10:11:08,15.2,14.5,2700,15.3,2700,0,62100
TVSMOTOR30Jan20440PE.NFO,07/01/2020,10:11:13,15.2,14.5,2700,15.2,2700,0,62100
TVSMOTOR30Jan20440PE.NFO,07/01/2020,10:11:19,15.2,14.5,2700,15.2,1350,0,62100
TVSMOTOR30Jan20440PE.NFO,07/01/2020,10:11:24,15.2,14.5,2700,15.3,1350,0,62100
TVSMOTOR30Jan20440PE.NFO,07/01/2020,10:11:29,15.2,14.5,2700,15.25,2700,0,62100
TVSMOTOR30Jan20440PE.NFO,07/01/2020,10:11:40,15.2,14.5,2700,15.2,1350,0,62100
TVSMOTOR30Jan20440PE.NFO,07/01/2020,10:11:46,15.2,14.3,5400,15.25,1350,0,62100
TVSMOTOR30Jan20440PE.NFO,07/01/2020,10:11:52,15.2,14.65,1350,15.3,1350,0,62100
TVSMOTOR30Jan20440PE.NFO,07/01/2020,10:11:59,15.2,14.5,2700,15.25,2700,0,62100
TVSMOTOR30Jan20440PE.NFO,07/01/2020,10:12:05,15.2,14.55,1350,15.1,1350,0,62100
TVSMOTOR30Jan20440PE.NFO,07/01/2020,10:12:11,15.2,14.6,1350,15.25,1350,0,62100
TVSMOTOR30Jan20440PE.NFO,07/01/2020,10:12:16,15.2,14.4,5400,15.2,1350,0,62100
TVSMOTOR30Jan20440PE.NFO,07/01/2020,10:12:21,15.2,14.55,1350,15.2,1350,0,62100
TVSMOTOR30Jan20440PE.NFO,07/01/2020,10:12:59,15.2,14.4,1350,15.3,2700,0,62100
TVSMOTOR30Jan20440PE.NFO,07/01/2020,10:13:04,15.2,14.4,1350,15.25,2700,0,62100
TVSMOTOR30Jan20440PE.NFO,07/01/2020,10:13:10,15.2,14.45,2700,15.25,2700,0,62100
TVSMOTOR30Jan20440PE.NFO,07/01/2020,10:13:17,15.2,14.5,1350,15.2,1350,0,62100
TVSMOTOR30Jan20440PE.NFO,07/01/2020,10:13:23,15.2,14.4,1350,15.2,2700,0,62100
TVSMOTOR30Jan20440PE.NFO,07/01/2020,10:13:30,15.2,14.25,1350,15.2,2700,0,62100
TVSMOTOR30Jan20440PE.NFO,07/01/2020,10:13:35,15.2,14.4,1350,15.2,2700,0,62100
TVSMOTOR30Jan20440PE.NFO,07/01/2020,10:13:41,15.2,14.45,1350,15.25,1350,0,62100
TVSMOTOR30Jan20440PE.NFO,07/01/2020,10:13:46,15.2,14.15,1350,15.15,1350,0,62100
TVSMOTOR30Jan20440PE.NFO,07/01/2020,10:13:52,15.2,14.5,1350,15.2,2700,0,62100
TVSMOTOR30Jan20440PE.NFO,07/01/2020,10:13:58,15.2,14.35,1350,15.1,1350,0,62100
TVSMOTOR30Jan20440PE.NFO,07/01/2020,10:14:03,15.2,14.3,1350,15.05,1350,0,62100
TVSMOTOR30Jan20440PE.NFO,07/01/2020,10:14:14,15.2,14.4,1350,15.1,1350,0,62100
TVSMOTOR30Jan20440PE.NFO,07/01/2020,10:14:25,15.2,14.2,1350,15.05,1350,0,62100
TVSMOTOR30Jan20440PE.NFO,07/01/2020,10:14:31,15.2,14,1350,15.05,1350,0,62100
TVSMOTOR30Jan20440PE.NFO,07/01/2020,10:14:37,15.2,14.35,1350,15.05,2700,0,62100
TVSMOTOR30Jan20440PE.NFO,07/01/2020,10:14:43,15.2,14.1,5400,15,1350,0,62100
TVSMOTOR30Jan20440PE.NFO,07/01/2020,10:14:48,15.2,14.45,1350,15.1,1350,0,62100
TVSMOTOR30Jan20440PE.NFO,07/01/2020,10:14:53,15.2,14.45,1350,15.15,2700,0,62100
TVSMOTOR30Jan20440PE.NFO,07/01/2020,10:14:59,15.2,14.3,1350,15.05,1350,0,62100
TVSMOTOR30Jan20440PE.NFO,07/01/2020,10:15:06,15.2,14.2,5400,15.05,1350,0,62100
TVSMOTOR30Jan20440PE.NFO,07/01/2020,10:15:11,15.2,14.35,1350,15.05,1350,0,62100
TVSMOTOR30Jan20440PE.NFO,07/01/2020,10:15:26,15.2,14.3,1350,14.95,1350,0,62100
TVSMOTOR30Jan20440PE.NFO,07/01/2020,10:15:37,15.2,14.35,1350,15.05,1350,0,62100
TVSMOTOR30Jan20440PE.NFO,07/01/2020,10:15:42,15.2,14.2,1350,15.05,1350,0,62100
TVSMOTOR30Jan20440PE.NFO,07/01/2020,10:15:48,15.2,14.3,4050,15.1,1350,0,62100
TVSMOTOR30Jan20440PE.NFO,07/01/2020,10:15:54,15.2,14.25,5400,15.1,2700,0,62100
TVSMOTOR30Jan20440PE.NFO,07/01/2020,10:16:00,15.2,14.5,1350,15.15,1350,0,62100
TVSMOTOR30Jan20440PE.NFO,07/01/2020,10:16:26,15.2,14.5,1350,15.1,1350,0,62100
TVSMOTOR30Jan20440PE.NFO,07/01/2020,10:16:32,15.2,14.35,1350,15.05,1350,0,62100
TVSMOTOR30Jan20440PE.NFO,07/01/2020,10:16:37,15.2,14.45,1350,15.05,1350,0,62100
TVSMOTOR30Jan20440PE.NFO,07/01/2020,10:16:42,15.2,14.55,1350,15.05,1350,0,62100
TVSMOTOR30Jan20440PE.NFO,07/01/2020,10:16:47,15.2,14.3,1350,15.05,1350,0,62100
TVSMOTOR30Jan20440PE.NFO,07/01/2020,10:16:56,15.2,14,5400,15.05,1350,0,62100
TVSMOTOR30Jan20440PE.NFO,07/01/2020,10:17:02,15.2,14.1,4050,15.05,1350,0,62100
TVSMOTOR30Jan20440PE.NFO,07/01/2020,10:17:08,15.2,14.2,1350,15.05,1350,0,62100
TVSMOTOR30Jan20440PE.NFO,07/01/2020,10:17:14,15.2,14.3,1350,15,1350,0,62100
TVSMOTOR30Jan20440PE.NFO,07/01/2020,10:17:19,15.2,14.3,1350,15,2700,0,62100
TVSMOTOR30Jan20440PE.NFO,07/01/2020,10:17:24,15.2,14.35,1350,14.95,1350,0,62100
TVSMOTOR30Jan20440PE.NFO,07/01/2020,10:17:28,15.2,14.3,1350,15.05,1350,0,62100
TVSMOTOR30Jan20440PE.NFO,07/01/2020,10:17:34,15.2,14.4,4050,14.9,1350,0,62100
TVSMOTOR30Jan20440PE.NFO,07/01/2020,10:17:39,15.15,14.85,1350,15.4,1350,4050,60750
TVSMOTOR30Jan20440PE.NFO,07/01/2020,10:17:43,15.15,15,1350,15.45,1350,0,60750
TVSMOTOR30Jan20440PE.NFO,07/01/2020,10:17:47,15.3,15.15,1350,15.9,2700,1350,60750
TVSMOTOR30Jan20440PE.NFO,07/01/2020,10:17:47,15.3,15.15,1350,15.9,2700,0,60750
TVSMOTOR30Jan20440PE.NFO,07/01/2020,10:17:51,15.3,15.15,1350,15.75,1350,0,60750
TVSMOTOR30Jan20440PE.NFO,07/01/2020,10:18:07,15.3,15.15,1350,15.7,1350,0,60750
TVSMOTOR30Jan20440PE.NFO,07/01/2020,10:18:11,15.3,15.15,1350,15.65,1350,0,60750
TVSMOTOR30Jan20440PE.NFO,07/01/2020,10:18:15,15.3,15.15,1350,15.75,2700,0,60750
TVSMOTOR30Jan20440PE.NFO,07/01/2020,10:18:19,15.3,15.15,1350,15.65,1350,0,60750
TVSMOTOR30Jan20440PE.NFO,07/01/2020,10:18:26,15.3,15,1350,15.55,1350,0,60750
TVSMOTOR30Jan20440PE.NFO,07/01/2020,10:18:30,15.3,14.9,1350,15.5,1350,0,60750
TVSMOTOR30Jan20440PE.NFO,07/01/2020,10:18:40,15.3,15.05,1350,15.7,1350,0,60750
TVSMOTOR30Jan20440PE.NFO,07/01/2020,10:18:45,15.3,14.6,2700,15.55,1350,0,60750
TVSMOTOR30Jan20440PE.NFO,07/01/2020,10:18:50,15.3,14.9,1350,15.55,1350,0,60750
TVSMOTOR30Jan20440PE.NFO,07/01/2020,10:18:55,15.3,14.8,5400,15.55,1350,0,60750
TVSMOTOR30Jan20440PE.NFO,07/01/2020,10:19:00,15.3,14.55,5400,15.55,1350,0,60750
TVSMOTOR30Jan20440PE.NFO,07/01/2020,10:19:04,15.3,14.85,1350,15.5,1350,0,60750
TVSMOTOR30Jan20440PE.NFO,07/01/2020,10:19:08,15.3,14.6,5400,15.5,1350,0,60750
TVSMOTOR30Jan20440PE.NFO,07/01/2020,10:19:12,15.3,14.9,1350,15.5,1350,0,60750
TVSMOTOR30Jan20440PE.NFO,07/01/2020,10:19:13,15.3,14.95,1350,15.5,1350,0,60750
TVSMOTOR30Jan20440PE.NFO,07/01/2020,10:19:14,15.3,14.85,1350,15.5,1350,0,60750
TVSMOTOR30Jan20440PE.NFO,07/01/2020,10:19:15,15.3,14.6,5400,15.45,1350,0,60750
TVSMOTOR30Jan20440PE.NFO,07/01/2020,10:19:16,15.3,14.7,5400,15.45,1350,0,60750
TVSMOTOR30Jan20440PE.NFO,07/01/2020,10:19:17,15.3,14.8,4050,15.45,1350,0,60750
TVSMOTOR30Jan20440PE.NFO,07/01/2020,10:19:18,15.3,14.85,1350,15.45,1350,0,60750
TVSMOTOR30Jan20440PE.NFO,07/01/2020,10:19:57,15.3,14.5,1350,15.4,1350,0,60750
TVSMOTOR30Jan20440PE.NFO,07/01/2020,10:19:58,15.3,14.6,1350,15.35,1350,0,60750
TVSMOTOR30Jan20440PE.NFO,07/01/2020,10:19:59,15.3,14.7,1350,15.35,1350,0,60750
TVSMOTOR30Jan20440PE.NFO,07/01/2020,10:20:00,15.3,14.8,1350,15.35,1350,0,60750
TVSMOTOR30Jan20440PE.NFO,07/01/2020,10:20:01,15.3,14.85,1350,15.35,1350,0,60750
TVSMOTOR30Jan20440PE.NFO,07/01/2020,10:20:02,15.3,14.5,1350,15.35,1350,0,60750
TVSMOTOR30Jan20440PE.NFO,07/01/2020,10:20:03,15.3,14.6,1350,15.35,1350,0,60750
TVSMOTOR30Jan20440PE.NFO,07/01/2020,10:20:04,15.3,14.7,1350,15.35,1350,0,60750
TVSMOTOR30Jan20440PE.NFO,07/01/2020,10:20:05,15.3,15,1350,15.35,1350,0,60750
TVSMOTOR30Jan20440PE.NFO,07/01/2020,10:20:07,15.3,15,1350,15.4,1350,0,60750
TVSMOTOR30Jan20440PE.NFO,07/01/2020,10:20:28,15.3,14.7,1350,15.45,1350,0,60750
TVSMOTOR30Jan20440PE.NFO,07/01/2020,10:20:37,15.3,14.85,1350,15.45,1350,0,60750
TVSMOTOR30Jan20440PE.NFO,07/01/2020,10:20:41,15.3,14.8,1350,15.45,1350,0,60750
TVSMOTOR30Jan20440PE.NFO,07/01/2020,10:20:45,15.3,14.85,1350,15.45,1350,0,60750
TVSMOTOR30Jan20440PE.NFO,07/01/2020,10:20:53,15.3,14.75,1350,15.5,1350,0,60750
TVSMOTOR30Jan20440PE.NFO,07/01/2020,10:20:57,15.3,14.85,1350,15.5,1350,0,60750
TVSMOTOR30Jan20440PE.NFO,07/01/2020,10:21:03,15.3,14.75,1350,15.5,1350,0,60750
TVSMOTOR30Jan20440PE.NFO,07/01/2020,10:21:07,15.3,14.8,1350,15.5,1350,0,60750
TVSMOTOR30Jan20440PE.NFO,07/01/2020,10:21:12,15.3,14.8,1350,15.45,1350,0,60750
TVSMOTOR30Jan20440PE.NFO,07/01/2020,10:21:21,15.3,14.7,1350,15.5,1350,0,60750
TVSMOTOR30Jan20440PE.NFO,07/01/2020,10:21:27,15.3,14.4,1350,15.45,1350,0,60750
TVSMOTOR30Jan20440PE.NFO,07/01/2020,10:21:32,15.3,14.85,1350,15.45,1350,0,60750
TVSMOTOR30Jan20440PE.NFO,07/01/2020,10:21:37,15.3,14.6,1350,15.45,1350,0,60750
TVSMOTOR30Jan20440PE.NFO,07/01/2020,10:21:41,15.3,14.75,1350,15.45,1350,0,60750
TVSMOTOR30Jan20440PE.NFO,07/01/2020,10:21:46,15.3,14.7,1350,15.4,1350,0,60750
TVSMOTOR30Jan20440PE.NFO,07/01/2020,10:21:50,15.3,14.75,1350,15.4,1350,0,60750
TVSMOTOR30Jan20440PE.NFO,07/01/2020,10:22:00,15.3,14.65,1350,15.4,1350,0,60750
TVSMOTOR30Jan20440PE.NFO,07/01/2020,10:22:03,15.3,14.8,1350,15.4,1350,0,60750
TVSMOTOR30Jan20440PE.NFO,07/01/2020,10:22:08,15.3,14.8,1350,15.45,1350,0,60750
TVSMOTOR30Jan20440PE.NFO,07/01/2020,10:22:13,15.3,14.45,1350,15.4,1350,0,60750
TVSMOTOR30Jan20440PE.NFO,07/01/2020,10:22:18,15.3,14.55,1350,15.35,1350,0,60750
TVSMOTOR30Jan20440PE.NFO,07/01/2020,10:22:22,15.3,14.6,1350,15.35,1350,0,60750
TVSMOTOR30Jan20440PE.NFO,07/01/2020,10:22:27,15.3,14.95,1350,15.6,1350,0,60750
TVSMOTOR30Jan20440PE.NFO,07/01/2020,10:22:31,15.3,14.95,1350,15.55,1350,0,60750
TVSMOTOR30Jan20440PE.NFO,07/01/2020,10:22:35,15.3,15,4050,15.9,1350,0,60750
TVSMOTOR30Jan20440PE.NFO,07/01/2020,10:22:39,15.3,15.5,2700,15.95,2700,0,60750
TVSMOTOR30Jan20440PE.NFO,07/01/2020,10:22:45,15.3,15.4,2700,15.95,2700,0,60750
TVSMOTOR30Jan20440PE.NFO,07/01/2020,10:22:53,15.95,16,2700,16.8,1350,1350,63450
TVSMOTOR30Jan20440PE.NFO,07/01/2020,10:22:53,15.95,16,2700,16.8,1350,0,63450
TVSMOTOR30Jan20440PE.NFO,07/01/2020,10:22:58,15.95,16,2700,16.8,1350,0,63450
TVSMOTOR30Jan20440PE.NFO,07/01/2020,10:23:03,15.95,15.9,1350,16.65,1350,0,63450
TVSMOTOR30Jan20440PE.NFO,07/01/2020,10:23:08,15.95,15.9,1350,16.6,1350,0,63450
TVSMOTOR30Jan20440PE.NFO,07/01/2020,10:23:14,15.9,15.4,4050,16.3,1350,1350,63450
TVSMOTOR30Jan20440PE.NFO,07/01/2020,10:23:18,15.9,15.55,1350,16.3,1350,0,63450
TVSMOTOR30Jan20440PE.NFO,07/01/2020,10:23:27,15.9,15.25,4050,16.35,1350,0,63450
TVSMOTOR30Jan20440PE.NFO,07/01/2020,10:23:33,15.9,15.45,4050,16.35,1350,0,63450
TVSMOTOR30Jan20440PE.NFO,07/01/2020,10:23:37,15.9,15.55,1350,16.35,1350,0,63450
TVSMOTOR30Jan20440PE.NFO,07/01/2020,10:23:42,15.9,15.5,1350,16.35,2700,0,63450
TVSMOTOR30Jan20440PE.NFO,07/01/2020,10:23:47,15.9,15.5,1350,16.35,1350,0,63450
TVSMOTOR30Jan20440PE.NFO,07/01/2020,10:23:52,15.9,15.3,2700,16.15,1350,0,63450
TVSMOTOR30Jan20440PE.NFO,07/01/2020,10:23:56,15.9,15.45,1350,16.25,1350,0,63450
TVSMOTOR30Jan20440PE.NFO,07/01/2020,10:23:59,15.9,15.5,1350,16.25,1350,0,63450
TVSMOTOR30Jan20440PE.NFO,07/01/2020,10:24:21,15.9,15.6,1350,16.25,2700,0,63450
TVSMOTOR30Jan20440PE.NFO,07/01/2020,10:24:36,15.9,15.6,1350,16.2,1350,0,63450
TVSMOTOR30Jan20440PE.NFO,07/01/2020,10:24:40,15.9,15.15,4050,16.25,1350,0,63450
TVSMOTOR30Jan20440PE.NFO,07/01/2020,10:24:44,15.9,15.6,1350,16.25,1350,0,63450
TVSMOTOR30Jan20440PE.NFO,07/01/2020,10:24:57,15.9,15.65,1350,16.25,1350,0,63450
TVSMOTOR30Jan20440PE.NFO,07/01/2020,10:25:01,15.9,15.7,1350,16.25,1350,0,63450
TVSMOTOR30Jan20440PE.NFO,07/01/2020,10:25:06,15.9,15.45,4050,16.3,1350,0,63450
TVSMOTOR30Jan20440PE.NFO,07/01/2020,10:25:09,15.9,15.6,1350,16.3,1350,0,63450
TVSMOTOR30Jan20440PE.NFO,07/01/2020,10:25:13,15.9,15.65,1350,16.35,1350,0,63450
TVSMOTOR30Jan20440PE.NFO,07/01/2020,10:25:17,15.9,15.7,1350,16.35,1350,0,63450
TVSMOTOR30Jan20440PE.NFO,07/01/2020,10:25:21,15.9,15.65,1350,16.35,1350,0,63450
TVSMOTOR30Jan20440PE.NFO,07/01/2020,10:25:25,15.9,15.65,1350,16.5,1350,0,63450
TVSMOTOR30Jan20440PE.NFO,07/01/2020,10:25:29,15.9,15.65,1350,16.4,4050,0,63450
TVSMOTOR30Jan20440PE.NFO,07/01/2020,10:25:34,15.9,15.7,1350,16.3,1350,0,63450
TVSMOTOR30Jan20440PE.NFO,07/01/2020,10:25:38,15.9,15.7,1350,16.35,1350,0,63450
TVSMOTOR30Jan20440PE.NFO,07/01/2020,10:25:47,15.9,15.7,1350,16.45,1350,0,63450
TVSMOTOR30Jan20440PE.NFO,07/01/2020,10:25:52,15.9,15.7,1350,16.35,1350,0,63450
TVSMOTOR30Jan20440PE.NFO,07/01/2020,10:26:02,15.9,15.85,1350,16.35,1350,0,63450
TVSMOTOR30Jan20440PE.NFO,07/01/2020,10:26:07,15.9,15.55,1350,16.35,1350,1350,63450
TVSMOTOR30Jan20440PE.NFO,07/01/2020,10:26:11,15.9,15.55,1350,16.35,1350,0,63450
TVSMOTOR30Jan20440PE.NFO,07/01/2020,10:26:20,15.9,15.75,1350,16.5,1350,0,63450
TVSMOTOR30Jan20440PE.NFO,07/01/2020,10:26:25,15.9,15.8,1350,16.4,1350,0,63450
TVSMOTOR30Jan20440PE.NFO,07/01/2020,10:26:28,15.9,15.65,1350,16.45,1350,0,63450
TVSMOTOR30Jan20440PE.NFO,07/01/2020,10:26:31,15.9,15.9,1350,16.5,2700,0,63450
TVSMOTOR30Jan20440PE.NFO,07/01/2020,10:26:35,15.9,15.65,1350,16.5,1350,0,63450
TVSMOTOR30Jan20440PE.NFO,07/01/2020,10:26:39,15.9,15.75,1350,16.5,1350,0,63450
TVSMOTOR30Jan20440PE.NFO,07/01/2020,10:26:43,15.9,15.65,1350,16.5,1350,0,63450
TVSMOTOR30Jan20440PE.NFO,07/01/2020,10:26:48,15.9,15.8,1350,16.5,1350,0,63450
TVSMOTOR30Jan20440PE.NFO,07/01/2020,10:26:52,15.9,15.65,1350,16.5,1350,0,63450
TVSMOTOR30Jan20440PE.NFO,07/01/2020,10:26:56,15.9,15.8,1350,16.5,1350,0,63450
TVSMOTOR30Jan20440PE.NFO,07/01/2020,10:27:00,15.9,15.65,1350,16.5,1350,0,63450
TVSMOTOR30Jan20440PE.NFO,07/01/2020,10:27:05,15.9,15.7,1350,16.3,1350,0,63450
TVSMOTOR30Jan20440PE.NFO,07/01/2020,10:27:09,15.9,15.65,1350,16.3,1350,0,63450
TVSMOTOR30Jan20440PE.NFO,07/01/2020,10:27:13,15.9,15.7,1350,16.3,1350,0,63450
TVSMOTOR30Jan20440PE.NFO,07/01/2020,10:27:25,15.9,15.65,1350,16.3,1350,0,63450
TVSMOTOR30Jan20440PE.NFO,07/01/2020,10:27:33,15.9,15.65,1350,16.45,1350,0,63450
TVSMOTOR30Jan20440PE.NFO,07/01/2020,10:27:41,15.9,15.8,1350,16.4,1350,0,63450
TVSMOTOR30Jan20440PE.NFO,07/01/2020,10:27:46,15.9,15.65,1350,16.35,1350,0,63450
TVSMOTOR30Jan20440PE.NFO,07/01/2020,10:27:50,15.9,15.75,1350,16.35,1350,0,63450
TVSMOTOR30Jan20440PE.NFO,07/01/2020,10:27:54,15.9,15.65,1350,16.35,1350,0,63450
TVSMOTOR30Jan20440PE.NFO,07/01/2020,10:27:59,15.9,15.75,1350,16.45,1350,0,63450
TVSMOTOR30Jan20440PE.NFO,07/01/2020,10:28:03,15.9,15.65,1350,16.4,1350,0,63450
TVSMOTOR30Jan20440PE.NFO,07/01/2020,10:28:07,15.9,15.7,1350,16.4,1350,0,63450
TVSMOTOR30Jan20440PE.NFO,07/01/2020,10:28:12,15.9,15.7,1350,16.3,1350,0,63450
TVSMOTOR30Jan20440PE.NFO,07/01/2020,10:28:12,15.9,15.65,1350,16.3,1350,0,63450
TVSMOTOR30Jan20440PE.NFO,07/01/2020,10:28:13,15.9,15.7,1350,16.3,1350,0,63450
TVSMOTOR30Jan20440PE.NFO,07/01/2020,10:28:16,15.9,15.65,1350,16.3,1350,0,63450
TVSMOTOR30Jan20440PE.NFO,07/01/2020,10:28:17,15.9,15.7,1350,16.3,1350,0,63450
TVSMOTOR30Jan20440PE.NFO,07/01/2020,10:28:18,15.9,15.65,1350,16.3,1350,0,63450
TVSMOTOR30Jan20440PE.NFO,07/01/2020,10:28:19,15.9,15.7,1350,16.3,1350,0,63450
TVSMOTOR30Jan20440PE.NFO,07/01/2020,10:28:20,15.9,15.65,1350,16.3,1350,0,63450
TVSMOTOR30Jan20440PE.NFO,07/01/2020,10:28:21,15.9,15.7,1350,16.3,1350,0,63450
TVSMOTOR30Jan20440PE.NFO,07/01/2020,10:28:22,15.9,15.65,1350,16.3,1350,0,63450
TVSMOTOR30Jan20440PE.NFO,07/01/2020,10:28:23,15.9,15.8,1350,16.5,4050,0,63450
TVSMOTOR30Jan20440PE.NFO,07/01/2020,10:28:24,15.9,15.65,1350,16.5,4050,0,63450
TVSMOTOR30Jan20440PE.NFO,07/01/2020,10:28:25,15.9,15.7,1350,16.5,4050,0,63450
TVSMOTOR30Jan20440PE.NFO,07/01/2020,10:28:26,15.9,15.35,1350,16.5,2700,0,63450
TVSMOTOR30Jan20440PE.NFO,07/01/2020,10:28:28,15.9,15.5,1350,16.25,1350,0,63450
TVSMOTOR30Jan20440PE.NFO,07/01/2020,10:28:29,15.9,15.5,1350,16.2,1350,0,63450
TVSMOTOR30Jan20440PE.NFO,07/01/2020,10:28:30,15.9,15.25,4050,16.2,1350,0,63450
TVSMOTOR30Jan20440PE.NFO,07/01/2020,10:28:31,15.9,15.45,4050,16.2,1350,0,63450
TVSMOTOR30Jan20440PE.NFO,07/01/2020,10:28:32,15.9,15.55,1350,16.2,1350,0,63450
TVSMOTOR30Jan20440PE.NFO,07/01/2020,10:28:34,15.9,15.6,1350,16.2,1350,0,63450
TVSMOTOR30Jan20440PE.NFO,07/01/2020,10:28:35,15.9,15.15,4050,16.2,1350,0,63450
TVSMOTOR30Jan20440PE.NFO,07/01/2020,10:28:36,15.9,15.25,4050,16.2,1350,0,63450
TVSMOTOR30Jan20440PE.NFO,07/01/2020,10:28:37,15.9,15.45,4050,16.2,1350,0,63450
TVSMOTOR30Jan20440PE.NFO,07/01/2020,10:28:39,15.9,15.65,1350,16.2,1350,0,63450
TVSMOTOR30Jan20440PE.NFO,07/01/2020,10:28:40,15.9,15.7,1350,16.2,1350,0,63450
TVSMOTOR30Jan20440PE.NFO,07/01/2020,10:28:41,15.9,15.25,4050,16.4,1350,0,63450
TVSMOTOR30Jan20440PE.NFO,07/01/2020,10:28:42,15.9,15.35,4050,16.4,1350,0,63450
TVSMOTOR30Jan20440PE.NFO,07/01/2020,10:28:44,15.9,15.65,1350,16.2,1350,0,63450
TVSMOTOR30Jan20440PE.NFO,07/01/2020,10:28:51,15.9,15.7,1350,16.45,2700,0,63450
TVSMOTOR30Jan20440PE.NFO,07/01/2020,10:28:52,15.9,15.65,1350,16.4,1350,0,63450
TVSMOTOR30Jan20440PE.NFO,07/01/2020,10:28:57,15.9,15.65,1350,16.35,1350,0,63450
TVSMOTOR30Jan20440PE.NFO,07/01/2020,10:29:12,15.9,15.2,4050,16.1,1350,0,63450
TVSMOTOR30Jan20440PE.NFO,07/01/2020,10:29:16,15.9,15.55,1350,16.1,1350,0,63450
TVSMOTOR30Jan20440PE.NFO,07/01/2020,10:29:28,15.9,15.65,1350,16.3,2700,0,63450
TVSMOTOR30Jan20440PE.NFO,07/01/2020,10:29:39,15.9,15.25,4050,16.35,1350,0,63450
TVSMOTOR30Jan20440PE.NFO,07/01/2020,10:29:43,15.9,15.65,1350,16.3,1350,0,63450
TVSMOTOR30Jan20440PE.NFO,07/01/2020,10:29:46,15.9,15.6,1350,16.3,1350,0,63450
TVSMOTOR30Jan20440PE.NFO,07/01/2020,10:29:49,15.9,15.45,4050,16.35,1350,0,63450
TVSMOTOR30Jan20440PE.NFO,07/01/2020,10:29:52,15.9,15.55,1350,16.35,1350,0,63450
TVSMOTOR30Jan20440PE.NFO,07/01/2020,10:29:54,15.9,15.65,1350,16.45,4050,0,63450
TVSMOTOR30Jan20440PE.NFO,07/01/2020,10:29:57,15.9,15.6,1350,16.3,4050,0,63450
TVSMOTOR30Jan20440PE.NFO,07/01/2020,10:30:00,15.9,15.7,1350,16.3,1350,0,63450
TVSMOTOR30Jan20440PE.NFO,07/01/2020,10:30:04,15.9,15.45,1350,16.4,1350,0,63450
TVSMOTOR30Jan20440PE.NFO,07/01/2020,10:30:08,15.9,15.7,1350,16.4,2700,0,63450
TVSMOTOR30Jan20440PE.NFO,07/01/2020,10:30:11,15.9,15.75,1350,16.35,1350,0,63450
TVSMOTOR30Jan20440PE.NFO,07/01/2020,10:30:14,15.9,15.65,1350,16.4,1350,0,63450
TVSMOTOR30Jan20440PE.NFO,07/01/2020,10:30:18,15.9,15.65,1350,16.3,1350,0,63450
TVSMOTOR30Jan20440PE.NFO,07/01/2020,10:30:21,15.9,15.75,1350,16.45,1350,0,63450
TVSMOTOR30Jan20440PE.NFO,07/01/2020,10:30:24,15.9,15.6,1350,16.4,1350,0,63450
TVSMOTOR30Jan20440PE.NFO,07/01/2020,10:30:32,15.9,15.65,1350,16.4,1350,0,63450
TVSMOTOR30Jan20440PE.NFO,07/01/2020,10:30:35,15.9,15.6,1350,16.4,1350,0,63450
TVSMOTOR30Jan20440PE.NFO,07/01/2020,10:30:38,15.9,15.65,1350,16.4,1350,0,63450
TVSMOTOR30Jan20440PE.NFO,07/01/2020,10:30:44,15.9,15.35,1350,16.45,1350,0,63450
TVSMOTOR30Jan20440PE.NFO,07/01/2020,10:30:47,15.9,15.65,1350,16.4,1350,0,63450
TVSMOTOR30Jan20440PE.NFO,07/01/2020,10:30:50,15.9,15.5,1350,16.4,1350,0,63450
TVSMOTOR30Jan20440PE.NFO,07/01/2020,10:30:53,15.9,15.45,1350,16.5,1350,0,63450
TVSMOTOR30Jan20440PE.NFO,07/01/2020,10:30:56,15.9,15.65,1350,16.25,1350,0,63450
TVSMOTOR30Jan20440PE.NFO,07/01/2020,10:30:59,15.9,15.55,1350,16.5,1350,0,63450
TVSMOTOR30Jan20440PE.NFO,07/01/2020,10:31:01,15.9,15.7,1350,16.3,1350,0,63450
TVSMOTOR30Jan20440PE.NFO,07/01/2020,10:31:04,15.9,15.5,1350,16.3,1350,0,63450
TVSMOTOR30Jan20440PE.NFO,07/01/2020,10:31:06,15.9,15.45,4050,16.35,1350,0,63450
TVSMOTOR30Jan20440PE.NFO,07/01/2020,10:31:09,15.9,15.65,1350,16.45,1350,0,63450
TVSMOTOR30Jan20440PE.NFO,07/01/2020,10:31:15,15.9,15.7,1350,16.3,2700,0,63450
TVSMOTOR30Jan20440PE.NFO,07/01/2020,10:31:19,15.9,15.55,4050,16.3,1350,0,63450
TVSMOTOR30Jan20440PE.NFO,07/01/2020,10:31:23,15.9,15.6,1350,16.3,1350,0,63450
TVSMOTOR30Jan20440PE.NFO,07/01/2020,10:31:27,15.9,15.55,4050,16.3,1350,0,63450
TVSMOTOR30Jan20440PE.NFO,07/01/2020,10:31:31,15.9,15.6,1350,16.3,1350,0,63450
TVSMOTOR30Jan20440PE.NFO,07/01/2020,10:31:39,15.9,15.6,1350,16.35,1350,0,63450
TVSMOTOR30Jan20440PE.NFO,07/01/2020,10:31:42,15.9,15.7,1350,16.35,1350,0,63450
TVSMOTOR30Jan20440PE.NFO,07/01/2020,10:31:47,15.9,15.6,1350,16.3,1350,0,63450
TVSMOTOR30Jan20440PE.NFO,07/01/2020,10:31:51,15.9,15.65,1350,16.3,1350,0,63450
TVSMOTOR30Jan20440PE.NFO,07/01/2020,10:31:55,15.9,15.45,4050,16.25,1350,0,63450
TVSMOTOR30Jan20440PE.NFO,07/01/2020,10:31:59,15.9,15.65,1350,16.45,2700,0,63450
TVSMOTOR30Jan20440PE.NFO,07/01/2020,10:32:04,15.9,15.7,1350,16.45,1350,0,63450
TVSMOTOR30Jan20440PE.NFO,07/01/2020,10:32:13,15.9,15.75,1350,16.5,1350,0,63450
TVSMOTOR30Jan20440PE.NFO,07/01/2020,10:32:19,15.9,15.85,1350,16.45,2700,0,63450
TVSMOTOR30Jan20440PE.NFO,07/01/2020,10:32:23,15.9,15.9,1350,16.6,1350,0,63450
TVSMOTOR30Jan20440PE.NFO,07/01/2020,10:32:28,15.9,15.65,1350,16.55,1350,0,63450
TVSMOTOR30Jan20440PE.NFO,07/01/2020,10:32:32,15.9,15.75,1350,16.65,1350,0,63450
TVSMOTOR30Jan20440PE.NFO,07/01/2020,10:32:36,15.9,15.9,1350,16.55,1350,0,63450
TVSMOTOR30Jan20440PE.NFO,07/01/2020,10:32:41,15.9,15.9,1350,16.4,1350,0,63450
TVSMOTOR30Jan20440PE.NFO,07/01/2020,10:32:51,15.9,15.75,1350,16.4,1350,0,63450
TVSMOTOR30Jan20440PE.NFO,07/01/2020,10:32:55,15.9,15.65,1350,16.5,2700,0,63450
TVSMOTOR30Jan20440PE.NFO,07/01/2020,10:32:59,15.9,15.8,1350,16.4,1350,0,63450
TVSMOTOR30Jan20440PE.NFO,07/01/2020,10:33:06,15.9,15.7,1350,16.4,1350,0,63450
TVSMOTOR30Jan20440PE.NFO,07/01/2020,10:33:09,15.9,15.65,1350,16.4,1350,0,63450
TVSMOTOR30Jan20440PE.NFO,07/01/2020,10:33:11,15.9,15.65,1350,16.6,1350,0,63450
TVSMOTOR30Jan20440PE.NFO,07/01/2020,10:33:14,15.9,15.65,1350,16.55,1350,0,63450
TVSMOTOR30Jan20440PE.NFO,07/01/2020,10:33:24,15.9,15.65,1350,16.4,1350,0,63450
TVSMOTOR30Jan20440PE.NFO,07/01/2020,10:33:28,15.9,15.65,1350,16.5,1350,0,63450
TVSMOTOR30Jan20440PE.NFO,07/01/2020,10:33:32,15.9,15.65,1350,16.45,1350,0,63450
TVSMOTOR30Jan20440PE.NFO,07/01/2020,10:33:36,15.9,15.75,1350,16.45,1350,0,63450
TVSMOTOR30Jan20440PE.NFO,07/01/2020,10:33:39,15.9,15.8,1350,16.45,1350,0,63450
TVSMOTOR30Jan20440PE.NFO,07/01/2020,10:33:43,15.9,15.65,1350,16.45,1350,0,63450
TVSMOTOR30Jan20440PE.NFO,07/01/2020,10:33:48,15.9,15.9,1350,16.5,2700,0,63450
TVSMOTOR30Jan20440PE.NFO,07/01/2020,10:33:51,15.9,15.8,1350,16.5,1350,0,63450
TVSMOTOR30Jan20440PE.NFO,07/01/2020,10:33:57,15.9,15.75,1350,16.5,1350,0,63450
TVSMOTOR30Jan20440PE.NFO,07/01/2020,10:34:00,15.9,15.75,1350,16.45,1350,0,63450
TVSMOTOR30Jan20440PE.NFO,07/01/2020,10:34:03,15.9,15.8,1350,16.65,1350,0,63450
TVSMOTOR30Jan20440PE.NFO,07/01/2020,10:34:06,15.9,15.8,1350,16.45,1350,0,63450
TVSMOTOR30Jan20440PE.NFO,07/01/2020,10:34:09,15.9,15.85,1350,16.45,1350,0,63450
TVSMOTOR30Jan20440PE.NFO,07/01/2020,10:34:12,15.9,15.75,1350,16.45,1350,0,63450
TVSMOTOR30Jan20440PE.NFO,07/01/2020,10:34:16,15.9,15.8,1350,16.7,1350,0,63450
TVSMOTOR30Jan20440PE.NFO,07/01/2020,10:34:20,15.9,15.75,1350,16.5,1350,0,63450
TVSMOTOR30Jan20440PE.NFO,07/01/2020,10:34:24,15.9,15.65,1350,16.45,1350,0,63450
TVSMOTOR30Jan20440PE.NFO,07/01/2020,10:34:29,15.9,15.7,1350,16.35,1350,0,63450
TVSMOTOR30Jan20440PE.NFO,07/01/2020,10:34:33,15.9,15.65,1350,16.3,2700,0,63450
TVSMOTOR30Jan20440PE.NFO,07/01/2020,10:34:36,15.9,15.7,1350,16.25,1350,0,63450
TVSMOTOR30Jan20440PE.NFO,07/01/2020,10:34:40,15.9,15.35,1350,16.5,2700,0,63450
TVSMOTOR30Jan20440PE.NFO,07/01/2020,10:34:45,15.9,15.7,1350,16.3,2700,0,63450
TVSMOTOR30Jan20440PE.NFO,07/01/2020,10:34:50,15.9,15.45,1350,16.35,1350,0,63450
TVSMOTOR30Jan20440PE.NFO,07/01/2020,10:34:55,15.9,15.5,1350,16.4,2700,0,63450
TVSMOTOR30Jan20440PE.NFO,07/01/2020,10:34:59,15.9,15.55,1350,16.5,2700,0,63450
TVSMOTOR30Jan20440PE.NFO,07/01/2020,10:35:03,15.9,15.65,1350,16.4,1350,0,63450
TVSMOTOR30Jan20440PE.NFO,07/01/2020,10:35:06,15.9,15.7,1350,16.4,1350,0,63450
TVSMOTOR30Jan20440PE.NFO,07/01/2020,10:35:16,15.9,15.55,1350,16.4,1350,0,63450
TVSMOTOR30Jan20440PE.NFO,07/01/2020,10:35:19,15.9,15.65,1350,16.4,2700,0,63450
TVSMOTOR30Jan20440PE.NFO,07/01/2020,10:35:22,15.9,15.65,1350,16.45,1350,0,63450
TVSMOTOR30Jan20440PE.NFO,07/01/2020,10:35:25,15.9,15.65,1350,16.4,1350,0,63450
TVSMOTOR30Jan20440PE.NFO,07/01/2020,10:35:29,15.9,15.7,1350,16.4,1350,0,63450
TVSMOTOR30Jan20440PE.NFO,07/01/2020,10:35:33,15.9,15.65,1350,16.4,1350,0,63450
TVSMOTOR30Jan20440PE.NFO,07/01/2020,10:35:37,15.9,15.65,1350,16.4,2700,0,63450
TVSMOTOR30Jan20440PE.NFO,07/01/2020,10:35:40,15.9,15.7,1350,16.35,1350,0,63450
TVSMOTOR30Jan20440PE.NFO,07/01/2020,10:35:45,15.9,15.65,1350,16.35,1350,0,63450
TVSMOTOR30Jan20440PE.NFO,07/01/2020,10:35:54,15.9,15.55,1350,16.35,1350,0,63450
TVSMOTOR30Jan20440PE.NFO,07/01/2020,10:36:01,15.9,15.6,1350,16.35,1350,0,63450
TVSMOTOR30Jan20440PE.NFO,07/01/2020,10:36:04,15.9,15.65,1350,16.4,1350,0,63450
TVSMOTOR30Jan20440PE.NFO,07/01/2020,10:36:08,15.9,15.7,1350,16.4,1350,0,63450
TVSMOTOR30Jan20440PE.NFO,07/01/2020,10:36:15,15.9,15.65,1350,16.4,1350,0,63450
TVSMOTOR30Jan20440PE.NFO,07/01/2020,10:36:19,15.9,15.7,1350,16.3,1350,0,63450
TVSMOTOR30Jan20440PE.NFO,07/01/2020,10:36:22,15.9,15.6,1350,16.2,1350,0,63450
TVSMOTOR30Jan20440PE.NFO,07/01/2020,10:36:25,15.9,15.6,1350,16.3,2700,0,63450
TVSMOTOR30Jan20440PE.NFO,07/01/2020,10:36:27,15.9,15.55,1350,16.3,2700,0,63450
TVSMOTOR30Jan20440PE.NFO,07/01/2020,10:36:29,15.9,15.3,4050,16.45,1350,0,63450
TVSMOTOR30Jan20440PE.NFO,07/01/2020,10:36:31,15.9,15.5,1350,16.4,1350,0,63450
TVSMOTOR30Jan20440PE.NFO,07/01/2020,10:36:34,15.9,15.75,1350,16.4,1350,0,63450
TVSMOTOR30Jan20440PE.NFO,07/01/2020,10:36:37,15.9,15.6,1350,16.4,1350,0,63450
TVSMOTOR30Jan20440PE.NFO,07/01/2020,10:36:42,15.9,15.75,1350,16.4,1350,0,63450
TVSMOTOR30Jan20440PE.NFO,07/01/2020,10:36:52,15.9,15.65,1350,16.4,1350,0,63450
TVSMOTOR30Jan20440PE.NFO,07/01/2020,10:36:56,15.9,15.7,1350,16.4,1350,0,63450
TVSMOTOR30Jan20440PE.NFO,07/01/2020,10:37:00,15.9,15.75,1350,16.4,1350,0,63450
TVSMOTOR30Jan20440PE.NFO,07/01/2020,10:37:04,15.9,15.6,1350,16.4,1350,0,63450
TVSMOTOR30Jan20440PE.NFO,07/01/2020,10:37:08,15.9,15.75,1350,16.4,1350,0,63450
TVSMOTOR30Jan20440PE.NFO,07/01/2020,10:37:11,15.9,15.7,1350,16.4,1350,0,63450
TVSMOTOR30Jan20440PE.NFO,07/01/2020,10:37:18,15.9,15.5,1350,16.4,1350,0,63450
TVSMOTOR30Jan20440PE.NFO,07/01/2020,10:37:22,15.9,15.5,1350,16.6,1350,0,63450
TVSMOTOR30Jan20440PE.NFO,07/01/2020,10:37:25,15.9,15.7,1350,16.6,1350,0,63450
TVSMOTOR30Jan20440PE.NFO,07/01/2020,10:37:29,15.9,15.6,1350,16.6,1350,0,63450
TVSMOTOR30Jan20440PE.NFO,07/01/2020,10:37:33,15.9,15.85,1350,16.6,1350,0,63450
TVSMOTOR30Jan20440PE.NFO,07/01/2020,10:37:35,15.9,15.7,1350,16.55,1350,0,63450
TVSMOTOR30Jan20440PE.NFO,07/01/2020,10:37:40,15.9,15.6,1350,16.65,2700,0,63450
TVSMOTOR30Jan20440PE.NFO,07/01/2020,10:37:48,15.9,15.5,1350,16.55,1350,0,63450
TVSMOTOR30Jan20440PE.NFO,07/01/2020,10:37:51,15.9,15.85,1350,16.55,1350,0,63450
TVSMOTOR30Jan20440PE.NFO,07/01/2020,10:37:55,15.9,15.7,1350,16.55,1350,0,63450
TVSMOTOR30Jan20440PE.NFO,07/01/2020,10:37:59,15.9,15.7,1350,16.4,1350,0,63450
TVSMOTOR30Jan20440PE.NFO,07/01/2020,10:38:05,15.9,15.65,1350,16.4,1350,0,63450
TVSMOTOR30Jan20440PE.NFO,07/01/2020,10:38:08,15.9,15.65,1350,16.25,1350,0,63450
TVSMOTOR30Jan20440PE.NFO,07/01/2020,10:38:21,15.9,15.3,2700,16.35,1350,0,63450
TVSMOTOR30Jan20440PE.NFO,07/01/2020,10:38:24,15.9,15.65,1350,16.5,1350,0,63450
TVSMOTOR30Jan20440PE.NFO,07/01/2020,10:38:28,15.9,15.65,1350,16.4,1350,0,63450
TVSMOTOR30Jan20440PE.NFO,07/01/2020,10:38:31,15.9,15.55,1350,16.4,1350,0,63450
TVSMOTOR30Jan20440PE.NFO,07/01/2020,10:38:42,15.9,15.7,1350,16.4,1350,0,63450
TVSMOTOR30Jan20440PE.NFO,07/01/2020,10:38:45,15.9,15.55,1350,16.4,1350,0,63450
TVSMOTOR30Jan20440PE.NFO,07/01/2020,10:38:58,15.9,15.6,1350,16.3,1350,0,63450
TVSMOTOR30Jan20440PE.NFO,07/01/2020,10:39:02,15.9,15.55,1350,16.4,1350,0,63450
TVSMOTOR30Jan20440PE.NFO,07/01/2020,10:39:07,15.9,15.5,1350,16.4,1350,0,63450
TVSMOTOR30Jan20440PE.NFO,07/01/2020,10:39:11,15.9,15.65,1350,16.4,1350,0,63450
TVSMOTOR30Jan20440PE.NFO,07/01/2020,10:39:15,15.9,15.6,1350,16.4,1350,0,63450
TVSMOTOR30Jan20440PE.NFO,07/01/2020,10:39:19,15.9,15.65,1350,16.4,1350,0,63450
TVSMOTOR30Jan20440PE.NFO,07/01/2020,10:39:24,15.9,15.5,1350,16.4,1350,0,63450
TVSMOTOR30Jan20440PE.NFO,07/01/2020,10:39:27,15.9,15.6,1350,16.4,1350,0,63450
TVSMOTOR30Jan20440PE.NFO,07/01/2020,10:39:31,15.9,15.65,1350,16.4,1350,0,63450
TVSMOTOR30Jan20440PE.NFO,07/01/2020,10:39:34,15.9,15.6,1350,16.4,1350,0,63450
TVSMOTOR30Jan20440PE.NFO,07/01/2020,10:39:37,15.9,15.65,1350,16.4,1350,0,63450
TVSMOTOR30Jan20440PE.NFO,07/01/2020,10:39:41,15.9,15.5,1350,16.4,1350,0,63450
TVSMOTOR30Jan20440PE.NFO,07/01/2020,10:39:44,15.9,15.9,1350,16.6,1350,0,63450
TVSMOTOR30Jan20440PE.NFO,07/01/2020,10:39:51,15.9,15.6,1350,16.7,1350,0,63450
TVSMOTOR30Jan20440PE.NFO,07/01/2020,10:39:54,15.9,15.85,1350,16.7,1350,0,63450
TVSMOTOR30Jan20440PE.NFO,07/01/2020,10:39:57,15.9,15.8,1350,16.7,1350,0,63450
TVSMOTOR30Jan20440PE.NFO,07/01/2020,10:40:11,15.9,15.6,1350,16.7,2700,0,63450
TVSMOTOR30Jan20440PE.NFO,07/01/2020,10:40:16,15.9,15.75,1350,16.6,1350,0,63450
TVSMOTOR30Jan20440PE.NFO,07/01/2020,10:40:28,15.9,15.5,1350,16.6,1350,0,63450
TVSMOTOR30Jan20440PE.NFO,07/01/2020,10:40:48,15.9,15.6,1350,16.6,1350,0,63450
TVSMOTOR30Jan20440PE.NFO,07/01/2020,10:41:00,15.9,15.7,1350,16.6,1350,0,63450
TVSMOTOR30Jan20440PE.NFO,07/01/2020,10:41:03,15.9,15.6,1350,16.6,1350,0,63450
TVSMOTOR30Jan20440PE.NFO,07/01/2020,10:41:06,15.9,15.7,1350,16.6,1350,0,63450
TVSMOTOR30Jan20440PE.NFO,07/01/2020,10:41:09,15.9,15.75,1350,16.6,1350,0,63450
TVSMOTOR30Jan20440PE.NFO,07/01/2020,10:41:18,15.9,15.8,1350,16.45,1350,0,63450
TVSMOTOR30Jan20440PE.NFO,07/01/2020,10:41:21,15.9,15.75,1350,16.7,4050,0,63450
TVSMOTOR30Jan20440PE.NFO,07/01/2020,10:41:28,15.9,15.8,1350,16.7,4050,0,63450
TVSMOTOR30Jan20440PE.NFO,07/01/2020,10:42:00,15.9,15.75,1350,16.7,4050,0,63450
TVSMOTOR30Jan20440PE.NFO,07/01/2020,10:42:15,15.9,15.85,1350,16.7,4050,0,63450
TVSMOTOR30Jan20440PE.NFO,07/01/2020,10:42:19,15.9,15.8,1350,16.7,4050,0,63450
TVSMOTOR30Jan20440PE.NFO,07/01/2020,10:42:25,15.9,15.85,1350,16.7,4050,0,63450
TVSMOTOR30Jan20440PE.NFO,07/01/2020,10:42:39,15.9,15.95,1350,16.7,4050,0,63450
TVSMOTOR30Jan20440PE.NFO,07/01/2020,10:43:16,15.9,15.95,1350,16.4,1350,0,63450
TVSMOTOR30Jan20440PE.NFO,07/01/2020,10:43:29,15.9,16,1350,16.4,1350,0,63450
TVSMOTOR30Jan20440PE.NFO,07/01/2020,10:43:44,15.9,16,2700,16.4,1350,0,63450
TVSMOTOR30Jan20440PE.NFO,07/01/2020,10:44:19,15.9,16.05,1350,16.4,1350,0,63450
TVSMOTOR30Jan20440PE.NFO,07/01/2020,10:44:39,15.9,15.8,1350,16.4,1350,0,63450
TVSMOTOR30Jan20440PE.NFO,07/01/2020,10:44:42,15.9,15.85,1350,16.4,1350,0,63450
TVSMOTOR30Jan20440PE.NFO,07/01/2020,10:44:50,15.9,15.8,1350,16.4,1350,0,63450
TVSMOTOR30Jan20440PE.NFO,07/01/2020,10:45:02,15.9,15.85,1350,16.4,1350,0,63450
TVSMOTOR30Jan20440PE.NFO,07/01/2020,10:45:07,15.9,15.95,1350,16.4,1350,0,63450
TVSMOTOR30Jan20440PE.NFO,07/01/2020,10:45:12,15.9,15.85,1350,16.4,1350,0,63450
TVSMOTOR30Jan20440PE.NFO,07/01/2020,10:45:17,15.9,15.8,1350,16.4,1350,0,63450
TVSMOTOR30Jan20440PE.NFO,07/01/2020,10:45:22,15.9,15.9,1350,16.4,1350,0,63450
TVSMOTOR30Jan20440PE.NFO,07/01/2020,10:45:26,15.9,15.95,1350,16.4,1350,0,63450
TVSMOTOR30Jan20440PE.NFO,07/01/2020,10:45:33,15.9,15.8,1350,16.4,1350,0,63450
TVSMOTOR30Jan20440PE.NFO,07/01/2020,10:45:39,15.9,15.9,1350,16.4,1350,0,63450
TVSMOTOR30Jan20440PE.NFO,07/01/2020,10:45:44,15.9,15.8,1350,16.4,1350,0,63450
TVSMOTOR30Jan20440PE.NFO,07/01/2020,10:45:51,15.9,15.9,1350,16.4,1350,0,63450
TVSMOTOR30Jan20440PE.NFO,07/01/2020,10:45:55,15.9,15.8,1350,16.4,1350,0,63450
TVSMOTOR30Jan20440PE.NFO,07/01/2020,10:45:59,15.9,15.9,1350,16.4,1350,0,63450
TVSMOTOR30Jan20440PE.NFO,07/01/2020,10:46:03,15.9,15.95,1350,16.4,1350,0,63450
TVSMOTOR30Jan20440PE.NFO,07/01/2020,10:46:06,15.9,15.8,1350,16.4,1350,0,63450
TVSMOTOR30Jan20440PE.NFO,07/01/2020,10:46:09,15.9,15.9,1350,16.4,1350,0,63450
TVSMOTOR30Jan20440PE.NFO,07/01/2020,10:46:12,15.9,15.8,1350,16.4,1350,0,63450
TVSMOTOR30Jan20440PE.NFO,07/01/2020,10:46:16,15.9,15.9,1350,16.4,1350,0,63450
TVSMOTOR30Jan20440PE.NFO,07/01/2020,10:46:19,15.9,15.95,1350,16.4,1350,0,63450
TVSMOTOR30Jan20440PE.NFO,07/01/2020,10:46:23,15.9,15.9,1350,16.4,1350,0,63450
TVSMOTOR30Jan20440PE.NFO,07/01/2020,10:46:26,15.9,15.8,1350,16.4,1350,0,63450
TVSMOTOR30Jan20440PE.NFO,07/01/2020,10:46:30,15.9,15.9,1350,16.4,1350,0,63450
TVSMOTOR30Jan20440PE.NFO,07/01/2020,10:46:33,15.9,15.95,1350,16.4,1350,0,63450
TVSMOTOR30Jan20440PE.NFO,07/01/2020,10:46:40,15.9,15.8,1350,16.4,1350,0,63450
TVSMOTOR30Jan20440PE.NFO,07/01/2020,10:46:43,15.9,15.8,1350,16.35,1350,0,63450
TVSMOTOR30Jan20440PE.NFO,07/01/2020,10:46:46,15.9,15.85,1350,16.35,1350,0,63450
TVSMOTOR30Jan20440PE.NFO,07/01/2020,10:46:49,15.9,15.8,1350,16.35,1350,0,63450
TVSMOTOR30Jan20440PE.NFO,07/01/2020,10:46:57,15.9,15.85,1350,16.35,1350,0,63450
TVSMOTOR30Jan20440PE.NFO,07/01/2020,10:47:10,15.9,15.8,1350,16.35,1350,0,63450
TVSMOTOR30Jan20440PE.NFO,07/01/2020,10:47:12,15.9,15.85,1350,16.35,1350,0,63450
TVSMOTOR30Jan20440PE.NFO,07/01/2020,10:47:17,15.9,15.8,1350,16.35,1350,0,63450
TVSMOTOR30Jan20440PE.NFO,07/01/2020,10:47:23,15.9,15.85,1350,16.35,1350,0,63450
TVSMOTOR30Jan20440PE.NFO,07/01/2020,10:47:30,15.9,15.95,1350,16.35,1350,0,63450
TVSMOTOR30Jan20440PE.NFO,07/01/2020,10:47:34,15.9,15.9,1350,16.35,1350,0,63450
TVSMOTOR30Jan20440PE.NFO,07/01/2020,10:47:41,15.9,15.8,1350,16.4,1350,0,63450
TVSMOTOR30Jan20440PE.NFO,07/01/2020,10:47:53,15.9,15.95,1350,16.35,1350,0,63450
TVSMOTOR30Jan20440PE.NFO,07/01/2020,10:47:57,15.9,15.8,1350,16.35,1350,0,63450
TVSMOTOR30Jan20440PE.NFO,07/01/2020,10:48:00,15.9,15.95,1350,16.35,1350,0,63450
TVSMOTOR30Jan20440PE.NFO,07/01/2020,10:48:04,15.9,15.85,1350,16.5,1350,0,63450
TVSMOTOR30Jan20440PE.NFO,07/01/2020,10:48:13,15.9,15.8,1350,16.5,1350,0,63450
TVSMOTOR30Jan20440PE.NFO,07/01/2020,10:48:17,15.9,15.85,1350,16.5,1350,0,63450
TVSMOTOR30Jan20440PE.NFO,07/01/2020,10:48:21,15.9,15.8,1350,16.5,1350,0,63450
TVSMOTOR30Jan20440PE.NFO,07/01/2020,10:48:27,15.9,15.85,1350,16.5,1350,0,63450
TVSMOTOR30Jan20440PE.NFO,07/01/2020,10:48:30,15.9,15.8,1350,16.5,1350,0,63450
TVSMOTOR30Jan20440PE.NFO,07/01/2020,10:48:33,15.9,15.95,1350,16.5,1350,0,63450
TVSMOTOR30Jan20440PE.NFO,07/01/2020,10:48:39,15.9,16.05,1350,16.75,1350,0,63450
TVSMOTOR30Jan20440PE.NFO,07/01/2020,10:48:51,15.9,15.8,1350,16.75,1350,0,63450
TVSMOTOR30Jan20440PE.NFO,07/01/2020,10:48:55,15.9,16.15,1350,16.75,1350,0,63450
TVSMOTOR30Jan20440PE.NFO,07/01/2020,10:48:59,15.9,16.1,1350,16.75,1350,0,63450
TVSMOTOR30Jan20440PE.NFO,07/01/2020,10:49:03,15.9,16.15,1350,16.75,1350,0,63450
TVSMOTOR30Jan20440PE.NFO,07/01/2020,10:49:06,15.9,16.1,1350,16.75,1350,0,63450
TVSMOTOR30Jan20440PE.NFO,07/01/2020,10:49:09,15.9,16,1350,16.75,1350,0,63450
TVSMOTOR30Jan20440PE.NFO,07/01/2020,10:49:13,15.9,15.8,1350,16.65,1350,0,63450
TVSMOTOR30Jan20440PE.NFO,07/01/2020,10:49:20,15.9,16,1350,16.65,1350,0,63450
TVSMOTOR30Jan20440PE.NFO,07/01/2020,10:49:23,15.9,15.9,1350,16.65,1350,0,63450
TVSMOTOR30Jan20440PE.NFO,07/01/2020,10:49:26,15.9,16,1350,16.75,1350,0,63450
TVSMOTOR30Jan20440PE.NFO,07/01/2020,10:49:30,15.9,15.9,1350,16.75,1350,0,63450
TVSMOTOR30Jan20440PE.NFO,07/01/2020,10:49:35,15.9,15.8,1350,16.75,1350,0,63450
TVSMOTOR30Jan20440PE.NFO,07/01/2020,10:49:38,15.9,16,1350,16.75,1350,0,63450
TVSMOTOR30Jan20440PE.NFO,07/01/2020,10:49:45,15.9,15.9,1350,16.75,1350,0,63450
TVSMOTOR30Jan20440PE.NFO,07/01/2020,10:49:48,15.9,16.15,1350,16.75,1350,0,63450
TVSMOTOR30Jan20440PE.NFO,07/01/2020,10:49:52,15.9,16,1350,16.75,1350,0,63450
TVSMOTOR30Jan20440PE.NFO,07/01/2020,10:49:56,15.9,15.9,1350,16.75,1350,0,63450
TVSMOTOR30Jan20440PE.NFO,07/01/2020,10:50:02,15.9,16.15,1350,16.75,1350,0,63450
TVSMOTOR30Jan20440PE.NFO,07/01/2020,10:50:07,15.9,16.2,1350,16.75,1350,0,63450
TVSMOTOR30Jan20440PE.NFO,07/01/2020,10:50:12,15.9,16.25,1350,16.85,1350,0,63450
TVSMOTOR30Jan20440PE.NFO,07/01/2020,10:50:18,15.9,15.9,1350,16.9,1350,0,63450
TVSMOTOR30Jan20440PE.NFO,07/01/2020,10:50:23,15.9,16.1,1350,16.75,1350,0,63450
TVSMOTOR30Jan20440PE.NFO,07/01/2020,10:50:28,15.9,15.85,1350,16.8,1350,0,63450
TVSMOTOR30Jan20440PE.NFO,07/01/2020,10:50:34,15.9,15.95,1350,16.9,2700,0,63450
TVSMOTOR30Jan20440PE.NFO,07/01/2020,10:50:45,15.9,16.05,1350,16.85,1350,0,63450
TVSMOTOR30Jan20440PE.NFO,07/01/2020,10:50:49,15.9,15.95,1350,16.85,1350,0,63450
TVSMOTOR30Jan20440PE.NFO,07/01/2020,10:50:53,15.9,15.95,1350,16.95,2700,0,63450
TVSMOTOR30Jan20440PE.NFO,07/01/2020,10:50:57,15.9,15.85,1350,16.95,1350,0,63450
TVSMOTOR30Jan20440PE.NFO,07/01/2020,10:51:01,15.9,15.85,1350,16.85,1350,0,63450
TVSMOTOR30Jan20440PE.NFO,07/01/2020,10:51:05,15.9,16.25,1350,16.85,1350,0,63450
TVSMOTOR30Jan20440PE.NFO,07/01/2020,10:51:09,15.9,15.95,1350,17,1350,0,63450
TVSMOTOR30Jan20440PE.NFO,07/01/2020,10:51:13,15.9,16.3,1350,17,1350,0,63450
TVSMOTOR30Jan20440PE.NFO,07/01/2020,10:51:17,15.9,16.15,1350,17.05,1350,0,63450
TVSMOTOR30Jan20440PE.NFO,07/01/2020,10:51:21,15.9,16.3,1350,17.25,1350,0,63450
TVSMOTOR30Jan20440PE.NFO,07/01/2020,10:51:25,15.9,16.3,1350,17.3,1350,0,63450
TVSMOTOR30Jan20440PE.NFO,07/01/2020,10:51:30,15.9,16.2,1350,17.3,1350,0,63450
TVSMOTOR30Jan20440PE.NFO,07/01/2020,10:51:34,15.9,16.3,1350,17.3,1350,0,63450
TVSMOTOR30Jan20440PE.NFO,07/01/2020,10:51:37,15.9,16.35,1350,17.3,1350,0,63450
TVSMOTOR30Jan20440PE.NFO,07/01/2020,10:51:41,15.9,16.2,1350,17.3,1350,0,63450
TVSMOTOR30Jan20440PE.NFO,07/01/2020,10:51:45,15.9,16.3,1350,17.1,1350,0,63450
TVSMOTOR30Jan20440PE.NFO,07/01/2020,10:51:50,15.9,16.4,1350,17.1,1350,0,63450
TVSMOTOR30Jan20440PE.NFO,07/01/2020,10:51:58,15.9,16.45,1350,17.1,1350,0,63450
TVSMOTOR30Jan20440PE.NFO,07/01/2020,10:52:02,15.9,16.15,1350,17.1,1350,0,63450
TVSMOTOR30Jan20440PE.NFO,07/01/2020,10:52:06,15.9,16.4,1350,17.1,1350,0,63450
TVSMOTOR30Jan20440PE.NFO,07/01/2020,10:52:10,15.9,16.25,1350,17.25,2700,0,63450
TVSMOTOR30Jan20440PE.NFO,07/01/2020,10:52:15,15.9,16.4,1350,17.25,2700,0,63450
TVSMOTOR30Jan20440PE.NFO,07/01/2020,10:52:25,15.9,16.35,1350,17.25,1350,0,63450
TVSMOTOR30Jan20440PE.NFO,07/01/2020,10:52:29,15.9,16.25,1350,17.25,1350,0,63450
TVSMOTOR30Jan20440PE.NFO,07/01/2020,10:52:33,15.9,16.4,1350,17.25,1350,0,63450
TVSMOTOR30Jan20440PE.NFO,07/01/2020,10:52:37,15.9,16.35,1350,17.2,1350,0,63450
TVSMOTOR30Jan20440PE.NFO,07/01/2020,10:52:41,15.9,16.5,1350,17.2,1350,0,63450
TVSMOTOR30Jan20440PE.NFO,07/01/2020,10:52:45,15.9,16.25,1350,17.5,2700,0,63450
TVSMOTOR30Jan20440PE.NFO,07/01/2020,10:52:49,15.9,16.5,1350,17.35,1350,0,63450
TVSMOTOR30Jan20440PE.NFO,07/01/2020,10:52:59,15.9,16.75,1350,17.7,1350,0,63450
TVSMOTOR30Jan20440PE.NFO,07/01/2020,10:53:06,15.9,16.65,1350,17.65,1350,0,63450
TVSMOTOR30Jan20440PE.NFO,07/01/2020,10:53:12,15.9,16.6,1350,17.4,1350,0,63450
TVSMOTOR30Jan20440PE.NFO,07/01/2020,10:53:19,15.9,16.65,1350,17.4,1350,0,63450
TVSMOTOR30Jan20440PE.NFO,07/01/2020,10:53:25,15.9,16.45,2700,17.4,1350,0,63450
TVSMOTOR30Jan20440PE.NFO,07/01/2020,10:53:30,15.9,16.6,1350,17.4,1350,0,63450
TVSMOTOR30Jan20440PE.NFO,07/01/2020,10:53:36,15.9,16.65,1350,17.4,1350,0,63450
TVSMOTOR30Jan20440PE.NFO,07/01/2020,10:53:41,15.9,16.6,1350,17.4,1350,0,63450
TVSMOTOR30Jan20440PE.NFO,07/01/2020,10:53:47,15.9,16.65,1350,17.4,1350,0,63450
TVSMOTOR30Jan20440PE.NFO,07/01/2020,10:53:53,15.9,16.5,2700,17.65,1350,0,63450
TVSMOTOR30Jan20440PE.NFO,07/01/2020,10:54:00,15.9,16.8,1350,17.65,1350,0,63450
TVSMOTOR30Jan20440PE.NFO,07/01/2020,10:54:06,15.9,16.35,1350,17.45,1350,0,63450
TVSMOTOR30Jan20440PE.NFO,07/01/2020,10:54:12,16.8,16.45,1350,17.4,1350,1350,64800
TVSMOTOR30Jan20440PE.NFO,07/01/2020,10:54:12,16.8,16.45,1350,17.4,1350,0,64800
TVSMOTOR30Jan20440PE.NFO,07/01/2020,10:54:18,16.8,16.4,1350,17.25,1350,0,64800
TVSMOTOR30Jan20440PE.NFO,07/01/2020,10:54:29,16.8,16.5,1350,17.35,1350,0,64800
TVSMOTOR30Jan20440PE.NFO,07/01/2020,10:54:33,16.8,16.45,1350,17.35,1350,0,64800
TVSMOTOR30Jan20440PE.NFO,07/01/2020,10:54:38,16.8,16.55,1350,17.4,1350,0,64800
TVSMOTOR30Jan20440PE.NFO,07/01/2020,10:54:42,16.8,16.45,1350,17.4,1350,0,64800
TVSMOTOR30Jan20440PE.NFO,07/01/2020,10:54:47,16.8,16.7,1350,17.4,1350,0,64800
TVSMOTOR30Jan20440PE.NFO,07/01/2020,10:54:52,16.8,16.45,1350,17.5,1350,0,64800
TVSMOTOR30Jan20440PE.NFO,07/01/2020,10:54:57,16.8,16.6,1350,17.5,1350,0,64800
TVSMOTOR30Jan20440PE.NFO,07/01/2020,10:55:01,16.8,16.45,1350,17.5,1350,0,64800
TVSMOTOR30Jan20440PE.NFO,07/01/2020,10:55:05,16.8,16.6,1350,17.5,1350,0,64800
TVSMOTOR30Jan20440PE.NFO,07/01/2020,10:55:10,16.8,16.55,1350,17.5,1350,0,64800
TVSMOTOR30Jan20440PE.NFO,07/01/2020,10:55:14,16.8,16.45,1350,17.5,1350,0,64800
TVSMOTOR30Jan20440PE.NFO,07/01/2020,10:55:19,16.8,16.7,1350,17.65,4050,0,64800
TVSMOTOR30Jan20440PE.NFO,07/01/2020,10:55:23,16.8,16.5,1350,17.35,1350,0,64800
TVSMOTOR30Jan20440PE.NFO,07/01/2020,10:55:28,16.8,16.7,1350,17.5,1350,0,64800
TVSMOTOR30Jan20440PE.NFO,07/01/2020,10:55:33,16.8,16.55,1350,17.35,1350,0,64800
TVSMOTOR30Jan20440PE.NFO,07/01/2020,10:55:39,16.8,16.5,1350,17.35,1350,0,64800
TVSMOTOR30Jan20440PE.NFO,07/01/2020,10:55:44,16.8,16.6,1350,17.35,1350,0,64800
TVSMOTOR30Jan20440PE.NFO,07/01/2020,10:55:48,16.8,16.5,1350,17.15,1350,0,64800
TVSMOTOR30Jan20440PE.NFO,07/01/2020,10:55:52,16.8,16.5,1350,17.1,2700,0,64800
TVSMOTOR30Jan20440PE.NFO,07/01/2020,10:55:57,16.8,16.4,1350,17.15,1350,0,64800
TVSMOTOR30Jan20440PE.NFO,07/01/2020,10:56:02,16.8,16.5,1350,17.2,1350,0,64800
TVSMOTOR30Jan20440PE.NFO,07/01/2020,10:56:07,16.8,16.4,1350,17.15,1350,0,64800
TVSMOTOR30Jan20440PE.NFO,07/01/2020,10:56:13,16.8,16.45,1350,17.35,2700,0,64800
TVSMOTOR30Jan20440PE.NFO,07/01/2020,10:56:18,16.8,16.45,1350,17.2,1350,0,64800
TVSMOTOR30Jan20440PE.NFO,07/01/2020,10:56:27,16.8,16.45,1350,17.35,1350,0,64800
TVSMOTOR30Jan20440PE.NFO,07/01/2020,10:56:31,16.8,16.6,1350,17.35,1350,0,64800
TVSMOTOR30Jan20440PE.NFO,07/01/2020,10:56:36,16.8,16.5,1350,17.4,1350,0,64800
TVSMOTOR30Jan20440PE.NFO,07/01/2020,10:56:41,16.8,16.45,1350,17.25,1350,0,64800
TVSMOTOR30Jan20440PE.NFO,07/01/2020,10:56:46,16.8,16.5,1350,17.25,1350,0,64800
TVSMOTOR30Jan20440PE.NFO,07/01/2020,10:56:50,16.8,16.45,2700,17.2,1350,0,64800
TVSMOTOR30Jan20440PE.NFO,07/01/2020,10:56:55,16.8,16.7,1350,17.4,1350,0,64800
TVSMOTOR30Jan20440PE.NFO,07/01/2020,10:57:00,16.8,16.55,1350,17.4,1350,0,64800
TVSMOTOR30Jan20440PE.NFO,07/01/2020,10:57:08,16.8,16.45,1350,17.45,1350,0,64800
TVSMOTOR30Jan20440PE.NFO,07/01/2020,10:57:12,16.8,16.45,1350,17.65,1350,0,64800
TVSMOTOR30Jan20440PE.NFO,07/01/2020,10:57:13,16.8,16.55,1350,17.65,1350,0,64800
TVSMOTOR30Jan20440PE.NFO,07/01/2020,10:57:14,16.8,16.65,1350,17.65,1350,0,64800
TVSMOTOR30Jan20440PE.NFO,07/01/2020,10:57:17,16.8,16.45,1350,17.5,1350,0,64800
TVSMOTOR30Jan20440PE.NFO,07/01/2020,10:57:18,16.8,16.7,1350,17.5,1350,0,64800
TVSMOTOR30Jan20440PE.NFO,07/01/2020,10:57:19,16.8,16.45,1350,17.5,1350,0,64800
TVSMOTOR30Jan20440PE.NFO,07/01/2020,10:57:21,16.8,16.7,1350,17.5,1350,0,64800
TVSMOTOR30Jan20440PE.NFO,07/01/2020,10:57:21,16.8,16.8,1350,17.5,1350,0,64800
TVSMOTOR30Jan20440PE.NFO,07/01/2020,10:57:22,16.8,16.85,1350,17.5,1350,0,64800
TVSMOTOR30Jan20440PE.NFO,07/01/2020,10:57:23,16.8,16.7,1350,17.5,1350,0,64800
TVSMOTOR30Jan20440PE.NFO,07/01/2020,10:57:24,16.8,16.6,1350,17.5,1350,0,64800
TVSMOTOR30Jan20440PE.NFO,07/01/2020,10:57:26,16.8,16.7,1350,17.5,1350,0,64800
TVSMOTOR30Jan20440PE.NFO,07/01/2020,10:57:28,16.8,16.55,1350,17.5,1350,0,64800
TVSMOTOR30Jan20440PE.NFO,07/01/2020,10:57:29,16.8,16.65,1350,17.5,1350,0,64800
TVSMOTOR30Jan20440PE.NFO,07/01/2020,10:57:30,16.8,16.7,1350,17.5,1350,0,64800
TVSMOTOR30Jan20440PE.NFO,07/01/2020,10:57:31,16.8,16.8,1350,17.5,1350,0,64800
TVSMOTOR30Jan20440PE.NFO,07/01/2020,10:57:32,16.8,16.55,1350,17.5,1350,0,64800
TVSMOTOR30Jan20440PE.NFO,07/01/2020,10:57:33,16.8,16.65,1350,17.5,1350,0,64800
TVSMOTOR30Jan20440PE.NFO,07/01/2020,10:57:34,16.8,16.75,1350,17.5,1350,0,64800
TVSMOTOR30Jan20440PE.NFO,07/01/2020,10:57:35,16.8,16.8,1350,17.5,1350,0,64800
TVSMOTOR30Jan20440PE.NFO,07/01/2020,10:57:36,16.8,16.65,1350,17.5,1350,0,64800
TVSMOTOR30Jan20440PE.NFO,07/01/2020,10:57:37,16.8,16.75,1350,17.5,1350,0,64800
TVSMOTOR30Jan20440PE.NFO,07/01/2020,10:57:39,16.8,16.6,1350,17.6,1350,0,64800
TVSMOTOR30Jan20440PE.NFO,07/01/2020,10:57:39,16.8,16.7,1350,17.6,1350,0,64800
TVSMOTOR30Jan20440PE.NFO,07/01/2020,10:57:40,16.8,16.8,1350,17.6,1350,0,64800
TVSMOTOR30Jan20440PE.NFO,07/01/2020,10:57:42,16.8,16.55,1350,17.6,1350,0,64800
TVSMOTOR30Jan20440PE.NFO,07/01/2020,10:57:43,16.8,16.65,1350,17.6,1350,0,64800
TVSMOTOR30Jan20440PE.NFO,07/01/2020,10:57:44,16.8,16.75,1350,17.6,1350,0,64800
TVSMOTOR30Jan20440PE.NFO,07/01/2020,10:57:46,16.8,16.8,1350,17.6,1350,0,64800
TVSMOTOR30Jan20440PE.NFO,07/01/2020,10:57:47,16.8,16.9,1350,17.6,1350,0,64800
TVSMOTOR30Jan20440PE.NFO,07/01/2020,10:57:48,16.8,16.55,1350,17.6,1350,0,64800
TVSMOTOR30Jan20440PE.NFO,07/01/2020,10:57:49,16.8,16.8,1350,17.6,1350,0,64800
TVSMOTOR30Jan20440PE.NFO,07/01/2020,10:57:50,16.8,16.6,1350,17.6,1350,0,64800
TVSMOTOR30Jan20440PE.NFO,07/01/2020,10:57:52,16.8,16.8,1350,17.6,1350,0,64800
TVSMOTOR30Jan20440PE.NFO,07/01/2020,10:57:52,16.8,16.85,1350,17.6,1350,0,64800
TVSMOTOR30Jan20440PE.NFO,07/01/2020,10:57:53,16.8,16.55,1350,17.6,1350,0,64800
TVSMOTOR30Jan20440PE.NFO,07/01/2020,10:57:55,16.8,16.75,1350,17.6,1350,0,64800
TVSMOTOR30Jan20440PE.NFO,07/01/2020,10:57:56,16.8,16.8,2700,17.6,1350,0,64800
TVSMOTOR30Jan20440PE.NFO,07/01/2020,11:00:04,16.8,16.95,1350,17.6,1350,0,64800
TVSMOTOR30Jan20440PE.NFO,07/01/2020,11:00:11,16.8,16.9,1350,17.6,1350,0,64800
TVSMOTOR30Jan20440PE.NFO,07/01/2020,11:00:18,16.8,17.05,1350,17.8,1350,0,64800
TVSMOTOR30Jan20440PE.NFO,07/01/2020,11:00:24,16.8,17,1350,17.75,1350,0,64800
TVSMOTOR30Jan20440PE.NFO,07/01/2020,11:00:31,16.8,17.1,1350,17.75,1350,0,64800
TVSMOTOR30Jan20440PE.NFO,07/01/2020,11:00:38,16.8,17,1350,17.75,1350,0,64800
TVSMOTOR30Jan20440PE.NFO,07/01/2020,11:00:51,16.8,17.1,1350,17.75,1350,0,64800
TVSMOTOR30Jan20440PE.NFO,07/01/2020,11:00:59,16.8,17.05,1350,17.95,1350,0,64800
TVSMOTOR30Jan20440PE.NFO,07/01/2020,11:01:14,16.8,17.25,1350,17.95,1350,0,64800
TVSMOTOR30Jan20440PE.NFO,07/01/2020,11:01:29,16.8,17.25,1350,17.9,1350,0,64800
TVSMOTOR30Jan20440PE.NFO,07/01/2020,11:01:44,16.8,17,1350,18.15,2700,0,64800
TVSMOTOR30Jan20440PE.NFO,07/01/2020,11:01:52,16.8,16.6,1350,17.55,1350,0,64800
TVSMOTOR30Jan20440PE.NFO,07/01/2020,11:02:00,16.8,16.75,1350,17.45,1350,0,64800
TVSMOTOR30Jan20440PE.NFO,07/01/2020,11:02:06,16.8,16.65,1350,17.7,1350,0,64800
TVSMOTOR30Jan20440PE.NFO,07/01/2020,11:02:12,16.8,16.7,1350,17.45,1350,0,64800
TVSMOTOR30Jan20440PE.NFO,07/01/2020,11:02:13,16.8,16.65,1350,17.45,1350,0,64800
TVSMOTOR30Jan20440PE.NFO,07/01/2020,11:02:14,16.8,16.7,1350,17.45,1350,0,64800
TVSMOTOR30Jan20440PE.NFO,07/01/2020,11:02:15,16.8,16.7,1350,17.4,1350,0,64800
TVSMOTOR30Jan20440PE.NFO,07/01/2020,11:02:16,16.8,16.5,1350,17.35,1350,0,64800
TVSMOTOR30Jan20440PE.NFO,07/01/2020,11:02:17,16.8,16.6,1350,17.35,1350,0,64800
TVSMOTOR30Jan20440PE.NFO,07/01/2020,11:02:18,16.8,16.75,1350,17.5,2700,0,64800
TVSMOTOR30Jan20440PE.NFO,07/01/2020,11:02:19,16.8,16.5,1350,17.5,2700,0,64800
TVSMOTOR30Jan20440PE.NFO,07/01/2020,11:02:19,16.8,16.5,1350,17.3,1350,0,64800
TVSMOTOR30Jan20440PE.NFO,07/01/2020,11:02:21,16.8,16.75,1350,17.45,2700,0,64800
TVSMOTOR30Jan20440PE.NFO,07/01/2020,11:02:23,16.8,16.4,1350,17.35,1350,0,64800
TVSMOTOR30Jan20440PE.NFO,07/01/2020,11:02:24,16.8,16.6,1350,17.75,2700,0,64800
TVSMOTOR30Jan20440PE.NFO,07/01/2020,11:02:25,16.8,16.65,1350,17.35,1350,0,64800
TVSMOTOR30Jan20440PE.NFO,07/01/2020,11:02:26,16.8,16.65,1350,17.3,1350,0,64800
TVSMOTOR30Jan20440PE.NFO,07/01/2020,11:02:29,16.8,16.75,1350,17.35,1350,0,64800
TVSMOTOR30Jan20440PE.NFO,07/01/2020,11:02:31,16.8,16.6,1350,17.4,1350,0,64800
TVSMOTOR30Jan20440PE.NFO,07/01/2020,11:02:32,16.8,16.7,1350,17.4,1350,0,64800
TVSMOTOR30Jan20440PE.NFO,07/01/2020,11:02:33,16.8,16.65,1350,17.4,1350,0,64800
TVSMOTOR30Jan20440PE.NFO,07/01/2020,11:02:34,16.8,16.7,1350,17.4,1350,0,64800
TVSMOTOR30Jan20440PE.NFO,07/01/2020,11:02:34,16.8,16.6,1350,17.4,1350,0,64800
TVSMOTOR30Jan20440PE.NFO,07/01/2020,11:02:36,16.8,16.65,1350,17.4,1350,0,64800
TVSMOTOR30Jan20440PE.NFO,07/01/2020,11:02:37,16.8,16.6,1350,17.4,1350,0,64800
TVSMOTOR30Jan20440PE.NFO,07/01/2020,11:02:40,16.8,16.7,1350,17.35,1350,0,64800
TVSMOTOR30Jan20440PE.NFO,07/01/2020,11:02:41,16.8,16.65,1350,17.6,2700,0,64800
TVSMOTOR30Jan20440PE.NFO,07/01/2020,11:02:41,16.8,16.65,1350,17.55,1350,0,64800
TVSMOTOR30Jan20440PE.NFO,07/01/2020,11:02:43,16.8,16.7,1350,17.3,1350,0,64800
TVSMOTOR30Jan20440PE.NFO,07/01/2020,11:02:44,16.8,16.7,1350,17.4,1350,0,64800
TVSMOTOR30Jan20440PE.NFO,07/01/2020,11:02:44,16.8,16.65,1350,17.4,1350,0,64800
TVSMOTOR30Jan20440PE.NFO,07/01/2020,11:02:46,16.8,16.65,1350,17.35,1350,0,64800
TVSMOTOR30Jan20440PE.NFO,07/01/2020,11:02:47,16.8,16.75,1350,17.35,1350,0,64800
TVSMOTOR30Jan20440PE.NFO,07/01/2020,11:02:49,16.8,16.8,1350,17.35,1350,0,64800
TVSMOTOR30Jan20440PE.NFO,07/01/2020,11:02:50,16.8,16.7,1350,17.4,1350,0,64800
TVSMOTOR30Jan20440PE.NFO,07/01/2020,11:02:52,16.8,16.7,1350,17.5,1350,0,64800
TVSMOTOR30Jan20440PE.NFO,07/01/2020,11:02:53,16.8,16.65,1350,17.5,1350,0,64800
TVSMOTOR30Jan20440PE.NFO,07/01/2020,11:02:54,16.8,16.7,1350,17.75,4050,0,64800
TVSMOTOR30Jan20440PE.NFO,07/01/2020,11:02:55,16.8,16.65,1350,17.75,4050,0,64800
TVSMOTOR30Jan20440PE.NFO,07/01/2020,11:02:56,16.8,16.7,1350,17.75,4050,0,64800
TVSMOTOR30Jan20440PE.NFO,07/01/2020,11:02:57,16.8,16.65,1350,17.75,4050,0,64800
TVSMOTOR30Jan20440PE.NFO,07/01/2020,11:02:59,16.8,16.7,1350,17.75,4050,0,64800
TVSMOTOR30Jan20440PE.NFO,07/01/2020,11:03:00,16.8,16.65,1350,17.75,4050,0,64800
TVSMOTOR30Jan20440PE.NFO,07/01/2020,11:03:02,16.8,16.7,1350,17.75,4050,0,64800
TVSMOTOR30Jan20440PE.NFO,07/01/2020,11:03:03,16.8,16.65,1350,17.75,4050,0,64800
TVSMOTOR30Jan20440PE.NFO,07/01/2020,11:03:04,16.8,16.7,1350,17.75,4050,0,64800
TVSMOTOR30Jan20440PE.NFO,07/01/2020,11:03:05,16.8,16.65,1350,17.75,4050,0,64800
TVSMOTOR30Jan20440PE.NFO,07/01/2020,11:03:07,16.8,16.7,1350,17.75,4050,0,64800
TVSMOTOR30Jan20440PE.NFO,07/01/2020,11:03:08,16.8,16.65,1350,17.75,4050,0,64800
TVSMOTOR30Jan20440PE.NFO,07/01/2020,11:03:09,16.8,16.75,1350,17.65,1350,0,64800
TVSMOTOR30Jan20440PE.NFO,07/01/2020,11:03:10,16.8,16.85,1350,17.65,1350,0,64800
TVSMOTOR30Jan20440PE.NFO,07/01/2020,11:03:11,16.8,16.9,1350,17.65,1350,0,64800
TVSMOTOR30Jan20440PE.NFO,07/01/2020,11:03:12,16.8,16.65,1350,17.65,1350,0,64800
TVSMOTOR30Jan20440PE.NFO,07/01/2020,11:03:13,16.8,16.75,1350,17.65,1350,0,64800
TVSMOTOR30Jan20440PE.NFO,07/01/2020,11:03:14,16.8,16.85,1350,17.65,1350,0,64800
TVSMOTOR30Jan20440PE.NFO,07/01/2020,11:03:15,16.8,16.75,1350,17.85,1350,0,64800
TVSMOTOR30Jan20440PE.NFO,07/01/2020,11:03:16,16.8,16.85,1350,17.6,1350,0,64800
TVSMOTOR30Jan20440PE.NFO,07/01/2020,11:03:17,16.8,16.9,1350,17.65,1350,0,64800
TVSMOTOR30Jan20440PE.NFO,07/01/2020,11:03:18,16.8,16.65,1350,17.6,1350,0,64800
TVSMOTOR30Jan20440PE.NFO,07/01/2020,11:03:18,16.8,16.75,1350,17.6,1350,0,64800
TVSMOTOR30Jan20440PE.NFO,07/01/2020,11:03:20,16.8,16.85,1350,17.6,1350,0,64800
TVSMOTOR30Jan20440PE.NFO,07/01/2020,11:03:21,16.8,16.9,1350,17.55,2700,0,64800
TVSMOTOR30Jan20440PE.NFO,07/01/2020,11:03:22,16.8,16.65,1350,17.55,1350,0,64800
TVSMOTOR30Jan20440PE.NFO,07/01/2020,11:03:23,16.8,16.7,1350,17.55,1350,0,64800
TVSMOTOR30Jan20440PE.NFO,07/01/2020,11:03:25,16.8,16.65,1350,17.55,1350,0,64800
TVSMOTOR30Jan20440PE.NFO,07/01/2020,11:03:26,16.8,16.7,1350,17.55,1350,0,64800
TVSMOTOR30Jan20440PE.NFO,07/01/2020,11:03:27,16.8,16.65,1350,17.55,1350,0,64800
TVSMOTOR30Jan20440PE.NFO,07/01/2020,11:03:28,16.8,16.65,1350,17.65,1350,0,64800
TVSMOTOR30Jan20440PE.NFO,07/01/2020,11:03:29,16.8,16.65,1350,17.4,1350,0,64800
TVSMOTOR30Jan20440PE.NFO,07/01/2020,11:03:31,16.8,16.7,1350,17.4,1350,0,64800
TVSMOTOR30Jan20440PE.NFO,07/01/2020,11:03:33,16.8,16.65,1350,17.4,1350,0,64800
TVSMOTOR30Jan20440PE.NFO,07/01/2020,11:03:33,16.8,16.75,1350,17.65,1350,0,64800
TVSMOTOR30Jan20440PE.NFO,07/01/2020,11:03:34,16.8,16.85,1350,18,4050,0,64800
TVSMOTOR30Jan20440PE.NFO,07/01/2020,11:03:35,16.8,16.9,1350,18,4050,0,64800
TVSMOTOR30Jan20440PE.NFO,07/01/2020,11:03:37,16.8,16.65,1350,18,4050,0,64800
TVSMOTOR30Jan20440PE.NFO,07/01/2020,11:03:38,16.8,16.85,1350,18,5400,0,64800
TVSMOTOR30Jan20440PE.NFO,07/01/2020,11:03:39,16.8,16.9,1350,18,4050,0,64800
TVSMOTOR30Jan20440PE.NFO,07/01/2020,11:03:40,16.8,16.7,1350,18,4050,0,64800
TVSMOTOR30Jan20440PE.NFO,07/01/2020,11:03:41,16.8,16.8,1350,18,4050,0,64800
TVSMOTOR30Jan20440PE.NFO,07/01/2020,11:03:43,16.8,16.95,1350,18,5400,0,64800
TVSMOTOR30Jan20440PE.NFO,07/01/2020,11:03:44,16.8,16.65,1350,18,5400,0,64800
TVSMOTOR30Jan20440PE.NFO,07/01/2020,11:03:45,16.8,16.75,1350,18,5400,0,64800
TVSMOTOR30Jan20440PE.NFO,07/01/2020,11:03:46,16.8,16.8,1350,18,5400,0,64800
TVSMOTOR30Jan20440PE.NFO,07/01/2020,11:03:47,16.8,16.65,1350,18,5400,0,64800
TVSMOTOR30Jan20440PE.NFO,07/01/2020,11:03:48,16.8,16.75,1350,18,5400,0,64800
TVSMOTOR30Jan20440PE.NFO,07/01/2020,11:03:49,16.8,16.8,1350,18,5400,0,64800
TVSMOTOR30Jan20440PE.NFO,07/01/2020,11:03:50,16.8,16.75,1350,18,5400,0,64800
TVSMOTOR30Jan20440PE.NFO,07/01/2020,11:03:51,16.8,16.65,1350,18,5400,0,64800
TVSMOTOR30Jan20440PE.NFO,07/01/2020,11:03:54,16.8,16.85,1350,18,5400,0,64800
TVSMOTOR30Jan20440PE.NFO,07/01/2020,11:03:55,16.8,16.9,1350,18,5400,0,64800
TVSMOTOR30Jan20440PE.NFO,07/01/2020,11:03:56,16.8,16.65,1350,18,5400,0,64800
TVSMOTOR30Jan20440PE.NFO,07/01/2020,11:03:56,16.8,16.75,1350,18,5400,0,64800
TVSMOTOR30Jan20440PE.NFO,07/01/2020,11:03:58,16.8,16.8,1350,18,5400,0,64800
TVSMOTOR30Jan20440PE.NFO,07/01/2020,11:03:58,16.8,16.65,1350,18,5400,0,64800
TVSMOTOR30Jan20440PE.NFO,07/01/2020,11:03:59,16.8,16.75,1350,18,5400,0,64800
TVSMOTOR30Jan20440PE.NFO,07/01/2020,11:04:01,16.8,16.65,1350,18,5400,0,64800
TVSMOTOR30Jan20440PE.NFO,07/01/2020,11:04:03,16.8,16.75,1350,18,5400,0,64800
TVSMOTOR30Jan20440PE.NFO,07/01/2020,11:04:04,16.8,16.9,1350,18,4050,0,64800
TVSMOTOR30Jan20440PE.NFO,07/01/2020,11:04:06,16.8,16.85,1350,18,4050,0,64800
TVSMOTOR30Jan20440PE.NFO,07/01/2020,11:04:07,16.8,16.9,1350,18,4050,0,64800
TVSMOTOR30Jan20440PE.NFO,07/01/2020,11:04:08,16.8,16.65,1350,18,4050,0,64800
TVSMOTOR30Jan20440PE.NFO,07/01/2020,11:04:09,16.8,16.85,1350,17.9,4050,0,64800
TVSMOTOR30Jan20440PE.NFO,07/01/2020,11:04:10,16.8,16.9,1350,17.9,4050,0,64800
TVSMOTOR30Jan20440PE.NFO,07/01/2020,11:04:12,16.8,16.8,1350,17.9,4050,0,64800
TVSMOTOR30Jan20440PE.NFO,07/01/2020,11:04:18,16.8,16.55,1350,17.65,1350,0,64800
TVSMOTOR30Jan20440PE.NFO,07/01/2020,11:04:25,16.8,16.75,1350,17.55,1350,0,64800
TVSMOTOR30Jan20440PE.NFO,07/01/2020,11:04:31,16.8,16.5,1350,17.65,1350,0,64800
TVSMOTOR30Jan20440PE.NFO,07/01/2020,11:04:38,16.8,16.85,1350,17.6,1350,0,64800
TVSMOTOR30Jan20440PE.NFO,07/01/2020,11:04:52,16.8,16.7,1350,17.6,1350,0,64800
TVSMOTOR30Jan20440PE.NFO,07/01/2020,11:04:59,16.8,16.95,1350,17.6,1350,0,64800
TVSMOTOR30Jan20440PE.NFO,07/01/2020,11:05:06,16.8,16.95,1350,17.75,1350,0,64800
TVSMOTOR30Jan20440PE.NFO,07/01/2020,11:05:15,16.8,17,1350,17.8,1350,0,64800
TVSMOTOR30Jan20440PE.NFO,07/01/2020,11:05:16,16.8,17,1350,17.75,2700,0,64800
TVSMOTOR30Jan20440PE.NFO,07/01/2020,11:05:16,16.8,16.85,1350,17.75,1350,0,64800
TVSMOTOR30Jan20440PE.NFO,07/01/2020,11:05:20,16.8,16.85,1350,17.65,1350,0,64800
TVSMOTOR30Jan20440PE.NFO,07/01/2020,11:05:21,16.8,16.9,1350,17.65,1350,0,64800
TVSMOTOR30Jan20440PE.NFO,07/01/2020,11:05:22,16.8,16.85,1350,17.65,1350,0,64800
TVSMOTOR30Jan20440PE.NFO,07/01/2020,11:05:24,16.8,16.9,1350,17.65,1350,0,64800
TVSMOTOR30Jan20440PE.NFO,07/01/2020,11:05:25,16.8,16.85,1350,17.65,1350,0,64800
TVSMOTOR30Jan20440PE.NFO,07/01/2020,11:05:27,16.8,16.9,1350,17.65,1350,0,64800
TVSMOTOR30Jan20440PE.NFO,07/01/2020,11:05:27,16.8,16.85,1350,17.65,1350,0,64800
TVSMOTOR30Jan20440PE.NFO,07/01/2020,11:05:30,16.8,16.85,1350,17.7,1350,0,64800
TVSMOTOR30Jan20440PE.NFO,07/01/2020,11:05:32,16.8,16.95,1350,17.7,1350,0,64800
TVSMOTOR30Jan20440PE.NFO,07/01/2020,11:05:33,16.8,17,1350,17.6,1350,0,64800
TVSMOTOR30Jan20440PE.NFO,07/01/2020,11:05:34,16.8,16.75,1350,17.7,1350,0,64800
TVSMOTOR30Jan20440PE.NFO,07/01/2020,11:05:35,16.8,16.85,1350,17.7,1350,0,64800
TVSMOTOR30Jan20440PE.NFO,07/01/2020,11:05:36,16.8,16.9,1350,17.6,1350,0,64800
TVSMOTOR30Jan20440PE.NFO,07/01/2020,11:05:37,16.8,16.85,1350,17.7,1350,0,64800
TVSMOTOR30Jan20440PE.NFO,07/01/2020,11:05:38,16.8,16.95,1350,17.7,1350,0,64800
TVSMOTOR30Jan20440PE.NFO,07/01/2020,11:05:39,16.8,17,1350,17.75,2700,0,64800
TVSMOTOR30Jan20440PE.NFO,07/01/2020,11:05:40,16.8,16.75,1350,17.5,1350,0,64800
TVSMOTOR30Jan20440PE.NFO,07/01/2020,11:05:41,16.8,16.85,1350,17.5,1350,0,64800
TVSMOTOR30Jan20440PE.NFO,07/01/2020,11:05:43,16.8,16.75,1350,17.5,1350,0,64800
TVSMOTOR30Jan20440PE.NFO,07/01/2020,11:05:43,16.8,16.85,1350,17.5,1350,0,64800
TVSMOTOR30Jan20440PE.NFO,07/01/2020,11:05:45,16.8,16.75,1350,17.5,1350,0,64800
TVSMOTOR30Jan20440PE.NFO,07/01/2020,11:05:46,16.8,16.85,1350,17.5,1350,0,64800
TVSMOTOR30Jan20440PE.NFO,07/01/2020,11:05:47,16.8,16.9,1350,17.5,1350,0,64800
TVSMOTOR30Jan20440PE.NFO,07/01/2020,11:05:48,16.8,16.75,1350,17.5,1350,0,64800
TVSMOTOR30Jan20440PE.NFO,07/01/2020,11:05:50,16.8,16.9,1350,17.5,1350,0,64800
TVSMOTOR30Jan20440PE.NFO,07/01/2020,11:05:51,16.8,16.75,1350,17.5,1350,0,64800
TVSMOTOR30Jan20440PE.NFO,07/01/2020,11:05:52,16.8,16.7,1350,17.45,2700,0,64800
TVSMOTOR30Jan20440PE.NFO,07/01/2020,11:05:53,16.8,16.8,1350,17.45,1350,0,64800
TVSMOTOR30Jan20440PE.NFO,07/01/2020,11:05:54,16.8,16.7,1350,17.45,1350,0,64800
TVSMOTOR30Jan20440PE.NFO,07/01/2020,11:05:55,16.8,16.75,1350,17.45,1350,0,64800
TVSMOTOR30Jan20440PE.NFO,07/01/2020,11:05:56,16.8,16.7,1350,17.45,1350,0,64800
TVSMOTOR30Jan20440PE.NFO,07/01/2020,11:05:57,16.8,16.7,1350,17.45,2700,0,64800
TVSMOTOR30Jan20440PE.NFO,07/01/2020,11:05:58,16.8,16.75,1350,17.45,2700,0,64800
TVSMOTOR30Jan20440PE.NFO,07/01/2020,11:05:59,16.8,16.7,1350,17.45,2700,0,64800
TVSMOTOR30Jan20440PE.NFO,07/01/2020,11:05:59,16.8,16.75,1350,17.45,2700,0,64800
TVSMOTOR30Jan20440PE.NFO,07/01/2020,11:06:01,16.8,16.7,1350,17.45,2700,0,64800
TVSMOTOR30Jan20440PE.NFO,07/01/2020,11:06:02,16.8,16.75,1350,17.45,2700,0,64800
TVSMOTOR30Jan20440PE.NFO,07/01/2020,11:06:03,16.8,16.7,1350,17.45,2700,0,64800
TVSMOTOR30Jan20440PE.NFO,07/01/2020,11:06:04,16.8,16.75,1350,17.45,2700,0,64800
TVSMOTOR30Jan20440PE.NFO,07/01/2020,11:06:05,16.8,16.65,1350,17.4,1350,0,64800
TVSMOTOR30Jan20440PE.NFO,07/01/2020,11:06:05,16.8,16.2,4050,17.3,1350,0,64800
TVSMOTOR30Jan20440PE.NFO,07/01/2020,11:06:07,16.8,16.3,4050,17.3,1350,0,64800
TVSMOTOR30Jan20440PE.NFO,07/01/2020,11:06:08,16.8,16.5,1350,17.3,1350,0,64800
TVSMOTOR30Jan20440PE.NFO,07/01/2020,11:06:10,16.8,16.55,1350,17.3,1350,0,64800
TVSMOTOR30Jan20440PE.NFO,07/01/2020,11:06:11,16.8,16.4,1350,17.3,1350,0,64800
TVSMOTOR30Jan20440PE.NFO,07/01/2020,11:06:13,16.8,16.55,1350,17.3,1350,0,64800
TVSMOTOR30Jan20440PE.NFO,07/01/2020,11:06:19,16.8,16.6,1350,17.35,1350,0,64800
TVSMOTOR30Jan20440PE.NFO,07/01/2020,11:06:25,16.8,16.5,1350,17.2,1350,0,64800
TVSMOTOR30Jan20440PE.NFO,07/01/2020,11:06:32,16.8,16.5,1350,17.45,4050,0,64800
TVSMOTOR30Jan20440PE.NFO,07/01/2020,11:06:42,16.8,16.55,1350,17.45,2700,0,64800
TVSMOTOR30Jan20440PE.NFO,07/01/2020,11:06:47,16.8,16.55,1350,17.35,2700,0,64800
TVSMOTOR30Jan20440PE.NFO,07/01/2020,11:06:53,16.8,16.55,1350,17.25,1350,0,64800
TVSMOTOR30Jan20440PE.NFO,07/01/2020,11:06:58,16.8,16.45,1350,17.25,1350,0,64800
TVSMOTOR30Jan20440PE.NFO,07/01/2020,11:07:04,16.8,16.7,1350,17.35,1350,0,64800
TVSMOTOR30Jan20440PE.NFO,07/01/2020,11:07:09,16.8,16.55,1350,17.4,1350,0,64800
TVSMOTOR30Jan20440PE.NFO,07/01/2020,11:07:12,16.8,16.7,1350,17.4,1350,0,64800
TVSMOTOR30Jan20440PE.NFO,07/01/2020,11:07:13,16.8,16.55,1350,17.4,1350,0,64800
TVSMOTOR30Jan20440PE.NFO,07/01/2020,11:07:14,16.8,16.7,1350,17.45,1350,0,64800
TVSMOTOR30Jan20440PE.NFO,07/01/2020,11:07:15,16.8,16.7,1350,17.3,1350,0,64800
TVSMOTOR30Jan20440PE.NFO,07/01/2020,11:07:16,16.8,16.55,1350,17.3,1350,0,64800
TVSMOTOR30Jan20440PE.NFO,07/01/2020,11:07:18,16.8,16.65,1350,17.25,1350,0,64800
TVSMOTOR30Jan20440PE.NFO,07/01/2020,11:07:18,16.8,16.7,1350,17.3,1350,0,64800
TVSMOTOR30Jan20440PE.NFO,07/01/2020,11:07:19,16.8,16.45,1350,17.25,1350,0,64800
TVSMOTOR30Jan20440PE.NFO,07/01/2020,11:07:20,16.8,16.55,1350,17.2,1350,0,64800
TVSMOTOR30Jan20440PE.NFO,07/01/2020,11:07:21,16.8,16.6,1350,17.3,1350,0,64800
TVSMOTOR30Jan20440PE.NFO,07/01/2020,11:07:22,16.8,16.45,1350,17.3,1350,0,64800
TVSMOTOR30Jan20440PE.NFO,07/01/2020,11:07:23,16.8,16.6,1350,17.25,1350,0,64800
TVSMOTOR30Jan20440PE.NFO,07/01/2020,11:07:24,16.8,16.45,1350,17.25,1350,0,64800
TVSMOTOR30Jan20440PE.NFO,07/01/2020,11:07:26,16.8,16.55,1350,17.25,1350,0,64800
TVSMOTOR30Jan20440PE.NFO,07/01/2020,11:07:28,16.8,16.7,1350,17.2,1350,0,64800
TVSMOTOR30Jan20440PE.NFO,07/01/2020,11:07:29,16.8,16.45,1350,17.3,1350,0,64800
TVSMOTOR30Jan20440PE.NFO,07/01/2020,11:07:30,16.8,16.65,1350,17.2,1350,0,64800
TVSMOTOR30Jan20440PE.NFO,07/01/2020,11:07:31,16.8,16.65,1350,17.3,1350,0,64800
TVSMOTOR30Jan20440PE.NFO,07/01/2020,11:07:32,16.8,16.7,1350,17.3,2700,0,64800
TVSMOTOR30Jan20440PE.NFO,07/01/2020,11:07:32,16.8,16.45,1350,17.3,1350,0,64800
TVSMOTOR30Jan20440PE.NFO,07/01/2020,11:07:34,16.8,16.55,1350,17.3,1350,0,64800
TVSMOTOR30Jan20440PE.NFO,07/01/2020,11:07:35,16.8,16.6,1350,17.2,1350,0,64800
TVSMOTOR30Jan20440PE.NFO,07/01/2020,11:07:36,16.8,16.45,1350,17.25,2700,0,64800
TVSMOTOR30Jan20440PE.NFO,07/01/2020,11:07:37,16.8,16.55,1350,17.35,1350,0,64800
TVSMOTOR30Jan20440PE.NFO,07/01/2020,11:07:38,16.8,16.6,1350,17.25,1350,0,64800
TVSMOTOR30Jan20440PE.NFO,07/01/2020,11:07:39,16.8,16.45,1350,17.25,1350,0,64800
TVSMOTOR30Jan20440PE.NFO,07/01/2020,11:07:40,16.8,16.6,1350,17.2,2700,0,64800
TVSMOTOR30Jan20440PE.NFO,07/01/2020,11:07:41,16.8,16.45,1350,17.2,1350,0,64800
TVSMOTOR30Jan20440PE.NFO,07/01/2020,11:07:42,16.8,16.55,1350,17.2,1350,0,64800
TVSMOTOR30Jan20440PE.NFO,07/01/2020,11:07:45,16.8,16.4,1350,17.25,1350,0,64800
TVSMOTOR30Jan20440PE.NFO,07/01/2020,11:07:46,16.8,16.55,1350,17.15,1350,0,64800
TVSMOTOR30Jan20440PE.NFO,07/01/2020,11:07:47,16.8,16.6,1350,17.25,1350,0,64800
TVSMOTOR30Jan20440PE.NFO,07/01/2020,11:07:48,16.8,16.4,1350,17.3,1350,0,64800
TVSMOTOR30Jan20440PE.NFO,07/01/2020,11:07:48,16.8,16.5,1350,17.35,1350,0,64800
TVSMOTOR30Jan20440PE.NFO,07/01/2020,11:07:49,16.8,16.6,1350,17.2,1350,0,64800
TVSMOTOR30Jan20440PE.NFO,07/01/2020,11:07:50,16.8,16.65,1350,17.25,1350,0,64800
TVSMOTOR30Jan20440PE.NFO,07/01/2020,11:07:51,16.8,16.4,1350,17.35,1350,0,64800
TVSMOTOR30Jan20440PE.NFO,07/01/2020,11:07:52,16.8,16.5,1350,17.2,1350,0,64800
TVSMOTOR30Jan20440PE.NFO,07/01/2020,11:07:54,16.8,16.6,1350,17.25,1350,0,64800
TVSMOTOR30Jan20440PE.NFO,07/01/2020,11:07:56,16.8,16.4,1350,17.3,1350,0,64800
TVSMOTOR30Jan20440PE.NFO,07/01/2020,11:07:57,16.8,16.6,1350,17.25,1350,0,64800
TVSMOTOR30Jan20440PE.NFO,07/01/2020,11:07:58,16.8,16.65,1350,17.25,1350,0,64800
TVSMOTOR30Jan20440PE.NFO,07/01/2020,11:07:58,16.8,16.65,1350,17.2,1350,0,64800
TVSMOTOR30Jan20440PE.NFO,07/01/2020,11:07:59,16.8,16.5,1350,17.3,1350,0,64800
TVSMOTOR30Jan20440PE.NFO,07/01/2020,11:08:01,16.8,16.65,1350,17.3,1350,0,64800
TVSMOTOR30Jan20440PE.NFO,07/01/2020,11:08:01,16.8,16.65,1350,17.35,1350,0,64800
TVSMOTOR30Jan20440PE.NFO,07/01/2020,11:08:03,16.8,16.4,1350,17.5,2700,0,64800
TVSMOTOR30Jan20440PE.NFO,07/01/2020,11:08:04,16.8,16.5,1350,17.5,1350,0,64800
TVSMOTOR30Jan20440PE.NFO,07/01/2020,11:08:05,16.8,16.7,1350,17.5,1350,0,64800
TVSMOTOR30Jan20440PE.NFO,07/01/2020,11:08:06,16.8,16.75,1350,17.35,1350,0,64800
TVSMOTOR30Jan20440PE.NFO,07/01/2020,11:08:07,16.8,16.4,1350,17.65,1350,0,64800
TVSMOTOR30Jan20440PE.NFO,07/01/2020,11:08:08,16.8,16.6,1350,17.35,1350,0,64800
TVSMOTOR30Jan20440PE.NFO,07/01/2020,11:08:09,16.8,16.65,1350,17.45,1350,0,64800
TVSMOTOR30Jan20440PE.NFO,07/01/2020,11:08:09,16.8,16.75,1350,17.3,1350,0,64800
TVSMOTOR30Jan20440PE.NFO,07/01/2020,11:08:11,16.8,16.35,4050,17.3,1350,0,64800
TVSMOTOR30Jan20440PE.NFO,07/01/2020,11:08:11,16.8,16.35,1350,17.3,1350,0,64800
TVSMOTOR30Jan20440PE.NFO,07/01/2020,11:08:13,16.8,16.6,1350,17.3,1350,0,64800
TVSMOTOR30Jan20440PE.NFO,07/01/2020,11:08:14,16.8,16.55,1350,17.3,1350,0,64800
TVSMOTOR30Jan20440PE.NFO,07/01/2020,11:08:15,16.8,16.6,1350,17.3,1350,0,64800
TVSMOTOR30Jan20440PE.NFO,07/01/2020,11:08:16,16.8,16.65,1350,17.3,1350,0,64800
TVSMOTOR30Jan20440PE.NFO,07/01/2020,11:08:17,16.8,16.7,1350,17.3,1350,0,64800
TVSMOTOR30Jan20440PE.NFO,07/01/2020,11:08:19,16.8,16.6,1350,17.3,1350,0,64800
TVSMOTOR30Jan20440PE.NFO,07/01/2020,11:08:20,16.8,16.65,1350,17.3,1350,0,64800
TVSMOTOR30Jan20440PE.NFO,07/01/2020,11:08:21,16.8,16.6,1350,17.3,1350,0,64800
TVSMOTOR30Jan20440PE.NFO,07/01/2020,11:08:23,16.8,16.6,1350,17.25,1350,0,64800
TVSMOTOR30Jan20440PE.NFO,07/01/2020,11:08:25,16.8,16.65,1350,17.4,1350,0,64800
TVSMOTOR30Jan20440PE.NFO,07/01/2020,11:08:27,16.8,16.55,1350,17.3,1350,0,64800
TVSMOTOR30Jan20440PE.NFO,07/01/2020,11:08:29,16.8,16.65,1350,17.25,1350,0,64800
TVSMOTOR30Jan20440PE.NFO,07/01/2020,11:08:31,16.8,16.6,1350,17.2,1350,0,64800
TVSMOTOR30Jan20440PE.NFO,07/01/2020,11:08:32,16.8,16.65,1350,17.35,2700,0,64800
TVSMOTOR30Jan20440PE.NFO,07/01/2020,11:08:34,16.8,16.5,1350,17.2,1350,0,64800
TVSMOTOR30Jan20440PE.NFO,07/01/2020,11:08:35,16.8,16.6,1350,17.15,1350,0,64800
TVSMOTOR30Jan20440PE.NFO,07/01/2020,11:08:36,16.8,16.4,1350,17.4,1350,0,64800
TVSMOTOR30Jan20440PE.NFO,07/01/2020,11:08:38,16.8,16.6,1350,17.3,1350,0,64800
TVSMOTOR30Jan20440PE.NFO,07/01/2020,11:08:39,16.8,16.3,2700,17.35,1350,0,64800
TVSMOTOR30Jan20440PE.NFO,07/01/2020,11:08:40,16.8,16.45,1350,17.35,1350,0,64800
TVSMOTOR30Jan20440PE.NFO,07/01/2020,11:08:41,16.8,16.6,1350,17.35,1350,0,64800
TVSMOTOR30Jan20440PE.NFO,07/01/2020,11:08:42,16.8,16.4,1350,17.5,1350,0,64800
TVSMOTOR30Jan20440PE.NFO,07/01/2020,11:08:45,16.8,16.65,1350,17.45,1350,0,64800
TVSMOTOR30Jan20440PE.NFO,07/01/2020,11:08:46,16.8,16.7,1350,17.3,1350,0,64800
TVSMOTOR30Jan20440PE.NFO,07/01/2020,11:08:47,16.8,16.4,1350,17.4,1350,0,64800
TVSMOTOR30Jan20440PE.NFO,07/01/2020,11:08:48,16.8,16.5,1350,17.4,1350,0,64800
TVSMOTOR30Jan20440PE.NFO,07/01/2020,11:08:49,16.8,16.55,1350,17.25,1350,0,64800
TVSMOTOR30Jan20440PE.NFO,07/01/2020,11:08:50,16.8,16.55,1350,17.3,1350,0,64800
TVSMOTOR30Jan20440PE.NFO,07/01/2020,11:08:51,16.8,16.6,1350,17.5,4050,0,64800
TVSMOTOR30Jan20440PE.NFO,07/01/2020,11:08:52,16.8,16.45,1350,17.5,4050,0,64800
TVSMOTOR30Jan20440PE.NFO,07/01/2020,11:08:53,16.8,16.6,1350,17.5,4050,0,64800
TVSMOTOR30Jan20440PE.NFO,07/01/2020,11:08:54,16.8,16.55,1350,17.5,4050,0,64800
TVSMOTOR30Jan20440PE.NFO,07/01/2020,11:08:54,16.8,16.6,1350,17.5,4050,0,64800
TVSMOTOR30Jan20440PE.NFO,07/01/2020,11:08:55,16.8,16.65,1350,17.5,4050,0,64800
TVSMOTOR30Jan20440PE.NFO,07/01/2020,11:08:57,16.8,16.7,1350,17.5,1350,0,64800
TVSMOTOR30Jan20440PE.NFO,07/01/2020,11:08:58,16.8,16.75,1350,17.4,1350,0,64800
TVSMOTOR30Jan20440PE.NFO,07/01/2020,11:08:59,16.8,16.55,1350,17.45,1350,0,64800
TVSMOTOR30Jan20440PE.NFO,07/01/2020,11:08:59,16.8,16.65,1350,17.45,1350,0,64800
TVSMOTOR30Jan20440PE.NFO,07/01/2020,11:09:02,16.8,16.6,1350,17.25,1350,0,64800
TVSMOTOR30Jan20440PE.NFO,07/01/2020,11:09:02,16.8,16.6,1350,17.35,1350,0,64800
TVSMOTOR30Jan20440PE.NFO,07/01/2020,11:09:05,16.8,16.6,1350,17.3,1350,0,64800
TVSMOTOR30Jan20440PE.NFO,07/01/2020,11:09:06,16.8,16.7,1350,17.35,2700,0,64800
TVSMOTOR30Jan20440PE.NFO,07/01/2020,11:09:07,16.8,16.6,1350,17.35,2700,0,64800
TVSMOTOR30Jan20440PE.NFO,07/01/2020,11:09:08,16.8,16.65,1350,17.35,2700,0,64800
TVSMOTOR30Jan20440PE.NFO,07/01/2020,11:09:11,16.8,16.45,1350,17.35,1350,0,64800
TVSMOTOR30Jan20440PE.NFO,07/01/2020,11:09:12,16.8,16.6,1350,17.25,1350,0,64800
TVSMOTOR30Jan20440PE.NFO,07/01/2020,11:09:17,16.8,16.55,1350,17.35,1350,0,64800
TVSMOTOR30Jan20440PE.NFO,07/01/2020,11:09:23,16.8,16.65,1350,17.45,1350,0,64800
TVSMOTOR30Jan20440PE.NFO,07/01/2020,11:09:33,16.8,16.7,1350,17.3,1350,0,64800
TVSMOTOR30Jan20440PE.NFO,07/01/2020,11:09:38,16.8,16.55,1350,17.55,2700,0,64800
TVSMOTOR30Jan20440PE.NFO,07/01/2020,11:09:44,16.8,16.65,1350,17.45,1350,0,64800
TVSMOTOR30Jan20440PE.NFO,07/01/2020,11:09:48,16.8,16.7,1350,17.45,1350,0,64800
TVSMOTOR30Jan20440PE.NFO,07/01/2020,11:09:56,16.8,16.45,1350,17.35,1350,0,64800
TVSMOTOR30Jan20440PE.NFO,07/01/2020,11:10:05,16.8,16.55,1350,17.45,1350,0,64800
TVSMOTOR30Jan20440PE.NFO,07/01/2020,11:10:15,16.8,16.65,1350,17.45,1350,0,64800
TVSMOTOR30Jan20440PE.NFO,07/01/2020,11:10:20,16.8,16.75,1350,17.4,1350,0,64800
TVSMOTOR30Jan20440PE.NFO,07/01/2020,11:10:24,16.8,16.55,1350,17.3,1350,0,64800
TVSMOTOR30Jan20440PE.NFO,07/01/2020,11:10:29,16.8,16.6,1350,17.4,1350,0,64800
TVSMOTOR30Jan20440PE.NFO,07/01/2020,11:10:32,16.8,16.45,1350,17.35,1350,0,64800
TVSMOTOR30Jan20440PE.NFO,07/01/2020,11:10:35,16.8,16.45,1350,17.25,1350,0,64800
TVSMOTOR30Jan20440PE.NFO,07/01/2020,11:10:39,16.8,16.55,1350,17.45,1350,0,64800
TVSMOTOR30Jan20440PE.NFO,07/01/2020,11:10:43,16.8,16.55,1350,17.35,1350,0,64800
TVSMOTOR30Jan20440PE.NFO,07/01/2020,11:10:49,16.8,16.55,1350,17.25,1350,0,64800
TVSMOTOR30Jan20440PE.NFO,07/01/2020,11:10:57,16.8,16.45,1350,17.25,1350,0,64800
TVSMOTOR30Jan20440PE.NFO,07/01/2020,11:11:00,16.8,16.8,1350,17.4,1350,0,64800
TVSMOTOR30Jan20440PE.NFO,07/01/2020,11:11:04,16.8,16.85,1350,17.5,1350,0,64800
TVSMOTOR30Jan20440PE.NFO,07/01/2020,11:11:09,16.8,16.8,1350,17.5,1350,0,64800
TVSMOTOR30Jan20440PE.NFO,07/01/2020,11:11:14,16.8,16.65,2700,17.5,1350,0,64800
TVSMOTOR30Jan20440PE.NFO,07/01/2020,11:11:21,16.8,16.65,2700,17.6,1350,0,64800
TVSMOTOR30Jan20440PE.NFO,07/01/2020,11:11:29,16.8,16.65,2700,17.65,1350,0,64800
TVSMOTOR30Jan20440PE.NFO,07/01/2020,11:12:06,16.8,16.65,2700,17.9,1350,0,64800
TVSMOTOR30Jan20440PE.NFO,07/01/2020,11:12:14,16.8,17.05,1350,17.9,1350,0,64800
TVSMOTOR30Jan20440PE.NFO,07/01/2020,11:12:21,16.8,17.2,1350,17.9,1350,0,64800
TVSMOTOR30Jan20440PE.NFO,07/01/2020,11:12:26,16.8,16.95,1350,17.9,1350,0,64800
TVSMOTOR30Jan20440PE.NFO,07/01/2020,11:12:32,16.8,16.8,1350,17.75,1350,0,64800
TVSMOTOR30Jan20440PE.NFO,07/01/2020,11:12:38,16.8,16.9,1350,17.65,2700,0,64800
TVSMOTOR30Jan20440PE.NFO,07/01/2020,11:12:43,16.8,17,1350,17.65,2700,0,64800
TVSMOTOR30Jan20440PE.NFO,07/01/2020,11:13:04,16.8,16.95,1350,17.65,2700,0,64800
TVSMOTOR30Jan20440PE.NFO,07/01/2020,11:13:09,16.8,17.05,1350,17.7,1350,0,64800
TVSMOTOR30Jan20440PE.NFO,07/01/2020,11:13:14,16.8,17,1350,17.7,2700,0,64800
TVSMOTOR30Jan20440PE.NFO,07/01/2020,11:13:20,16.8,16.95,1350,17.7,2700,0,64800
TVSMOTOR30Jan20440PE.NFO,07/01/2020,11:13:26,16.8,16.9,1350,17.7,2700,0,64800
TVSMOTOR30Jan20440PE.NFO,07/01/2020,11:13:31,16.8,16.95,1350,17.7,2700,0,64800
TVSMOTOR30Jan20440PE.NFO,07/01/2020,11:13:37,16.8,16.65,1350,17.5,1350,0,64800
TVSMOTOR30Jan20440PE.NFO,07/01/2020,11:13:43,16.8,16.8,1350,17.45,2700,0,64800
TVSMOTOR30Jan20440PE.NFO,07/01/2020,11:13:49,16.8,16.7,1350,17.35,1350,0,64800
TVSMOTOR30Jan20440PE.NFO,07/01/2020,11:14:00,16.8,16.65,1350,17.35,1350,0,64800
TVSMOTOR30Jan20440PE.NFO,07/01/2020,11:14:05,16.8,16.55,1350,17.35,1350,0,64800
TVSMOTOR30Jan20440PE.NFO,07/01/2020,11:14:10,16.8,16.85,1350,17.45,1350,0,64800
TVSMOTOR30Jan20440PE.NFO,07/01/2020,11:14:15,16.8,16.75,1350,17.4,2700,0,64800
TVSMOTOR30Jan20440PE.NFO,07/01/2020,11:14:20,16.8,16.8,1350,17.5,1350,0,64800
TVSMOTOR30Jan20440PE.NFO,07/01/2020,11:14:26,16.8,16.85,1350,17.4,1350,0,64800
TVSMOTOR30Jan20440PE.NFO,07/01/2020,11:14:30,16.8,16.7,1350,17.45,2700,0,64800
TVSMOTOR30Jan20440PE.NFO,07/01/2020,11:14:35,16.8,16.75,1350,17.45,2700,0,64800
TVSMOTOR30Jan20440PE.NFO,07/01/2020,11:14:39,16.8,16.7,1350,17.45,2700,0,64800
TVSMOTOR30Jan20440PE.NFO,07/01/2020,11:14:44,16.8,16.85,1350,17.45,1350,0,64800
TVSMOTOR30Jan20440PE.NFO,07/01/2020,11:14:48,16.8,16.8,1350,17.45,1350,0,64800
TVSMOTOR30Jan20440PE.NFO,07/01/2020,11:14:53,16.8,16.7,1350,17.45,1350,0,64800
TVSMOTOR30Jan20440PE.NFO,07/01/2020,11:14:59,16.8,16.9,1350,17.5,1350,0,64800
TVSMOTOR30Jan20440PE.NFO,07/01/2020,11:15:05,16.8,16.95,1350,17.5,1350,0,64800
TVSMOTOR30Jan20440PE.NFO,07/01/2020,11:15:12,16.8,16.9,1350,17.65,2700,0,64800
TVSMOTOR30Jan20440PE.NFO,07/01/2020,11:15:18,16.8,17,1350,17.7,1350,0,64800
TVSMOTOR30Jan20440PE.NFO,07/01/2020,11:15:23,16.8,16.9,1350,17.55,1350,0,64800
TVSMOTOR30Jan20440PE.NFO,07/01/2020,11:15:29,16.8,16.95,1350,17.55,1350,0,64800
TVSMOTOR30Jan20440PE.NFO,07/01/2020,11:15:34,16.8,16.75,1350,17.45,1350,0,64800
TVSMOTOR30Jan20440PE.NFO,07/01/2020,11:15:39,16.8,16.65,1350,17.45,1350,0,64800
TVSMOTOR30Jan20440PE.NFO,07/01/2020,11:15:43,16.8,16.8,1350,17.45,2700,0,64800
TVSMOTOR30Jan20440PE.NFO,07/01/2020,11:15:48,16.8,16.75,1350,17.45,2700,0,64800
TVSMOTOR30Jan20440PE.NFO,07/01/2020,11:15:51,16.8,16.8,1350,17.45,2700,0,64800
TVSMOTOR30Jan20440PE.NFO,07/01/2020,11:15:56,16.8,16.75,1350,17.45,2700,0,64800
TVSMOTOR30Jan20440PE.NFO,07/01/2020,11:16:01,16.8,16.6,1350,17.45,1350,0,64800
TVSMOTOR30Jan20440PE.NFO,07/01/2020,11:16:07,16.8,16.8,1350,17.45,1350,0,64800
TVSMOTOR30Jan20440PE.NFO,07/01/2020,11:16:13,16.8,16.85,1350,17.45,1350,0,64800
TVSMOTOR30Jan20440PE.NFO,07/01/2020,11:16:19,16.8,16.75,1350,17.45,2700,0,64800
TVSMOTOR30Jan20440PE.NFO,07/01/2020,11:16:25,16.8,16.7,1350,17.45,1350,0,64800
TVSMOTOR30Jan20440PE.NFO,07/01/2020,11:16:36,16.8,16.65,1350,17.45,1350,0,64800
TVSMOTOR30Jan20440PE.NFO,07/01/2020,11:16:40,16.8,16.8,1350,17.4,2700,0,64800
TVSMOTOR30Jan20440PE.NFO,07/01/2020,11:16:45,16.8,16.75,1350,17.4,2700,0,64800
TVSMOTOR30Jan20440PE.NFO,07/01/2020,11:16:51,16.8,16.6,1350,17.4,1350,0,64800
TVSMOTOR30Jan20440PE.NFO,07/01/2020,11:16:57,16.8,16.85,1350,17.45,1350,0,64800
TVSMOTOR30Jan20440PE.NFO,07/01/2020,11:17:02,16.8,16.55,1350,17.45,1350,0,64800
TVSMOTOR30Jan20440PE.NFO,07/01/2020,11:17:07,16.8,16.6,1350,17.35,1350,0,64800
TVSMOTOR30Jan20440PE.NFO,07/01/2020,11:17:12,16.8,16.6,1350,17.45,1350,0,64800
TVSMOTOR30Jan20440PE.NFO,07/01/2020,11:17:17,16.8,16.65,1350,17.3,1350,0,64800
