Ticker,Date,Time,LTP,BuyPrice,BuyQty,SellPrice,SellQty,LTQ,OpenInterest
TVSMOTOR30Jan20490CE.NFO,07/01/2020,09:16:08,3.9,1.85,12150,4.8,22950,1350,71550
TVSMOTOR30Jan20490CE.NFO,07/01/2020,09:16:08,3.9,1.85,12150,4.8,22950,0,71550
TVSMOTOR30Jan20490CE.NFO,07/01/2020,09:16:08,3.9,1.85,12150,4.8,22950,0,71550
TVSMOTOR30Jan20490CE.NFO,07/01/2020,09:16:08,3.9,1.85,12150,4.8,22950,0,71550
TVSMOTOR30Jan20490CE.NFO,07/01/2020,09:16:20,3.9,1.85,17550,4.8,22950,0,71550
TVSMOTOR30Jan20490CE.NFO,07/01/2020,09:16:51,3.9,2.05,4050,4.8,22950,0,71550
TVSMOTOR30Jan20490CE.NFO,07/01/2020,09:17:00,3.9,2.05,4050,4.45,1350,0,71550
TVSMOTOR30Jan20490CE.NFO,07/01/2020,09:17:18,3.9,2.05,6750,4.45,1350,0,71550
TVSMOTOR30Jan20490CE.NFO,07/01/2020,09:17:28,3.9,2.05,4050,4.45,1350,0,71550
TVSMOTOR30Jan20490CE.NFO,07/01/2020,09:17:39,3.9,2.05,4050,4.45,6750,0,71550
TVSMOTOR30Jan20490CE.NFO,07/01/2020,09:18:09,3.9,2.05,12150,4.45,1350,0,71550
TVSMOTOR30Jan20490CE.NFO,07/01/2020,09:18:27,3.9,2.05,12150,4.15,1350,0,71550
TVSMOTOR30Jan20490CE.NFO,07/01/2020,09:18:36,3.9,2.05,1350,4.15,4050,0,71550
TVSMOTOR30Jan20490CE.NFO,07/01/2020,09:18:45,3.9,2.05,1350,4.15,1350,0,71550
TVSMOTOR30Jan20490CE.NFO,07/01/2020,09:18:54,3.9,2.05,1350,4,1350,0,71550
TVSMOTOR30Jan20490CE.NFO,07/01/2020,09:19:03,3.9,2.05,1350,3.95,1350,0,71550
TVSMOTOR30Jan20490CE.NFO,07/01/2020,09:19:20,3.9,2.5,2700,3.8,2700,0,71550
TVSMOTOR30Jan20490CE.NFO,07/01/2020,09:19:53,3.9,2.6,2700,3.8,2700,0,71550
TVSMOTOR30Jan20490CE.NFO,07/01/2020,09:20:55,3.9,2.7,2700,3.8,2700,0,71550
TVSMOTOR30Jan20490CE.NFO,07/01/2020,09:21:03,3.9,2.7,2700,3.7,2700,0,71550
TVSMOTOR30Jan20490CE.NFO,07/01/2020,09:22:22,3.9,2.8,2700,3.7,2700,0,71550
TVSMOTOR30Jan20490CE.NFO,07/01/2020,09:22:51,3.9,2.8,2700,3.6,2700,0,71550
TVSMOTOR30Jan20490CE.NFO,07/01/2020,09:24:46,3.9,2.8,2700,3.5,2700,0,71550
TVSMOTOR30Jan20490CE.NFO,07/01/2020,09:25:27,3.9,2.8,2700,3.3,2700,0,71550
TVSMOTOR30Jan20490CE.NFO,07/01/2020,09:25:51,3.9,2.7,2700,3.2,2700,0,71550
TVSMOTOR30Jan20490CE.NFO,07/01/2020,09:26:05,3.9,2.75,2700,3.2,2700,0,71550
TVSMOTOR30Jan20490CE.NFO,07/01/2020,09:26:26,3.9,2.8,2700,3.2,2700,0,71550
TVSMOTOR30Jan20490CE.NFO,07/01/2020,09:27:03,3.9,2.8,1350,3.2,2700,0,71550
TVSMOTOR30Jan20490CE.NFO,07/01/2020,09:27:13,3.9,2.75,1350,3.2,2700,0,71550
TVSMOTOR30Jan20490CE.NFO,07/01/2020,09:27:19,3.9,2.8,1350,3.2,2700,0,71550
TVSMOTOR30Jan20490CE.NFO,07/01/2020,09:28:02,3.9,2.8,2700,3.2,2700,0,71550
TVSMOTOR30Jan20490CE.NFO,07/01/2020,09:28:15,3.9,2.7,2700,3.1,2700,0,71550
TVSMOTOR30Jan20490CE.NFO,07/01/2020,09:29:26,3.9,2.7,1350,3,2700,0,71550
TVSMOTOR30Jan20490CE.NFO,07/01/2020,09:29:33,3.9,2.65,1350,3,2700,0,71550
TVSMOTOR30Jan20490CE.NFO,07/01/2020,09:29:57,3.9,2.65,4050,3,2700,0,71550
TVSMOTOR30Jan20490CE.NFO,07/01/2020,09:30:30,3.9,2.65,2700,3,2700,0,71550
TVSMOTOR30Jan20490CE.NFO,07/01/2020,09:33:08,3.9,2.65,1350,3,2700,0,71550
TVSMOTOR30Jan20490CE.NFO,07/01/2020,09:33:39,3.9,2.65,2700,3,2700,0,71550
TVSMOTOR30Jan20490CE.NFO,07/01/2020,09:33:44,3.9,2.65,1350,3,2700,0,71550
TVSMOTOR30Jan20490CE.NFO,07/01/2020,09:33:55,3.9,2.65,2700,3,2700,0,71550
TVSMOTOR30Jan20490CE.NFO,07/01/2020,09:34:06,3.9,2.65,1350,2.9,2700,0,71550
TVSMOTOR30Jan20490CE.NFO,07/01/2020,09:34:17,3.9,2.65,2700,2.9,2700,0,71550
TVSMOTOR30Jan20490CE.NFO,07/01/2020,09:34:23,3.9,2.65,1350,2.9,2700,0,71550
TVSMOTOR30Jan20490CE.NFO,07/01/2020,09:34:35,3.9,2.65,2700,2.9,2700,0,71550
TVSMOTOR30Jan20490CE.NFO,07/01/2020,09:35:15,2.9,2.7,2700,2.9,1350,1350,72900
TVSMOTOR30Jan20490CE.NFO,07/01/2020,09:35:15,2.9,2.7,2700,2.9,1350,0,72900
TVSMOTOR30Jan20490CE.NFO,07/01/2020,09:35:38,2.9,2.7,2700,2.9,1350,0,72900
TVSMOTOR30Jan20490CE.NFO,07/01/2020,09:35:45,2.9,2.7,1350,2.9,1350,0,72900
TVSMOTOR30Jan20490CE.NFO,07/01/2020,09:36:14,2.9,2.75,2700,2.9,1350,0,72900
TVSMOTOR30Jan20490CE.NFO,07/01/2020,09:36:47,2.9,2.7,1350,2.9,1350,0,72900
TVSMOTOR30Jan20490CE.NFO,07/01/2020,09:36:53,2.9,2.75,2700,2.9,1350,0,72900
TVSMOTOR30Jan20490CE.NFO,07/01/2020,09:37:09,2.9,2.7,1350,2.9,1350,0,72900
TVSMOTOR30Jan20490CE.NFO,07/01/2020,09:37:20,2.9,2.75,1350,2.9,1350,0,72900
TVSMOTOR30Jan20490CE.NFO,07/01/2020,09:37:45,2.9,2.75,2700,2.9,1350,0,72900
TVSMOTOR30Jan20490CE.NFO,07/01/2020,09:37:54,2.9,2.75,1350,2.9,1350,0,72900
TVSMOTOR30Jan20490CE.NFO,07/01/2020,09:37:59,2.9,2.75,2700,2.9,1350,0,72900
TVSMOTOR30Jan20490CE.NFO,07/01/2020,09:38:10,2.9,2.75,1350,2.9,1350,0,72900
TVSMOTOR30Jan20490CE.NFO,07/01/2020,09:38:21,2.9,2.75,2700,2.9,1350,0,72900
TVSMOTOR30Jan20490CE.NFO,07/01/2020,09:38:54,2.9,2.7,1350,2.9,1350,0,72900
TVSMOTOR30Jan20490CE.NFO,07/01/2020,09:39:14,2.9,2.8,2700,3,1350,0,72900
TVSMOTOR30Jan20490CE.NFO,07/01/2020,09:40:20,2.9,2.8,1350,2.95,2700,0,72900
TVSMOTOR30Jan20490CE.NFO,07/01/2020,09:40:26,2.9,2.8,1350,2.95,1350,0,72900
TVSMOTOR30Jan20490CE.NFO,07/01/2020,09:40:42,2.9,2.8,1350,3,1350,0,72900
TVSMOTOR30Jan20490CE.NFO,07/01/2020,09:41:36,2.9,2.9,1350,3.05,2700,0,72900
TVSMOTOR30Jan20490CE.NFO,07/01/2020,09:42:05,2.9,2.85,4050,3.05,2700,0,72900
TVSMOTOR30Jan20490CE.NFO,07/01/2020,09:42:26,2.9,2.85,4050,3.05,1350,0,72900
TVSMOTOR30Jan20490CE.NFO,07/01/2020,09:42:54,2.9,2.8,1350,3,2700,0,72900
TVSMOTOR30Jan20490CE.NFO,07/01/2020,09:43:42,2.9,2.8,1350,2.95,2700,0,72900
TVSMOTOR30Jan20490CE.NFO,07/01/2020,09:43:57,2.9,2.8,1350,2.95,1350,0,72900
TVSMOTOR30Jan20490CE.NFO,07/01/2020,09:44:31,2.9,2.75,2700,2.95,1350,0,72900
TVSMOTOR30Jan20490CE.NFO,07/01/2020,09:44:40,2.9,2.75,2700,3,2700,0,72900
TVSMOTOR30Jan20490CE.NFO,07/01/2020,09:44:55,2.9,2.75,2700,3,1350,0,72900
TVSMOTOR30Jan20490CE.NFO,07/01/2020,09:45:14,2.9,2.85,2700,3,1350,0,72900
TVSMOTOR30Jan20490CE.NFO,07/01/2020,09:45:21,2.9,2.85,1350,3,1350,0,72900
TVSMOTOR30Jan20490CE.NFO,07/01/2020,09:45:55,2.9,2.8,2700,3,1350,0,72900
TVSMOTOR30Jan20490CE.NFO,07/01/2020,09:46:06,2.9,2.8,1350,3,1350,0,72900
TVSMOTOR30Jan20490CE.NFO,07/01/2020,09:46:39,2.9,2.8,2700,2.95,1350,0,72900
TVSMOTOR30Jan20490CE.NFO,07/01/2020,09:47:01,2.9,2.8,1350,2.95,1350,0,72900
TVSMOTOR30Jan20490CE.NFO,07/01/2020,09:47:10,2.9,2.8,1350,3,1350,0,72900
TVSMOTOR30Jan20490CE.NFO,07/01/2020,09:47:15,2.9,2.8,1350,2.9,1350,0,72900
TVSMOTOR30Jan20490CE.NFO,07/01/2020,09:49:24,2.9,2.75,2700,2.9,2700,0,72900
TVSMOTOR30Jan20490CE.NFO,07/01/2020,09:49:30,2.9,2.75,2700,2.9,1350,0,72900
TVSMOTOR30Jan20490CE.NFO,07/01/2020,09:49:57,2.9,2.8,2700,2.9,1350,0,72900
TVSMOTOR30Jan20490CE.NFO,07/01/2020,09:50:40,2.9,2.8,2700,2.85,1350,0,72900
TVSMOTOR30Jan20490CE.NFO,07/01/2020,09:50:49,2.9,2.8,1350,2.9,2700,0,72900
TVSMOTOR30Jan20490CE.NFO,07/01/2020,09:51:55,2.9,2.8,2700,2.9,2700,0,72900
TVSMOTOR30Jan20490CE.NFO,07/01/2020,09:52:35,2.9,2.8,2700,2.85,4050,0,72900
TVSMOTOR30Jan20490CE.NFO,07/01/2020,09:53:10,2.7,2.65,4050,2.8,1350,4050,72900
TVSMOTOR30Jan20490CE.NFO,07/01/2020,09:53:10,2.7,2.65,4050,2.8,1350,0,72900
TVSMOTOR30Jan20490CE.NFO,07/01/2020,09:53:16,2.7,2.7,1350,2.8,1350,0,72900
TVSMOTOR30Jan20490CE.NFO,07/01/2020,09:54:06,2.7,2.6,2700,2.8,2700,1350,76950
TVSMOTOR30Jan20490CE.NFO,07/01/2020,09:54:11,2.7,2.65,1350,2.75,1350,1350,76950
TVSMOTOR30Jan20490CE.NFO,07/01/2020,09:54:17,2.7,2.65,1350,2.75,1350,0,76950
TVSMOTOR30Jan20490CE.NFO,07/01/2020,09:54:28,2.7,2.65,1350,2.75,1350,1350,76950
TVSMOTOR30Jan20490CE.NFO,07/01/2020,09:54:33,2.7,2.65,1350,2.75,1350,0,76950
TVSMOTOR30Jan20490CE.NFO,07/01/2020,09:55:14,2.7,2.65,2700,2.8,2700,0,76950
TVSMOTOR30Jan20490CE.NFO,07/01/2020,09:55:36,2.7,2.65,2700,2.8,1350,0,76950
TVSMOTOR30Jan20490CE.NFO,07/01/2020,09:55:49,2.7,2.7,1350,2.8,1350,0,76950
TVSMOTOR30Jan20490CE.NFO,07/01/2020,09:55:58,2.7,2.7,1350,2.8,2700,0,76950
TVSMOTOR30Jan20490CE.NFO,07/01/2020,09:56:22,2.7,2.5,2700,2.75,5400,1350,76950
TVSMOTOR30Jan20490CE.NFO,07/01/2020,09:56:28,2.7,2.5,2700,2.75,5400,0,76950
TVSMOTOR30Jan20490CE.NFO,07/01/2020,09:56:34,2.7,2.5,2700,2.7,2700,0,76950
TVSMOTOR30Jan20490CE.NFO,07/01/2020,09:56:57,2.7,2.6,2700,2.85,2700,0,76950
TVSMOTOR30Jan20490CE.NFO,07/01/2020,09:57:01,2.7,2.6,2700,2.85,4050,0,76950
TVSMOTOR30Jan20490CE.NFO,07/01/2020,09:57:22,2.7,2.6,2700,2.8,2700,0,76950
TVSMOTOR30Jan20490CE.NFO,07/01/2020,09:57:28,2.7,2.6,2700,2.75,1350,0,76950
TVSMOTOR30Jan20490CE.NFO,07/01/2020,09:57:55,2.7,2.6,1350,2.75,1350,0,76950
TVSMOTOR30Jan20490CE.NFO,07/01/2020,09:58:10,2.7,2.55,2700,2.75,1350,0,76950
TVSMOTOR30Jan20490CE.NFO,07/01/2020,09:58:26,2.7,2.55,1350,2.75,1350,0,76950
TVSMOTOR30Jan20490CE.NFO,07/01/2020,09:58:39,2.7,2.55,1350,2.7,4050,0,76950
TVSMOTOR30Jan20490CE.NFO,07/01/2020,09:58:49,2.5,2.25,2700,2.65,2700,1350,76950
TVSMOTOR30Jan20490CE.NFO,07/01/2020,09:58:49,2.5,2.25,2700,2.65,2700,0,76950
TVSMOTOR30Jan20490CE.NFO,07/01/2020,09:58:55,2.5,2.25,2700,2.65,2700,0,76950
TVSMOTOR30Jan20490CE.NFO,07/01/2020,09:59:13,2.5,2.25,2700,2.6,4050,0,76950
TVSMOTOR30Jan20490CE.NFO,07/01/2020,10:00:55,2.5,2.4,2700,2.6,4050,0,76950
TVSMOTOR30Jan20490CE.NFO,07/01/2020,10:01:21,2.5,2.4,2700,2.6,2700,0,76950
TVSMOTOR30Jan20490CE.NFO,07/01/2020,10:01:38,2.5,2.4,2700,2.6,1350,0,76950
TVSMOTOR30Jan20490CE.NFO,07/01/2020,10:02:13,2.5,2.4,2700,2.6,4050,0,76950
TVSMOTOR30Jan20490CE.NFO,07/01/2020,10:02:22,2.5,2.4,2700,2.6,2700,0,76950
TVSMOTOR30Jan20490CE.NFO,07/01/2020,10:02:43,2.5,2.4,2700,2.65,1350,0,76950
TVSMOTOR30Jan20490CE.NFO,07/01/2020,10:02:48,2.5,2.4,2700,2.65,4050,0,76950
TVSMOTOR30Jan20490CE.NFO,07/01/2020,10:02:53,2.5,2.5,2700,2.65,2700,0,76950
TVSMOTOR30Jan20490CE.NFO,07/01/2020,10:02:58,2.5,2.5,2700,2.65,4050,0,76950
TVSMOTOR30Jan20490CE.NFO,07/01/2020,10:03:16,2.5,2.5,2700,2.65,2700,0,76950
TVSMOTOR30Jan20490CE.NFO,07/01/2020,10:04:30,2.5,2.5,2700,2.65,4050,0,76950
TVSMOTOR30Jan20490CE.NFO,07/01/2020,10:05:08,2.5,2.5,2700,2.65,5400,0,76950
TVSMOTOR30Jan20490CE.NFO,07/01/2020,10:05:32,2.5,2.5,1350,2.65,5400,0,76950
TVSMOTOR30Jan20490CE.NFO,07/01/2020,10:06:47,2.5,2.3,1350,2.65,5400,0,76950
TVSMOTOR30Jan20490CE.NFO,07/01/2020,10:06:53,2.5,2.3,1350,2.55,1350,0,76950
TVSMOTOR30Jan20490CE.NFO,07/01/2020,10:06:58,2.5,2.3,1350,2.6,5400,0,76950
TVSMOTOR30Jan20490CE.NFO,07/01/2020,10:08:14,2.5,2.3,1350,2.6,4050,0,76950
TVSMOTOR30Jan20490CE.NFO,07/01/2020,10:08:32,2.5,2.3,1350,2.6,2700,0,76950
TVSMOTOR30Jan20490CE.NFO,07/01/2020,10:09:24,2.5,2.45,2700,2.6,1350,0,76950
TVSMOTOR30Jan20490CE.NFO,07/01/2020,10:09:35,2.5,2.45,2700,2.65,1350,0,76950
TVSMOTOR30Jan20490CE.NFO,07/01/2020,10:17:39,2.5,2.4,2700,2.65,4050,0,76950
TVSMOTOR30Jan20490CE.NFO,07/01/2020,10:17:47,2.5,2.4,2700,2.55,1350,0,76950
TVSMOTOR30Jan20490CE.NFO,07/01/2020,10:17:55,2.5,2.4,2700,2.6,2700,0,76950
TVSMOTOR30Jan20490CE.NFO,07/01/2020,10:18:35,2.5,2.4,2700,2.6,1350,0,76950
TVSMOTOR30Jan20490CE.NFO,07/01/2020,10:19:35,2.5,2.4,2700,2.65,4050,0,76950
TVSMOTOR30Jan20490CE.NFO,07/01/2020,10:20:04,2.5,2.4,2700,2.6,1350,0,76950
TVSMOTOR30Jan20490CE.NFO,07/01/2020,10:20:53,2.5,2.4,2700,2.6,2700,0,76950
TVSMOTOR30Jan20490CE.NFO,07/01/2020,10:21:16,2.5,2.4,2700,2.65,2700,0,76950
TVSMOTOR30Jan20490CE.NFO,07/01/2020,10:21:21,2.5,2.4,2700,2.6,1350,0,76950
TVSMOTOR30Jan20490CE.NFO,07/01/2020,10:21:32,2.5,2.5,2700,2.6,1350,0,76950
TVSMOTOR30Jan20490CE.NFO,07/01/2020,10:21:37,2.5,2.5,2700,2.65,2700,0,76950
TVSMOTOR30Jan20490CE.NFO,07/01/2020,10:22:27,2.5,2.45,2700,2.6,4050,0,76950
TVSMOTOR30Jan20490CE.NFO,07/01/2020,10:22:35,2.5,2.4,1350,2.55,4050,0,76950
TVSMOTOR30Jan20490CE.NFO,07/01/2020,10:22:45,2.5,2.4,1350,2.55,2700,0,76950
TVSMOTOR30Jan20490CE.NFO,07/01/2020,10:22:53,2.4,2.15,1350,2.45,5400,1350,76950
TVSMOTOR30Jan20490CE.NFO,07/01/2020,10:22:53,2.4,2.15,1350,2.45,5400,0,76950
TVSMOTOR30Jan20490CE.NFO,07/01/2020,10:22:58,2.4,2.2,2700,2.5,1350,0,76950
TVSMOTOR30Jan20490CE.NFO,07/01/2020,10:24:26,2.4,2.2,2700,2.6,2700,0,76950
TVSMOTOR30Jan20490CE.NFO,07/01/2020,10:24:36,2.4,2.2,2700,2.6,4050,0,76950
TVSMOTOR30Jan20490CE.NFO,07/01/2020,10:25:29,2.4,2.3,2700,2.6,4050,0,76950
TVSMOTOR30Jan20490CE.NFO,07/01/2020,10:25:34,2.4,2.4,2700,2.6,4050,0,76950
TVSMOTOR30Jan20490CE.NFO,07/01/2020,10:27:05,2.4,2.4,2700,2.6,2700,0,76950
TVSMOTOR30Jan20490CE.NFO,07/01/2020,10:28:26,2.4,2.4,2700,2.65,4050,0,76950
TVSMOTOR30Jan20490CE.NFO,07/01/2020,10:28:52,2.4,2.4,2700,2.6,1350,0,76950
TVSMOTOR30Jan20490CE.NFO,07/01/2020,10:28:56,2.4,2.4,2700,2.6,2700,0,76950
TVSMOTOR30Jan20490CE.NFO,07/01/2020,10:29:12,2.4,2.4,2700,2.65,1350,0,76950
TVSMOTOR30Jan20490CE.NFO,07/01/2020,10:29:28,2.4,2.4,2700,2.6,2700,0,76950
TVSMOTOR30Jan20490CE.NFO,07/01/2020,10:30:08,2.4,2.4,2700,2.6,1350,0,76950
TVSMOTOR30Jan20490CE.NFO,07/01/2020,10:33:28,2.4,2.4,2700,2.65,1350,0,76950
TVSMOTOR30Jan20490CE.NFO,07/01/2020,10:34:50,2.4,2.55,2700,2.65,1350,0,76950
TVSMOTOR30Jan20490CE.NFO,07/01/2020,10:44:53,2.4,2.55,1350,2.65,1350,0,76950
TVSMOTOR30Jan20490CE.NFO,07/01/2020,10:45:12,2.4,2.5,2700,2.65,1350,0,76950
TVSMOTOR30Jan20490CE.NFO,07/01/2020,10:45:39,2.4,2.5,2700,2.65,2700,0,76950
TVSMOTOR30Jan20490CE.NFO,07/01/2020,10:46:30,2.4,2.5,2700,2.65,1350,0,76950
TVSMOTOR30Jan20490CE.NFO,07/01/2020,10:46:33,2.4,2.5,2700,2.65,2700,0,76950
TVSMOTOR30Jan20490CE.NFO,07/01/2020,10:46:43,2.4,2.5,2700,2.65,1350,0,76950
TVSMOTOR30Jan20490CE.NFO,07/01/2020,10:46:54,2.4,2.5,2700,2.65,2700,0,76950
TVSMOTOR30Jan20490CE.NFO,07/01/2020,10:47:04,2.4,2.5,2700,2.65,1350,0,76950
TVSMOTOR30Jan20490CE.NFO,07/01/2020,10:49:09,2.4,2.5,1350,2.65,1350,0,76950
TVSMOTOR30Jan20490CE.NFO,07/01/2020,10:49:17,2.4,2.5,1350,2.65,2700,0,76950
TVSMOTOR30Jan20490CE.NFO,07/01/2020,10:50:39,2.4,2.5,1350,2.6,2700,0,76950
TVSMOTOR30Jan20490CE.NFO,07/01/2020,10:50:45,2.4,2.5,1350,2.65,2700,0,76950
TVSMOTOR30Jan20490CE.NFO,07/01/2020,10:51:05,2.4,2.5,1350,2.6,2700,0,76950
TVSMOTOR30Jan20490CE.NFO,07/01/2020,10:51:21,2.4,2.45,2700,2.6,4050,0,76950
TVSMOTOR30Jan20490CE.NFO,07/01/2020,10:52:06,2.4,2.45,2700,2.6,2700,0,76950
TVSMOTOR30Jan20490CE.NFO,07/01/2020,10:53:53,2.4,2.4,2700,2.6,4050,0,76950
TVSMOTOR30Jan20490CE.NFO,07/01/2020,10:54:12,2.4,2.4,2700,2.6,2700,0,76950
TVSMOTOR30Jan20490CE.NFO,07/01/2020,10:54:18,2.4,2.4,2700,2.65,2700,0,76950
TVSMOTOR30Jan20490CE.NFO,07/01/2020,10:54:29,2.4,2.4,2700,2.6,4050,0,76950
TVSMOTOR30Jan20490CE.NFO,07/01/2020,10:54:42,2.4,2.4,1350,2.6,4050,1350,75600
TVSMOTOR30Jan20490CE.NFO,07/01/2020,10:54:47,2.4,2.5,1350,2.6,4050,0,75600
TVSMOTOR30Jan20490CE.NFO,07/01/2020,10:54:52,2.4,2.4,1350,2.6,4050,0,75600
TVSMOTOR30Jan20490CE.NFO,07/01/2020,10:55:19,2.4,2.5,1350,2.6,4050,0,75600
TVSMOTOR30Jan20490CE.NFO,07/01/2020,10:55:23,2.4,2.45,1350,2.6,4050,0,75600
TVSMOTOR30Jan20490CE.NFO,07/01/2020,10:55:33,2.4,2.45,1350,2.6,2700,0,75600
TVSMOTOR30Jan20490CE.NFO,07/01/2020,10:55:39,2.4,2.45,1350,2.6,1350,0,75600
TVSMOTOR30Jan20490CE.NFO,07/01/2020,10:55:48,2.4,2.45,1350,2.65,2700,0,75600
TVSMOTOR30Jan20490CE.NFO,07/01/2020,10:56:13,2.4,2.4,1350,2.6,2700,0,75600
TVSMOTOR30Jan20490CE.NFO,07/01/2020,10:56:55,2.4,2.4,1350,2.55,2700,0,75600
TVSMOTOR30Jan20490CE.NFO,07/01/2020,10:57:00,2.4,2.4,1350,2.6,2700,0,75600
TVSMOTOR30Jan20490CE.NFO,07/01/2020,10:57:08,2.4,2.4,1350,2.55,2700,0,75600
TVSMOTOR30Jan20490CE.NFO,07/01/2020,10:57:14,2.4,2.4,1350,2.55,1350,0,75600
TVSMOTOR30Jan20490CE.NFO,07/01/2020,10:57:21,2.4,2.4,1350,2.55,2700,0,75600
TVSMOTOR30Jan20490CE.NFO,07/01/2020,10:57:28,2.4,2.4,1350,2.55,1350,0,75600
TVSMOTOR30Jan20490CE.NFO,07/01/2020,10:57:34,2.4,2.4,1350,2.55,2700,0,75600
TVSMOTOR30Jan20490CE.NFO,07/01/2020,10:59:21,2.4,2.4,1350,2.5,1350,0,75600
TVSMOTOR30Jan20490CE.NFO,07/01/2020,11:00:31,2.4,2.4,1350,2.5,2700,0,75600
TVSMOTOR30Jan20490CE.NFO,07/01/2020,11:00:38,2.4,2.4,1350,2.5,1350,0,75600
TVSMOTOR30Jan20490CE.NFO,07/01/2020,11:01:07,2.4,2.35,2700,2.5,2700,0,75600
TVSMOTOR30Jan20490CE.NFO,07/01/2020,11:01:14,2.4,2.35,2700,2.5,1350,0,75600
TVSMOTOR30Jan20490CE.NFO,07/01/2020,11:01:29,2.4,2.35,2700,2.5,2700,0,75600
TVSMOTOR30Jan20490CE.NFO,07/01/2020,11:01:44,2.4,2.35,2700,2.5,1350,0,75600
TVSMOTOR30Jan20490CE.NFO,07/01/2020,11:01:52,2.4,2.35,2700,2.5,1350,1350,75600
TVSMOTOR30Jan20490CE.NFO,07/01/2020,11:02:00,2.4,2.35,2700,2.5,1350,0,75600
TVSMOTOR30Jan20490CE.NFO,07/01/2020,11:06:05,2.5,2.35,2700,2.6,1350,1350,75600
TVSMOTOR30Jan20490CE.NFO,07/01/2020,11:06:13,2.5,2.35,2700,2.6,1350,0,75600
TVSMOTOR30Jan20490CE.NFO,07/01/2020,11:06:25,2.5,2.35,2700,2.65,1350,0,75600
TVSMOTOR30Jan20490CE.NFO,07/01/2020,11:06:47,2.5,2.35,2700,2.6,1350,0,75600
TVSMOTOR30Jan20490CE.NFO,07/01/2020,11:06:53,2.5,2.35,2700,2.65,1350,0,75600
TVSMOTOR30Jan20490CE.NFO,07/01/2020,11:07:04,2.5,2.35,2700,2.65,2700,0,75600
TVSMOTOR30Jan20490CE.NFO,07/01/2020,11:07:25,2.5,2.35,2700,2.6,1350,0,75600
TVSMOTOR30Jan20490CE.NFO,07/01/2020,11:08:24,2.5,2.35,2700,2.65,1350,0,75600
TVSMOTOR30Jan20490CE.NFO,07/01/2020,11:08:35,2.5,2.55,2700,2.65,1350,0,75600
TVSMOTOR30Jan20490CE.NFO,07/01/2020,11:08:40,2.5,2.5,2700,2.65,2700,0,75600
TVSMOTOR30Jan20490CE.NFO,07/01/2020,11:09:12,2.5,2.5,2700,2.65,1350,0,75600
TVSMOTOR30Jan20490CE.NFO,07/01/2020,11:09:17,2.5,2.5,2700,2.65,2700,0,75600
TVSMOTOR30Jan20490CE.NFO,07/01/2020,11:10:00,2.5,2.5,1350,2.65,2700,0,75600
TVSMOTOR30Jan20490CE.NFO,07/01/2020,11:11:04,2.5,2.45,2700,2.65,2700,0,75600
TVSMOTOR30Jan20490CE.NFO,07/01/2020,11:11:09,2.5,2.45,2700,2.6,2700,0,75600
TVSMOTOR30Jan20490CE.NFO,07/01/2020,11:11:29,2.5,2.45,1350,2.6,1350,0,75600
TVSMOTOR30Jan20490CE.NFO,07/01/2020,11:11:37,2.5,2.45,1350,2.6,2700,0,75600
TVSMOTOR30Jan20490CE.NFO,07/01/2020,11:12:06,2.5,2.4,2700,2.6,2700,0,75600
TVSMOTOR30Jan20490CE.NFO,07/01/2020,11:12:14,2.5,2.4,2700,2.55,1350,0,75600
TVSMOTOR30Jan20490CE.NFO,07/01/2020,11:12:32,2.5,2.4,2700,2.6,2700,0,75600
TVSMOTOR30Jan20490CE.NFO,07/01/2020,11:13:49,2.5,2.4,2700,2.65,1350,0,75600
TVSMOTOR30Jan20490CE.NFO,07/01/2020,11:14:10,2.5,2.4,2700,2.6,1350,0,75600
TVSMOTOR30Jan20490CE.NFO,07/01/2020,11:14:15,2.5,2.4,2700,2.65,1350,0,75600
TVSMOTOR30Jan20490CE.NFO,07/01/2020,11:14:20,2.5,2.4,2700,2.6,2700,0,75600
TVSMOTOR30Jan20490CE.NFO,07/01/2020,11:14:53,2.5,2.4,2700,2.6,1350,0,75600
TVSMOTOR30Jan20490CE.NFO,07/01/2020,11:14:59,2.5,2.4,2700,2.65,1350,0,75600
TVSMOTOR30Jan20490CE.NFO,07/01/2020,11:15:18,2.5,2.4,2700,2.6,1350,0,75600
TVSMOTOR30Jan20490CE.NFO,07/01/2020,11:15:23,2.5,2.4,2700,2.65,1350,0,75600
TVSMOTOR30Jan20490CE.NFO,07/01/2020,11:18:01,2.5,2.5,2700,2.65,1350,0,75600
TVSMOTOR30Jan20490CE.NFO,07/01/2020,11:20:54,2.65,2.5,2700,2.75,2700,1350,74250
TVSMOTOR30Jan20490CE.NFO,07/01/2020,11:21:05,2.65,2.5,2700,2.75,2700,0,74250
TVSMOTOR30Jan20490CE.NFO,07/01/2020,11:22:57,2.65,2.5,2700,2.75,1350,0,74250
TVSMOTOR30Jan20490CE.NFO,07/01/2020,11:23:39,2.65,2.5,2700,2.8,4050,0,74250
TVSMOTOR30Jan20490CE.NFO,07/01/2020,11:24:39,2.65,2.5,2700,2.8,2700,0,74250
TVSMOTOR30Jan20490CE.NFO,07/01/2020,11:24:53,2.65,2.5,2700,2.8,4050,0,74250
TVSMOTOR30Jan20490CE.NFO,07/01/2020,11:25:07,2.65,2.5,2700,2.8,2700,0,74250
TVSMOTOR30Jan20490CE.NFO,07/01/2020,11:25:20,2.65,2.5,4050,2.8,2700,0,74250
TVSMOTOR30Jan20490CE.NFO,07/01/2020,11:25:26,2.65,2.6,2700,2.8,4050,0,74250
TVSMOTOR30Jan20490CE.NFO,07/01/2020,11:26:25,2.7,2.55,2700,2.8,4050,1350,75600
TVSMOTOR30Jan20490CE.NFO,07/01/2020,11:26:29,2.7,2.55,2700,2.8,4050,0,75600
TVSMOTOR30Jan20490CE.NFO,07/01/2020,11:26:33,2.7,2.55,1350,2.8,4050,0,75600
TVSMOTOR30Jan20490CE.NFO,07/01/2020,11:26:42,2.7,2.5,2700,2.8,4050,0,75600
TVSMOTOR30Jan20490CE.NFO,07/01/2020,11:27:06,2.7,2.5,2700,2.7,2700,0,75600
TVSMOTOR30Jan20490CE.NFO,07/01/2020,11:27:09,2.7,2.5,1350,2.7,2700,0,75600
TVSMOTOR30Jan20490CE.NFO,07/01/2020,11:27:55,2.7,2.5,1350,2.7,1350,0,75600
TVSMOTOR30Jan20490CE.NFO,07/01/2020,11:28:55,2.7,2.5,1350,2.75,2700,0,75600
TVSMOTOR30Jan20490CE.NFO,07/01/2020,11:29:11,2.7,2.5,1350,2.65,1350,0,75600
TVSMOTOR30Jan20490CE.NFO,07/01/2020,11:29:18,2.7,2.5,1350,2.7,2700,0,75600
TVSMOTOR30Jan20490CE.NFO,07/01/2020,11:29:33,2.7,2.5,1350,2.7,1350,0,75600
TVSMOTOR30Jan20490CE.NFO,07/01/2020,11:30:35,2.7,2.6,1350,2.7,1350,0,75600
TVSMOTOR30Jan20490CE.NFO,07/01/2020,11:30:38,2.7,2.55,2700,2.7,1350,0,75600
TVSMOTOR30Jan20490CE.NFO,07/01/2020,11:30:59,2.7,2.55,2700,2.75,2700,0,75600
TVSMOTOR30Jan20490CE.NFO,07/01/2020,11:31:48,2.7,2.55,2700,2.75,1350,0,75600
TVSMOTOR30Jan20490CE.NFO,07/01/2020,11:32:07,2.7,2.65,1350,2.8,2700,0,75600
TVSMOTOR30Jan20490CE.NFO,07/01/2020,11:32:12,2.7,2.6,4050,2.8,2700,0,75600
TVSMOTOR30Jan20490CE.NFO,07/01/2020,11:32:32,2.7,2.6,2700,2.8,2700,0,75600
TVSMOTOR30Jan20490CE.NFO,07/01/2020,11:34:31,2.7,2.6,2700,2.8,1350,0,75600
TVSMOTOR30Jan20490CE.NFO,07/01/2020,11:36:31,2.7,2.65,4050,2.8,1350,0,75600
TVSMOTOR30Jan20490CE.NFO,07/01/2020,11:36:53,2.7,2.65,2700,2.8,1350,0,75600
TVSMOTOR30Jan20490CE.NFO,07/01/2020,11:36:59,2.7,2.65,1350,2.8,1350,0,75600
TVSMOTOR30Jan20490CE.NFO,07/01/2020,11:37:06,2.7,2.6,2700,2.8,1350,0,75600
TVSMOTOR30Jan20490CE.NFO,07/01/2020,11:38:33,2.7,2.6,2700,2.75,4050,0,75600
TVSMOTOR30Jan20490CE.NFO,07/01/2020,11:39:25,2.7,2.6,1350,2.75,4050,0,75600
TVSMOTOR30Jan20490CE.NFO,07/01/2020,11:39:59,2.6,2.5,2700,2.65,2700,1350,75600
TVSMOTOR30Jan20490CE.NFO,07/01/2020,11:40:06,2.6,2.5,2700,2.65,2700,0,75600
TVSMOTOR30Jan20490CE.NFO,07/01/2020,11:40:16,2.6,2.5,2700,2.65,1350,0,75600
TVSMOTOR30Jan20490CE.NFO,07/01/2020,11:41:09,2.6,2.5,2700,2.65,2700,0,75600
TVSMOTOR30Jan20490CE.NFO,07/01/2020,11:41:32,2.6,2.5,2700,2.65,1350,0,75600
TVSMOTOR30Jan20490CE.NFO,07/01/2020,11:41:35,2.6,2.5,2700,2.65,2700,0,75600
TVSMOTOR30Jan20490CE.NFO,07/01/2020,11:41:38,2.6,2.5,2700,2.65,1350,0,75600
TVSMOTOR30Jan20490CE.NFO,07/01/2020,11:41:53,2.6,2.5,2700,2.65,2700,0,75600
TVSMOTOR30Jan20490CE.NFO,07/01/2020,11:42:05,2.6,2.4,2700,2.65,2700,0,75600
TVSMOTOR30Jan20490CE.NFO,07/01/2020,11:42:13,2.6,2.35,2700,2.65,2700,0,75600
TVSMOTOR30Jan20490CE.NFO,07/01/2020,11:42:17,2.6,2.3,2700,2.55,2700,0,75600
TVSMOTOR30Jan20490CE.NFO,07/01/2020,11:42:20,2.6,2.25,2700,2.55,2700,0,75600
TVSMOTOR30Jan20490CE.NFO,07/01/2020,11:42:24,2.6,2.2,2700,2.55,2700,0,75600
TVSMOTOR30Jan20490CE.NFO,07/01/2020,11:42:30,2.6,2.15,4050,2.55,2700,0,75600
TVSMOTOR30Jan20490CE.NFO,07/01/2020,11:42:39,2.6,2.15,4050,2.45,2700,0,75600
TVSMOTOR30Jan20490CE.NFO,07/01/2020,11:42:49,2.6,2.15,4050,2.35,2700,0,75600
TVSMOTOR30Jan20490CE.NFO,07/01/2020,11:43:00,2.6,2.15,4050,2.35,1350,0,75600
TVSMOTOR30Jan20490CE.NFO,07/01/2020,11:43:04,2.6,2.15,4050,2.4,4050,0,75600
TVSMOTOR30Jan20490CE.NFO,07/01/2020,11:43:08,2.6,2.25,2700,2.4,2700,0,75600
TVSMOTOR30Jan20490CE.NFO,07/01/2020,11:43:45,2.6,2.25,2700,2.4,1350,0,75600
TVSMOTOR30Jan20490CE.NFO,07/01/2020,11:43:52,2.6,2.25,2700,2.4,2700,0,75600
TVSMOTOR30Jan20490CE.NFO,07/01/2020,11:44:32,2.6,2.25,1350,2.4,2700,0,75600
TVSMOTOR30Jan20490CE.NFO,07/01/2020,11:45:18,2.6,2.25,1350,2.35,1350,0,75600
TVSMOTOR30Jan20490CE.NFO,07/01/2020,11:45:44,2.6,2.25,2700,2.35,1350,0,75600
TVSMOTOR30Jan20490CE.NFO,07/01/2020,11:45:57,2.6,2.25,2700,2.4,2700,0,75600
TVSMOTOR30Jan20490CE.NFO,07/01/2020,11:48:13,2.6,2.25,1350,2.4,2700,0,75600
TVSMOTOR30Jan20490CE.NFO,07/01/2020,11:49:18,2.6,2.25,2700,2.4,2700,0,75600
TVSMOTOR30Jan20490CE.NFO,07/01/2020,11:49:27,2.6,2.25,1350,2.4,2700,0,75600
TVSMOTOR30Jan20490CE.NFO,07/01/2020,11:50:15,2.6,2.25,2700,2.35,2700,0,75600
TVSMOTOR30Jan20490CE.NFO,07/01/2020,11:50:22,2.25,2.2,1350,2.35,4050,2700,75600
TVSMOTOR30Jan20490CE.NFO,07/01/2020,11:50:22,2.25,2.2,1350,2.35,4050,0,75600
TVSMOTOR30Jan20490CE.NFO,07/01/2020,11:50:54,2.25,2.2,1350,2.35,2700,0,75600
TVSMOTOR30Jan20490CE.NFO,07/01/2020,11:51:11,2.25,2.2,1350,2.4,2700,0,75600
TVSMOTOR30Jan20490CE.NFO,07/01/2020,11:51:59,2.25,2.2,1350,2.35,1350,0,75600
TVSMOTOR30Jan20490CE.NFO,07/01/2020,11:52:11,2.25,2.2,1350,2.35,2700,0,75600
TVSMOTOR30Jan20490CE.NFO,07/01/2020,11:52:37,2.25,2.25,2700,2.35,2700,0,75600
TVSMOTOR30Jan20490CE.NFO,07/01/2020,11:52:43,2.25,2.25,1350,2.35,2700,0,75600
TVSMOTOR30Jan20490CE.NFO,07/01/2020,11:54:17,2.25,2.25,2700,2.4,1350,0,75600
TVSMOTOR30Jan20490CE.NFO,07/01/2020,11:54:24,2.25,2.25,2700,2.4,4050,0,75600
TVSMOTOR30Jan20490CE.NFO,07/01/2020,11:55:25,2.25,2.25,2700,2.4,2700,0,75600
TVSMOTOR30Jan20490CE.NFO,07/01/2020,11:57:46,2.25,2.25,2700,2.35,2700,0,75600
TVSMOTOR30Jan20490CE.NFO,07/01/2020,11:58:29,2.25,2.25,1350,2.35,2700,0,75600
TVSMOTOR30Jan20490CE.NFO,07/01/2020,11:59:03,2.25,2.25,1350,2.35,1350,0,75600
TVSMOTOR30Jan20490CE.NFO,07/01/2020,11:59:56,2.25,2.25,1350,2.3,1350,0,75600
TVSMOTOR30Jan20490CE.NFO,07/01/2020,12:00:23,2.25,2.25,1350,2.35,1350,0,75600
TVSMOTOR30Jan20490CE.NFO,07/01/2020,12:00:31,2.25,2.25,2700,2.4,4050,0,75600
TVSMOTOR30Jan20490CE.NFO,07/01/2020,12:00:47,2.25,2.25,1350,2.4,4050,0,75600
TVSMOTOR30Jan20490CE.NFO,07/01/2020,12:01:09,2.25,2.25,2700,2.4,4050,0,75600
TVSMOTOR30Jan20490CE.NFO,07/01/2020,12:02:03,2.25,2.25,1350,2.4,4050,0,75600
TVSMOTOR30Jan20490CE.NFO,07/01/2020,12:02:12,2.25,2.25,2700,2.4,4050,0,75600
TVSMOTOR30Jan20490CE.NFO,07/01/2020,12:02:27,2.25,2.25,1350,2.4,4050,0,75600
TVSMOTOR30Jan20490CE.NFO,07/01/2020,12:02:31,2.25,2.25,2700,2.4,4050,0,75600
TVSMOTOR30Jan20490CE.NFO,07/01/2020,12:02:45,2.25,2.25,2700,2.4,2700,0,75600
TVSMOTOR30Jan20490CE.NFO,07/01/2020,12:03:30,2.25,2.25,1350,2.4,2700,0,75600
TVSMOTOR30Jan20490CE.NFO,07/01/2020,12:03:39,2.25,2.25,2700,2.4,2700,0,75600
TVSMOTOR30Jan20490CE.NFO,07/01/2020,12:03:51,2.25,2.25,1350,2.4,2700,0,75600
TVSMOTOR30Jan20490CE.NFO,07/01/2020,12:04:15,2.25,2.25,2700,2.4,2700,0,75600
TVSMOTOR30Jan20490CE.NFO,07/01/2020,12:05:00,2.25,2.25,2700,2.4,1350,0,75600
TVSMOTOR30Jan20490CE.NFO,07/01/2020,12:08:34,2.25,2.25,2700,2.45,2700,0,75600
TVSMOTOR30Jan20490CE.NFO,07/01/2020,12:12:49,2.25,2.25,2700,2.4,4050,0,75600
TVSMOTOR30Jan20490CE.NFO,07/01/2020,12:13:11,2.25,2.25,2700,2.45,2700,0,75600
TVSMOTOR30Jan20490CE.NFO,07/01/2020,12:13:30,2.25,2.25,2700,2.4,5400,0,75600
TVSMOTOR30Jan20490CE.NFO,07/01/2020,12:14:12,2.25,2.25,2700,2.4,4050,0,75600
TVSMOTOR30Jan20490CE.NFO,07/01/2020,12:16:12,2.25,2.25,1350,2.4,4050,0,75600
TVSMOTOR30Jan20490CE.NFO,07/01/2020,12:16:35,2.25,2.25,2700,2.4,4050,0,75600
TVSMOTOR30Jan20490CE.NFO,07/01/2020,12:16:37,2.25,2.25,1350,2.4,4050,0,75600
TVSMOTOR30Jan20490CE.NFO,07/01/2020,12:16:40,2.25,2.25,2700,2.4,4050,0,75600
TVSMOTOR30Jan20490CE.NFO,07/01/2020,12:16:42,2.25,2.25,1350,2.4,4050,0,75600
TVSMOTOR30Jan20490CE.NFO,07/01/2020,12:16:46,2.25,2.25,2700,2.4,4050,0,75600
TVSMOTOR30Jan20490CE.NFO,07/01/2020,12:18:10,2.25,2.25,1350,2.4,4050,0,75600
TVSMOTOR30Jan20490CE.NFO,07/01/2020,12:18:12,2.25,2.25,2700,2.4,4050,0,75600
TVSMOTOR30Jan20490CE.NFO,07/01/2020,12:18:15,2.25,2.25,1350,2.4,4050,0,75600
TVSMOTOR30Jan20490CE.NFO,07/01/2020,12:18:18,2.25,2.25,2700,2.4,4050,0,75600
TVSMOTOR30Jan20490CE.NFO,07/01/2020,12:18:25,2.25,2.3,1350,2.35,1350,0,75600
TVSMOTOR30Jan20490CE.NFO,07/01/2020,12:18:58,2.25,2.25,2700,2.35,1350,0,75600
TVSMOTOR30Jan20490CE.NFO,07/01/2020,12:19:02,2.25,2.25,2700,2.4,2700,0,75600
TVSMOTOR30Jan20490CE.NFO,07/01/2020,12:19:37,2.25,2.25,2700,2.4,1350,0,75600
TVSMOTOR30Jan20490CE.NFO,07/01/2020,12:19:43,2.25,2.3,1350,2.4,1350,0,75600
TVSMOTOR30Jan20490CE.NFO,07/01/2020,12:27:36,2.25,2.25,1350,2.4,1350,0,75600
TVSMOTOR30Jan20490CE.NFO,07/01/2020,12:29:00,2.25,2.25,1350,2.3,1350,0,75600
TVSMOTOR30Jan20490CE.NFO,07/01/2020,12:29:35,2.25,2.25,1350,2.35,2700,0,75600
TVSMOTOR30Jan20490CE.NFO,07/01/2020,12:31:44,2.25,2.25,1350,2.35,1350,0,75600
TVSMOTOR30Jan20490CE.NFO,07/01/2020,12:32:05,2.25,2.25,2700,2.35,1350,0,75600
TVSMOTOR30Jan20490CE.NFO,07/01/2020,12:32:09,2.25,2.25,1350,2.35,1350,0,75600
TVSMOTOR30Jan20490CE.NFO,07/01/2020,12:32:16,2.25,2.25,2700,2.35,2700,0,75600
TVSMOTOR30Jan20490CE.NFO,07/01/2020,12:32:23,2.25,2.25,1350,2.35,2700,0,75600
TVSMOTOR30Jan20490CE.NFO,07/01/2020,12:32:27,2.25,2.25,2700,2.35,2700,0,75600
TVSMOTOR30Jan20490CE.NFO,07/01/2020,12:32:31,2.25,2.25,1350,2.35,2700,0,75600
TVSMOTOR30Jan20490CE.NFO,07/01/2020,12:32:37,2.25,2.25,2700,2.4,2700,0,75600
TVSMOTOR30Jan20490CE.NFO,07/01/2020,12:32:43,2.25,2.25,2700,2.35,2700,0,75600
TVSMOTOR30Jan20490CE.NFO,07/01/2020,12:32:56,2.25,2.25,1350,2.35,2700,0,75600
TVSMOTOR30Jan20490CE.NFO,07/01/2020,12:33:15,2.25,2.25,2700,2.35,2700,0,75600
TVSMOTOR30Jan20490CE.NFO,07/01/2020,12:34:07,2.25,2.25,2700,2.35,1350,0,75600
TVSMOTOR30Jan20490CE.NFO,07/01/2020,12:34:18,2.25,2.25,2700,2.35,2700,0,75600
TVSMOTOR30Jan20490CE.NFO,07/01/2020,12:34:34,2.25,2.25,2700,2.4,2700,0,75600
TVSMOTOR30Jan20490CE.NFO,07/01/2020,12:35:42,2.25,2.25,2700,2.35,2700,0,75600
TVSMOTOR30Jan20490CE.NFO,07/01/2020,12:35:53,2.25,2.25,2700,2.35,1350,0,75600
TVSMOTOR30Jan20490CE.NFO,07/01/2020,12:36:12,2.25,2.25,2700,2.35,2700,0,75600
TVSMOTOR30Jan20490CE.NFO,07/01/2020,12:36:20,2.25,2.25,1350,2.35,2700,0,75600
TVSMOTOR30Jan20490CE.NFO,07/01/2020,12:36:23,2.25,2.25,2700,2.35,2700,0,75600
TVSMOTOR30Jan20490CE.NFO,07/01/2020,12:36:28,2.25,2.25,1350,2.35,2700,0,75600
TVSMOTOR30Jan20490CE.NFO,07/01/2020,12:36:40,2.25,2.25,2700,2.35,2700,0,75600
TVSMOTOR30Jan20490CE.NFO,07/01/2020,12:36:45,2.25,2.25,1350,2.35,2700,0,75600
TVSMOTOR30Jan20490CE.NFO,07/01/2020,12:36:51,2.25,2.25,1350,2.35,1350,0,75600
TVSMOTOR30Jan20490CE.NFO,07/01/2020,12:36:54,2.25,2.25,2700,2.35,1350,0,75600
TVSMOTOR30Jan20490CE.NFO,07/01/2020,12:36:57,2.25,2.25,2700,2.35,2700,0,75600
TVSMOTOR30Jan20490CE.NFO,07/01/2020,12:37:00,2.25,2.25,1350,2.35,2700,0,75600
TVSMOTOR30Jan20490CE.NFO,07/01/2020,12:37:13,2.25,2.25,2700,2.35,2700,0,75600
TVSMOTOR30Jan20490CE.NFO,07/01/2020,12:37:30,2.25,2.25,1350,2.35,2700,0,75600
TVSMOTOR30Jan20490CE.NFO,07/01/2020,12:37:36,2.25,2.25,2700,2.4,2700,0,75600
TVSMOTOR30Jan20490CE.NFO,07/01/2020,12:38:00,2.25,2.25,2700,2.4,1350,0,75600
TVSMOTOR30Jan20490CE.NFO,07/01/2020,12:38:35,2.25,2.25,2700,2.45,2700,0,75600
TVSMOTOR30Jan20490CE.NFO,07/01/2020,12:39:11,2.25,2.25,2700,2.45,1350,0,75600
TVSMOTOR30Jan20490CE.NFO,07/01/2020,12:39:23,2.25,2.25,2700,2.4,1350,0,75600
TVSMOTOR30Jan20490CE.NFO,07/01/2020,12:39:33,2.25,2.25,2700,2.4,2700,0,75600
TVSMOTOR30Jan20490CE.NFO,07/01/2020,12:39:47,2.25,2.25,2700,2.4,1350,0,75600
TVSMOTOR30Jan20490CE.NFO,07/01/2020,12:39:59,2.25,2.25,2700,2.45,4050,0,75600
TVSMOTOR30Jan20490CE.NFO,07/01/2020,12:41:09,2.25,2.25,2700,2.5,1350,0,75600
TVSMOTOR30Jan20490CE.NFO,07/01/2020,12:41:13,2.25,2.35,2700,2.5,1350,0,75600
TVSMOTOR30Jan20490CE.NFO,07/01/2020,12:41:17,2.25,2.35,2700,2.55,4050,0,75600
TVSMOTOR30Jan20490CE.NFO,07/01/2020,12:41:22,2.25,2.35,2700,2.55,2700,0,75600
TVSMOTOR30Jan20490CE.NFO,07/01/2020,12:41:30,2.25,2.35,2700,2.55,1350,0,75600
TVSMOTOR30Jan20490CE.NFO,07/01/2020,12:41:59,2.25,2.35,2700,2.5,1350,0,75600
TVSMOTOR30Jan20490CE.NFO,07/01/2020,12:42:17,2.25,2.35,2700,2.5,2700,0,75600
TVSMOTOR30Jan20490CE.NFO,07/01/2020,12:45:27,2.25,2.35,1350,2.5,2700,0,75600
TVSMOTOR30Jan20490CE.NFO,07/01/2020,12:46:04,2.25,2.35,2700,2.5,2700,0,75600
TVSMOTOR30Jan20490CE.NFO,07/01/2020,12:48:16,2.25,2.35,2700,2.55,1350,0,75600
TVSMOTOR30Jan20490CE.NFO,07/01/2020,12:48:23,2.25,2.35,2700,2.5,2700,0,75600
TVSMOTOR30Jan20490CE.NFO,07/01/2020,12:51:14,2.25,2.35,2700,2.5,1350,0,75600
TVSMOTOR30Jan20490CE.NFO,07/01/2020,12:51:29,2.25,2.35,2700,2.45,1350,0,75600
TVSMOTOR30Jan20490CE.NFO,07/01/2020,12:51:48,2.25,2.35,2700,2.5,1350,0,75600
TVSMOTOR30Jan20490CE.NFO,07/01/2020,12:52:20,2.25,2.35,2700,2.45,1350,0,75600
TVSMOTOR30Jan20490CE.NFO,07/01/2020,12:52:25,2.25,2.35,2700,2.5,1350,0,75600
TVSMOTOR30Jan20490CE.NFO,07/01/2020,12:52:29,2.25,2.35,2700,2.45,1350,0,75600
TVSMOTOR30Jan20490CE.NFO,07/01/2020,12:52:35,2.25,2.35,2700,2.5,1350,0,75600
TVSMOTOR30Jan20490CE.NFO,07/01/2020,12:52:45,2.25,2.35,2700,2.45,1350,0,75600
TVSMOTOR30Jan20490CE.NFO,07/01/2020,12:53:14,2.25,2.35,2700,2.5,4050,0,75600
TVSMOTOR30Jan20490CE.NFO,07/01/2020,12:53:28,2.25,2.35,2700,2.5,1350,0,75600
TVSMOTOR30Jan20490CE.NFO,07/01/2020,13:00:10,2.25,2.35,2700,2.5,2700,0,75600
TVSMOTOR30Jan20490CE.NFO,07/01/2020,13:00:19,2.25,2.35,2700,2.5,1350,0,75600
TVSMOTOR30Jan20490CE.NFO,07/01/2020,13:00:44,2.25,2.35,2700,2.5,2700,0,75600
TVSMOTOR30Jan20490CE.NFO,07/01/2020,13:00:49,2.25,2.35,2700,2.5,1350,0,75600
TVSMOTOR30Jan20490CE.NFO,07/01/2020,13:00:54,2.25,2.35,2700,2.5,2700,0,75600
TVSMOTOR30Jan20490CE.NFO,07/01/2020,13:01:17,2.25,2.35,2700,2.45,1350,0,75600
TVSMOTOR30Jan20490CE.NFO,07/01/2020,13:01:23,2.25,2.35,1350,2.45,1350,0,75600
TVSMOTOR30Jan20490CE.NFO,07/01/2020,13:01:31,2.25,2.35,2700,2.45,1350,0,75600
TVSMOTOR30Jan20490CE.NFO,07/01/2020,13:01:38,2.25,2.35,1350,2.45,1350,0,75600
TVSMOTOR30Jan20490CE.NFO,07/01/2020,13:01:43,2.25,2.35,1350,2.5,1350,0,75600
TVSMOTOR30Jan20490CE.NFO,07/01/2020,13:01:54,2.25,2.35,1350,2.55,2700,0,75600
TVSMOTOR30Jan20490CE.NFO,07/01/2020,13:02:00,2.25,2.35,1350,2.55,1350,0,75600
TVSMOTOR30Jan20490CE.NFO,07/01/2020,13:02:21,2.25,2.35,1350,2.5,4050,0,75600
TVSMOTOR30Jan20490CE.NFO,07/01/2020,13:03:17,2.25,2.35,1350,2.55,1350,0,75600
TVSMOTOR30Jan20490CE.NFO,07/01/2020,13:03:38,2.25,2.35,1350,2.5,4050,0,75600
TVSMOTOR30Jan20490CE.NFO,07/01/2020,13:03:45,2.25,2.35,1350,2.5,2700,0,75600
TVSMOTOR30Jan20490CE.NFO,07/01/2020,13:03:57,2.25,2.35,1350,2.55,1350,0,75600
TVSMOTOR30Jan20490CE.NFO,07/01/2020,13:04:27,2.25,2.35,1350,2.5,2700,0,75600
TVSMOTOR30Jan20490CE.NFO,07/01/2020,13:04:30,2.25,2.35,1350,2.5,1350,0,75600
TVSMOTOR30Jan20490CE.NFO,07/01/2020,13:05:38,2.25,2.35,1350,2.55,1350,0,75600
TVSMOTOR30Jan20490CE.NFO,07/01/2020,13:05:53,2.25,2.35,1350,2.5,4050,0,75600
TVSMOTOR30Jan20490CE.NFO,07/01/2020,13:06:00,2.25,2.35,1350,2.5,2700,0,75600
TVSMOTOR30Jan20490CE.NFO,07/01/2020,13:08:27,2.25,2.35,1350,2.5,1350,0,75600
TVSMOTOR30Jan20490CE.NFO,07/01/2020,13:09:00,2.25,2.35,1350,2.5,2700,0,75600
TVSMOTOR30Jan20490CE.NFO,07/01/2020,13:09:06,2.25,2.35,1350,2.5,4050,0,75600
TVSMOTOR30Jan20490CE.NFO,07/01/2020,13:09:37,2.25,2.3,1350,2.5,4050,0,75600
TVSMOTOR30Jan20490CE.NFO,07/01/2020,13:17:18,2.25,2.3,1350,2.45,2700,0,75600
TVSMOTOR30Jan20490CE.NFO,07/01/2020,13:17:30,2.25,2.25,4050,2.45,2700,0,75600
TVSMOTOR30Jan20490CE.NFO,07/01/2020,13:17:37,2.25,2.25,4050,2.4,1350,0,75600
TVSMOTOR30Jan20490CE.NFO,07/01/2020,13:17:42,2.3,2.25,4050,2.4,1350,1350,75600
TVSMOTOR30Jan20490CE.NFO,07/01/2020,13:17:46,2.3,2.25,4050,2.45,1350,0,75600
TVSMOTOR30Jan20490CE.NFO,07/01/2020,13:17:51,2.3,2.25,4050,2.4,1350,0,75600
TVSMOTOR30Jan20490CE.NFO,07/01/2020,13:17:56,2.3,2.25,4050,2.45,1350,0,75600
TVSMOTOR30Jan20490CE.NFO,07/01/2020,13:19:09,2.3,2.25,4050,2.4,2700,0,75600
TVSMOTOR30Jan20490CE.NFO,07/01/2020,13:19:15,2.3,2.25,4050,2.45,1350,0,75600
TVSMOTOR30Jan20490CE.NFO,07/01/2020,13:19:21,2.3,2.25,4050,2.4,2700,0,75600
TVSMOTOR30Jan20490CE.NFO,07/01/2020,13:19:36,2.3,2.25,4050,2.4,1350,0,75600
TVSMOTOR30Jan20490CE.NFO,07/01/2020,13:19:44,2.3,2.25,4050,2.4,2700,0,75600
TVSMOTOR30Jan20490CE.NFO,07/01/2020,13:19:48,2.3,2.25,4050,2.4,1350,0,75600
TVSMOTOR30Jan20490CE.NFO,07/01/2020,13:19:57,2.3,2.25,4050,2.45,1350,0,75600
TVSMOTOR30Jan20490CE.NFO,07/01/2020,13:20:13,2.3,2.25,4050,2.4,1350,0,75600
TVSMOTOR30Jan20490CE.NFO,07/01/2020,13:21:04,2.3,2.25,4050,2.4,2700,0,75600
TVSMOTOR30Jan20490CE.NFO,07/01/2020,13:21:35,2.3,2.25,4050,2.4,1350,0,75600
TVSMOTOR30Jan20490CE.NFO,07/01/2020,13:21:40,2.3,2.25,4050,2.4,2700,0,75600
TVSMOTOR30Jan20490CE.NFO,07/01/2020,13:21:45,2.3,2.25,4050,2.4,1350,0,75600
TVSMOTOR30Jan20490CE.NFO,07/01/2020,13:22:36,2.3,2.25,4050,2.4,2700,0,75600
TVSMOTOR30Jan20490CE.NFO,07/01/2020,13:22:41,2.3,2.25,4050,2.4,1350,0,75600
TVSMOTOR30Jan20490CE.NFO,07/01/2020,13:22:45,2.3,2.25,4050,2.45,1350,0,75600
TVSMOTOR30Jan20490CE.NFO,07/01/2020,13:22:50,2.3,2.25,4050,2.4,1350,0,75600
TVSMOTOR30Jan20490CE.NFO,07/01/2020,13:23:41,2.3,2.25,4050,2.45,1350,0,75600
TVSMOTOR30Jan20490CE.NFO,07/01/2020,13:23:49,2.3,2.25,4050,2.4,1350,0,75600
TVSMOTOR30Jan20490CE.NFO,07/01/2020,13:24:09,2.3,2.25,4050,2.45,4050,0,75600
TVSMOTOR30Jan20490CE.NFO,07/01/2020,13:24:15,2.3,2.25,4050,2.45,2700,0,75600
TVSMOTOR30Jan20490CE.NFO,07/01/2020,13:24:25,2.3,2.25,4050,2.45,4050,0,75600
TVSMOTOR30Jan20490CE.NFO,07/01/2020,13:24:29,2.3,2.25,4050,2.45,2700,0,75600
TVSMOTOR30Jan20490CE.NFO,07/01/2020,13:24:50,2.3,2.25,4050,2.5,1350,0,75600
TVSMOTOR30Jan20490CE.NFO,07/01/2020,13:24:56,2.3,2.25,4050,2.45,1350,0,75600
TVSMOTOR30Jan20490CE.NFO,07/01/2020,13:25:02,2.3,2.25,4050,2.5,4050,0,75600
TVSMOTOR30Jan20490CE.NFO,07/01/2020,13:25:14,2.3,2.25,4050,2.5,2700,0,75600
TVSMOTOR30Jan20490CE.NFO,07/01/2020,13:25:20,2.3,2.25,4050,2.5,4050,0,75600
TVSMOTOR30Jan20490CE.NFO,07/01/2020,13:28:59,2.3,2.25,2700,2.5,4050,0,75600
TVSMOTOR30Jan20490CE.NFO,07/01/2020,13:31:52,2.3,2.25,2700,2.5,2700,0,75600
TVSMOTOR30Jan20490CE.NFO,07/01/2020,13:32:00,2.3,2.25,2700,2.4,2700,0,75600
TVSMOTOR30Jan20490CE.NFO,07/01/2020,13:32:14,2.3,2.25,1350,2.35,4050,0,75600
TVSMOTOR30Jan20490CE.NFO,07/01/2020,13:32:20,2.3,2.25,1350,2.35,2700,0,75600
TVSMOTOR30Jan20490CE.NFO,07/01/2020,13:32:54,2.25,2.1,25650,2.2,2700,1350,76950
TVSMOTOR30Jan20490CE.NFO,07/01/2020,13:33:00,2.25,2.1,25650,2.2,2700,0,76950
TVSMOTOR30Jan20490CE.NFO,07/01/2020,13:34:06,2.25,2.1,27000,2.25,5400,0,76950
TVSMOTOR30Jan20490CE.NFO,07/01/2020,13:34:10,2.25,2.1,27000,2.25,4050,0,76950
TVSMOTOR30Jan20490CE.NFO,07/01/2020,13:34:25,2.25,2.1,27000,2.25,2700,0,76950
TVSMOTOR30Jan20490CE.NFO,07/01/2020,13:34:30,2.25,2.1,27000,2.25,1350,0,76950
TVSMOTOR30Jan20490CE.NFO,07/01/2020,13:34:51,2.25,2.1,27000,2.25,2700,0,76950
TVSMOTOR30Jan20490CE.NFO,07/01/2020,13:34:57,2.25,2.1,27000,2.25,1350,0,76950
TVSMOTOR30Jan20490CE.NFO,07/01/2020,13:35:12,2.25,2.1,27000,2.3,1350,0,76950
TVSMOTOR30Jan20490CE.NFO,07/01/2020,13:35:18,2.25,2.1,27000,2.3,4050,0,76950
TVSMOTOR30Jan20490CE.NFO,07/01/2020,13:35:23,2.25,2.1,27000,2.3,2700,0,76950
TVSMOTOR30Jan20490CE.NFO,07/01/2020,13:37:00,2.25,2.1,27000,2.35,2700,0,76950
TVSMOTOR30Jan20490CE.NFO,07/01/2020,13:37:15,2.25,2.1,27000,2.35,4050,0,76950
TVSMOTOR30Jan20490CE.NFO,07/01/2020,13:37:19,2.25,2.1,27000,2.35,2700,0,76950
TVSMOTOR30Jan20490CE.NFO,07/01/2020,13:37:28,2.25,2.1,27000,2.35,4050,0,76950
TVSMOTOR30Jan20490CE.NFO,07/01/2020,13:37:33,2.25,2.1,27000,2.35,2700,0,76950
TVSMOTOR30Jan20490CE.NFO,07/01/2020,13:37:38,2.25,2.1,27000,2.35,4050,0,76950
TVSMOTOR30Jan20490CE.NFO,07/01/2020,13:37:43,2.25,2.1,27000,2.35,2700,0,76950
TVSMOTOR30Jan20490CE.NFO,07/01/2020,13:38:08,2.25,2.1,27000,2.4,1350,0,76950
TVSMOTOR30Jan20490CE.NFO,07/01/2020,13:38:23,2.25,2.1,27000,2.35,1350,0,76950
TVSMOTOR30Jan20490CE.NFO,07/01/2020,13:38:29,2.25,2.1,27000,2.35,2700,0,76950
TVSMOTOR30Jan20490CE.NFO,07/01/2020,13:38:34,2.25,2.1,27000,2.35,1350,0,76950
TVSMOTOR30Jan20490CE.NFO,07/01/2020,13:38:39,2.25,2.1,27000,2.3,2700,0,76950
TVSMOTOR30Jan20490CE.NFO,07/01/2020,13:38:52,2.25,2.1,27000,2.35,1350,0,76950
TVSMOTOR30Jan20490CE.NFO,07/01/2020,13:39:04,2.25,2.1,27000,2.35,2700,0,76950
TVSMOTOR30Jan20490CE.NFO,07/01/2020,13:39:44,2.25,2.1,27000,2.3,1350,0,76950
TVSMOTOR30Jan20490CE.NFO,07/01/2020,13:40:10,2.25,2.1,27000,2.3,2700,0,76950
TVSMOTOR30Jan20490CE.NFO,07/01/2020,13:40:20,2.25,2.1,27000,2.3,1350,0,76950
TVSMOTOR30Jan20490CE.NFO,07/01/2020,13:40:53,2.25,2.1,27000,2.35,1350,0,76950
TVSMOTOR30Jan20490CE.NFO,07/01/2020,13:41:16,2.25,2.1,27000,2.3,1350,0,76950
TVSMOTOR30Jan20490CE.NFO,07/01/2020,13:42:18,2.25,2.1,27000,2.35,1350,0,76950
TVSMOTOR30Jan20490CE.NFO,07/01/2020,13:42:27,2.25,2.1,27000,2.3,1350,0,76950
TVSMOTOR30Jan20490CE.NFO,07/01/2020,13:42:33,2.25,2.1,27000,2.3,2700,0,76950
TVSMOTOR30Jan20490CE.NFO,07/01/2020,13:43:22,2.25,2.1,27000,2.3,1350,0,76950
TVSMOTOR30Jan20490CE.NFO,07/01/2020,13:43:34,2.25,2.1,27000,2.35,2700,0,76950
TVSMOTOR30Jan20490CE.NFO,07/01/2020,13:44:02,2.25,2.1,27000,2.35,1350,0,76950
TVSMOTOR30Jan20490CE.NFO,07/01/2020,13:44:51,2.25,2.1,27000,2.3,1350,0,76950
TVSMOTOR30Jan20490CE.NFO,07/01/2020,13:45:11,2.25,2.1,27000,2.35,1350,0,76950
TVSMOTOR30Jan20490CE.NFO,07/01/2020,13:45:52,2.25,2.25,2700,2.35,1350,0,76950
TVSMOTOR30Jan20490CE.NFO,07/01/2020,13:46:28,2.25,2.25,1350,2.35,1350,0,76950
TVSMOTOR30Jan20490CE.NFO,07/01/2020,13:46:47,2.25,2.25,1350,2.4,1350,0,76950
TVSMOTOR30Jan20490CE.NFO,07/01/2020,13:47:11,2.5,2.5,18900,2.55,4050,6750,78300
TVSMOTOR30Jan20490CE.NFO,07/01/2020,13:47:17,2.5,2.5,18900,2.55,4050,0,78300
TVSMOTOR30Jan20490CE.NFO,07/01/2020,13:47:22,2.5,2.35,1350,2.55,4050,0,78300
TVSMOTOR30Jan20490CE.NFO,07/01/2020,13:47:32,2.5,2.3,1350,2.55,4050,0,78300
TVSMOTOR30Jan20490CE.NFO,07/01/2020,13:49:11,2.5,2.25,6750,2.55,4050,0,78300
TVSMOTOR30Jan20490CE.NFO,07/01/2020,13:49:16,2.5,2.25,2700,2.45,2700,0,78300
TVSMOTOR30Jan20490CE.NFO,07/01/2020,13:49:29,2.5,2.25,1350,2.45,2700,0,78300
TVSMOTOR30Jan20490CE.NFO,07/01/2020,13:50:12,2.5,2.3,2700,2.45,1350,0,78300
TVSMOTOR30Jan20490CE.NFO,07/01/2020,13:50:19,2.5,2.3,2700,2.5,2700,0,78300
TVSMOTOR30Jan20490CE.NFO,07/01/2020,13:50:27,2.5,2.3,2700,2.5,1350,0,78300
TVSMOTOR30Jan20490CE.NFO,07/01/2020,13:51:53,2.5,2.35,1350,2.5,1350,0,78300
TVSMOTOR30Jan20490CE.NFO,07/01/2020,13:52:04,2.5,2.3,2700,2.5,1350,0,78300
TVSMOTOR30Jan20490CE.NFO,07/01/2020,13:53:55,2.5,2.3,1350,2.45,2700,0,78300
TVSMOTOR30Jan20490CE.NFO,07/01/2020,13:56:50,2.5,2.3,1350,2.45,4050,0,78300
TVSMOTOR30Jan20490CE.NFO,07/01/2020,13:57:27,2.5,2.3,1350,2.4,1350,0,78300
TVSMOTOR30Jan20490CE.NFO,07/01/2020,14:01:35,2.5,2.35,2700,2.4,1350,0,78300
TVSMOTOR30Jan20490CE.NFO,07/01/2020,14:01:46,2.5,2.35,1350,2.4,1350,0,78300
TVSMOTOR30Jan20490CE.NFO,07/01/2020,14:02:24,2.5,2.35,1350,2.45,1350,0,78300
TVSMOTOR30Jan20490CE.NFO,07/01/2020,14:03:02,2.5,2.35,1350,2.5,1350,0,78300
TVSMOTOR30Jan20490CE.NFO,07/01/2020,14:03:26,2.5,2.45,1350,2.5,1350,0,78300
TVSMOTOR30Jan20490CE.NFO,07/01/2020,14:04:38,2.5,2.4,2700,2.5,1350,0,78300
TVSMOTOR30Jan20490CE.NFO,07/01/2020,14:05:38,2.5,2.4,1350,2.5,1350,0,78300
TVSMOTOR30Jan20490CE.NFO,07/01/2020,14:06:13,2.5,2.4,1350,2.5,2700,0,78300
TVSMOTOR30Jan20490CE.NFO,07/01/2020,14:06:20,2.5,2.35,1350,2.45,1350,0,78300
TVSMOTOR30Jan20490CE.NFO,07/01/2020,14:06:37,2.5,2.35,1350,2.45,2700,0,78300
TVSMOTOR30Jan20490CE.NFO,07/01/2020,14:06:46,2.5,2.3,2700,2.45,2700,0,78300
TVSMOTOR30Jan20490CE.NFO,07/01/2020,14:07:33,2.5,2.25,1350,2.45,2700,0,78300
TVSMOTOR30Jan20490CE.NFO,07/01/2020,14:08:59,2.5,2.2,2700,2.45,2700,0,78300
TVSMOTOR30Jan20490CE.NFO,07/01/2020,14:10:18,2.5,2.25,4050,2.45,2700,0,78300
TVSMOTOR30Jan20490CE.NFO,07/01/2020,14:10:23,2.5,2.3,1350,2.45,2700,0,78300
TVSMOTOR30Jan20490CE.NFO,07/01/2020,14:10:29,2.5,2.2,2700,2.45,2700,0,78300
TVSMOTOR30Jan20490CE.NFO,07/01/2020,14:14:26,2.5,2.2,1350,2.45,2700,0,78300
TVSMOTOR30Jan20490CE.NFO,07/01/2020,14:15:26,2.5,2.25,4050,2.45,1350,0,78300
TVSMOTOR30Jan20490CE.NFO,07/01/2020,14:15:33,2.5,2.25,2700,2.45,1350,0,78300
TVSMOTOR30Jan20490CE.NFO,07/01/2020,14:15:46,2.5,2.25,1350,2.4,2700,0,78300
TVSMOTOR30Jan20490CE.NFO,07/01/2020,14:16:06,2.5,2.25,1350,2.4,1350,0,78300
TVSMOTOR30Jan20490CE.NFO,07/01/2020,14:19:33,2.5,2.25,1350,2.45,1350,0,78300
TVSMOTOR30Jan20490CE.NFO,07/01/2020,14:19:37,2.5,2.25,1350,2.4,2700,0,78300
TVSMOTOR30Jan20490CE.NFO,07/01/2020,14:20:49,2.5,2.25,2700,2.4,2700,0,78300
TVSMOTOR30Jan20490CE.NFO,07/01/2020,14:22:07,2.5,2.25,2700,2.4,1350,0,78300
TVSMOTOR30Jan20490CE.NFO,07/01/2020,14:22:16,2.5,2.25,2700,2.45,1350,0,78300
TVSMOTOR30Jan20490CE.NFO,07/01/2020,14:23:19,2.5,2.25,2700,2.4,2700,0,78300
TVSMOTOR30Jan20490CE.NFO,07/01/2020,14:24:53,2.5,2.25,2700,2.4,1350,0,78300
TVSMOTOR30Jan20490CE.NFO,07/01/2020,14:24:58,2.5,2.25,2700,2.4,2700,0,78300
TVSMOTOR30Jan20490CE.NFO,07/01/2020,14:25:24,2.5,2.25,2700,2.45,1350,0,78300
TVSMOTOR30Jan20490CE.NFO,07/01/2020,14:25:34,2.5,2.25,2700,2.4,2700,0,78300
TVSMOTOR30Jan20490CE.NFO,07/01/2020,14:26:44,2.5,2.25,2700,2.45,1350,0,78300
TVSMOTOR30Jan20490CE.NFO,07/01/2020,14:30:30,2.5,2.35,1350,2.5,2700,0,78300
TVSMOTOR30Jan20490CE.NFO,07/01/2020,14:30:39,2.5,2.35,1350,2.5,1350,0,78300
TVSMOTOR30Jan20490CE.NFO,07/01/2020,14:30:58,2.5,2.3,2700,2.5,1350,0,78300
TVSMOTOR30Jan20490CE.NFO,07/01/2020,14:32:26,2.5,2.3,2700,2.45,2700,0,78300
TVSMOTOR30Jan20490CE.NFO,07/01/2020,14:33:07,2.5,2.3,2700,2.45,1350,0,78300
TVSMOTOR30Jan20490CE.NFO,07/01/2020,14:33:23,2.5,2.3,2700,2.45,2700,0,78300
TVSMOTOR30Jan20490CE.NFO,07/01/2020,14:33:30,2.5,2.3,2700,2.45,1350,0,78300
TVSMOTOR30Jan20490CE.NFO,07/01/2020,14:33:43,2.5,2.3,2700,2.45,2700,0,78300
TVSMOTOR30Jan20490CE.NFO,07/01/2020,14:34:02,2.5,2.3,2700,2.45,1350,0,78300
TVSMOTOR30Jan20490CE.NFO,07/01/2020,14:35:33,2.5,2.3,2700,2.45,2700,0,78300
TVSMOTOR30Jan20490CE.NFO,07/01/2020,14:36:05,2.5,2.3,2700,2.45,1350,0,78300
TVSMOTOR30Jan20490CE.NFO,07/01/2020,14:36:10,2.5,2.3,2700,2.45,2700,0,78300
TVSMOTOR30Jan20490CE.NFO,07/01/2020,14:37:30,2.5,2.3,2700,2.45,1350,0,78300
TVSMOTOR30Jan20490CE.NFO,07/01/2020,14:37:34,2.5,2.3,2700,2.5,1350,0,78300
TVSMOTOR30Jan20490CE.NFO,07/01/2020,14:37:50,2.5,2.3,2700,2.45,2700,0,78300
TVSMOTOR30Jan20490CE.NFO,07/01/2020,14:38:12,2.5,2.3,2700,2.45,1350,0,78300
TVSMOTOR30Jan20490CE.NFO,07/01/2020,14:38:22,2.5,2.3,1350,2.45,1350,0,78300
TVSMOTOR30Jan20490CE.NFO,07/01/2020,14:38:45,2.5,2.3,1350,2.5,1350,0,78300
TVSMOTOR30Jan20490CE.NFO,07/01/2020,14:39:28,2.5,2.3,1350,2.5,2700,0,78300
TVSMOTOR30Jan20490CE.NFO,07/01/2020,14:45:30,2.5,2.25,2700,2.5,2700,0,78300
TVSMOTOR30Jan20490CE.NFO,07/01/2020,14:46:23,2.5,2.25,2700,2.4,1350,0,78300
TVSMOTOR30Jan20490CE.NFO,07/01/2020,14:46:34,2.5,2.25,2700,2.4,2700,0,78300
TVSMOTOR30Jan20490CE.NFO,07/01/2020,14:46:47,2.5,2.35,1350,2.45,1350,0,78300
TVSMOTOR30Jan20490CE.NFO,07/01/2020,14:46:51,2.5,2.3,2700,2.5,4050,0,78300
TVSMOTOR30Jan20490CE.NFO,07/01/2020,14:48:57,2.5,2.3,2700,2.5,1350,0,78300
TVSMOTOR30Jan20490CE.NFO,07/01/2020,14:50:34,2.5,2.3,2700,2.5,2700,0,78300
TVSMOTOR30Jan20490CE.NFO,07/01/2020,14:54:36,2.5,2.3,2700,2.5,1350,0,78300
TVSMOTOR30Jan20490CE.NFO,07/01/2020,14:57:44,2.5,2.4,1350,2.55,2700,0,78300
TVSMOTOR30Jan20490CE.NFO,07/01/2020,14:58:26,2.5,2.35,2700,2.5,2700,0,78300
TVSMOTOR30Jan20490CE.NFO,07/01/2020,14:58:36,2.5,2.35,2700,2.5,1350,0,78300
TVSMOTOR30Jan20490CE.NFO,07/01/2020,14:58:40,2.5,2.35,2700,2.55,2700,0,78300
TVSMOTOR30Jan20490CE.NFO,07/01/2020,14:59:55,2.5,2.35,2700,2.55,1350,0,78300
TVSMOTOR30Jan20490CE.NFO,07/01/2020,15:00:00,2.5,2.4,2700,2.6,2700,0,78300
TVSMOTOR30Jan20490CE.NFO,07/01/2020,15:00:09,2.5,2.45,2700,2.6,2700,0,78300
TVSMOTOR30Jan20490CE.NFO,07/01/2020,15:00:19,2.5,2.45,1350,2.6,2700,0,78300
TVSMOTOR30Jan20490CE.NFO,07/01/2020,15:00:27,2.5,2.4,2700,2.6,2700,0,78300
TVSMOTOR30Jan20490CE.NFO,07/01/2020,15:00:33,2.5,2.4,2700,2.55,1350,0,78300
TVSMOTOR30Jan20490CE.NFO,07/01/2020,15:00:39,2.5,2.4,1350,2.55,1350,0,78300
TVSMOTOR30Jan20490CE.NFO,07/01/2020,15:00:55,2.5,2.35,2700,2.55,1350,0,78300
TVSMOTOR30Jan20490CE.NFO,07/01/2020,15:04:01,2.5,2.35,2700,2.5,1350,0,78300
TVSMOTOR30Jan20490CE.NFO,07/01/2020,15:04:08,2.5,2.35,2700,2.55,1350,0,78300
TVSMOTOR30Jan20490CE.NFO,07/01/2020,15:04:42,2.5,2.35,2700,2.5,1350,0,78300
TVSMOTOR30Jan20490CE.NFO,07/01/2020,15:05:11,2.5,2.35,2700,2.55,1350,0,78300
TVSMOTOR30Jan20490CE.NFO,07/01/2020,15:05:21,2.5,2.35,2700,2.5,2700,0,78300
TVSMOTOR30Jan20490CE.NFO,07/01/2020,15:05:25,2.5,2.35,2700,2.5,1350,0,78300
TVSMOTOR30Jan20490CE.NFO,07/01/2020,15:06:22,2.5,2.35,1350,2.5,1350,0,78300
TVSMOTOR30Jan20490CE.NFO,07/01/2020,15:07:30,2.5,2.3,4050,2.5,1350,0,78300
TVSMOTOR30Jan20490CE.NFO,07/01/2020,15:07:50,2.5,2.3,2700,2.45,1350,0,78300
TVSMOTOR30Jan20490CE.NFO,07/01/2020,15:07:55,2.5,2.3,2700,2.45,2700,0,78300
TVSMOTOR30Jan20490CE.NFO,07/01/2020,15:08:20,2.5,2.3,2700,2.5,1350,0,78300
TVSMOTOR30Jan20490CE.NFO,07/01/2020,15:08:29,2.5,2.3,2700,2.45,2700,0,78300
TVSMOTOR30Jan20490CE.NFO,07/01/2020,15:08:34,2.5,2.35,4050,2.5,1350,0,78300
TVSMOTOR30Jan20490CE.NFO,07/01/2020,15:08:37,2.5,2.35,2700,2.5,1350,0,78300
TVSMOTOR30Jan20490CE.NFO,07/01/2020,15:08:41,2.5,2.35,1350,2.5,1350,0,78300
TVSMOTOR30Jan20490CE.NFO,07/01/2020,15:08:49,2.5,2.3,1350,2.5,1350,0,78300
TVSMOTOR30Jan20490CE.NFO,07/01/2020,15:08:53,2.5,2.3,1350,2.4,1350,0,78300
TVSMOTOR30Jan20490CE.NFO,07/01/2020,15:08:56,2.5,2.25,4050,2.4,1350,0,78300
TVSMOTOR30Jan20490CE.NFO,07/01/2020,15:09:08,2.5,2.25,2700,2.4,1350,0,78300
TVSMOTOR30Jan20490CE.NFO,07/01/2020,15:10:12,2.5,2.25,2700,2.45,4050,0,78300
TVSMOTOR30Jan20490CE.NFO,07/01/2020,15:10:28,2.5,2.25,1350,2.45,4050,0,78300
TVSMOTOR30Jan20490CE.NFO,07/01/2020,15:10:37,2.5,2.2,2700,2.45,4050,0,78300
TVSMOTOR30Jan20490CE.NFO,07/01/2020,15:11:05,2.5,2.5,8100,2.65,2700,10800,72900
TVSMOTOR30Jan20490CE.NFO,07/01/2020,15:11:11,2.5,2.6,8100,2.65,2700,0,72900
TVSMOTOR30Jan20490CE.NFO,07/01/2020,15:11:56,2.75,2.55,1350,2.8,4050,8100,72900
TVSMOTOR30Jan20490CE.NFO,07/01/2020,15:12:02,2.75,2.55,1350,2.8,4050,0,72900
TVSMOTOR30Jan20490CE.NFO,07/01/2020,15:12:40,2.55,2.5,1350,2.8,4050,1350,68850
TVSMOTOR30Jan20490CE.NFO,07/01/2020,15:12:44,2.55,2.5,1350,2.8,4050,0,68850
TVSMOTOR30Jan20490CE.NFO,07/01/2020,15:15:17,2.55,2.55,2700,2.8,4050,0,68850
TVSMOTOR30Jan20490CE.NFO,07/01/2020,15:16:04,2.55,2.55,1350,2.8,4050,0,68850
TVSMOTOR30Jan20490CE.NFO,07/01/2020,15:16:31,2.55,2.5,1350,2.8,4050,0,68850
TVSMOTOR30Jan20490CE.NFO,07/01/2020,15:23:16,2.55,2.45,1350,2.8,4050,0,68850
TVSMOTOR30Jan20490CE.NFO,07/01/2020,15:23:24,2.55,2.4,2700,2.8,4050,0,68850
TVSMOTOR30Jan20490CE.NFO,07/01/2020,15:23:38,2.55,2.4,2700,2.7,2700,0,68850
TVSMOTOR30Jan20490CE.NFO,07/01/2020,15:24:31,2.55,2.35,1350,2.7,2700,0,68850
TVSMOTOR30Jan20490CE.NFO,07/01/2020,15:25:05,2.55,2.3,2700,2.7,2700,0,68850
TVSMOTOR30Jan20490CE.NFO,07/01/2020,15:25:39,2.55,2.3,1350,2.7,2700,0,68850
TVSMOTOR30Jan20490CE.NFO,07/01/2020,15:25:47,2.55,2.3,1350,2.7,4050,0,68850
TVSMOTOR30Jan20490CE.NFO,07/01/2020,15:28:44,2.55,2.15,1350,2.7,4050,0,68850
TVSMOTOR30Jan20490CE.NFO,07/01/2020,15:28:50,2.55,2.25,1350,2.7,4050,0,68850
TVSMOTOR30Jan20490CE.NFO,07/01/2020,15:29:38,2.55,2.25,1350,2.7,1350,0,68850
