Ticker,Date,Time,LTP,BuyPrice,BuyQty,SellPrice,SellQty,LTQ,OpenInterest
TVSMOTOR30Jan20480CE.NFO,07/01/2020,09:19:37,4.95,4,2700,4.95,1350,1350,182250
TVSMOTOR30Jan20480CE.NFO,07/01/2020,09:19:37,4.95,4,2700,4.95,1350,0,182250
TVSMOTOR30Jan20480CE.NFO,07/01/2020,09:19:37,4.95,4,2700,4.95,1350,0,182250
TVSMOTOR30Jan20480CE.NFO,07/01/2020,09:19:37,4.95,4,2700,4.95,1350,0,182250
TVSMOTOR30Jan20480CE.NFO,07/01/2020,09:19:46,4.95,4,2700,4.95,1350,0,182250
TVSMOTOR30Jan20480CE.NFO,07/01/2020,09:20:17,4.95,4,2700,4.95,2700,1350,183600
TVSMOTOR30Jan20480CE.NFO,07/01/2020,09:20:25,4.95,4,2700,4.95,2700,0,183600
TVSMOTOR30Jan20480CE.NFO,07/01/2020,09:22:06,4.95,4.1,2700,4.95,2700,0,183600
TVSMOTOR30Jan20480CE.NFO,07/01/2020,09:22:58,4.95,4.1,2700,4.95,4050,0,183600
TVSMOTOR30Jan20480CE.NFO,07/01/2020,09:23:39,4.95,4.2,2700,4.95,4050,0,183600
TVSMOTOR30Jan20480CE.NFO,07/01/2020,09:24:52,4.95,4.2,2700,4.85,2700,0,183600
TVSMOTOR30Jan20480CE.NFO,07/01/2020,09:25:06,4.95,4.2,2700,4.7,2700,0,183600
TVSMOTOR30Jan20480CE.NFO,07/01/2020,09:25:27,4.95,4.2,1350,4.6,2700,0,183600
TVSMOTOR30Jan20480CE.NFO,07/01/2020,09:25:51,4.95,4,2700,4.4,2700,0,183600
TVSMOTOR30Jan20480CE.NFO,07/01/2020,09:26:13,4.95,4.1,2700,4.5,2700,0,183600
TVSMOTOR30Jan20480CE.NFO,07/01/2020,09:26:20,4.95,4.2,2700,4.5,2700,0,183600
TVSMOTOR30Jan20480CE.NFO,07/01/2020,09:26:26,4.95,4.2,1350,4.5,2700,0,183600
TVSMOTOR30Jan20480CE.NFO,07/01/2020,09:27:13,4.95,4.15,1350,4.5,2700,0,183600
TVSMOTOR30Jan20480CE.NFO,07/01/2020,09:27:19,4.95,4.15,2700,4.5,2700,0,183600
TVSMOTOR30Jan20480CE.NFO,07/01/2020,09:28:14,4.95,4.05,1350,4.4,2700,0,183600
TVSMOTOR30Jan20480CE.NFO,07/01/2020,09:28:45,4.95,4.05,1350,4.3,2700,0,183600
TVSMOTOR30Jan20480CE.NFO,07/01/2020,09:29:26,4.95,4,2700,4.3,2700,0,183600
TVSMOTOR30Jan20480CE.NFO,07/01/2020,09:29:33,4.95,3.95,1350,4.2,2700,0,183600
TVSMOTOR30Jan20480CE.NFO,07/01/2020,09:29:39,4.95,3.95,2700,4.2,2700,0,183600
TVSMOTOR30Jan20480CE.NFO,07/01/2020,09:29:46,4.95,3.95,2700,4.2,1350,0,183600
TVSMOTOR30Jan20480CE.NFO,07/01/2020,09:29:52,4.95,3.95,1350,4.2,1350,0,183600
TVSMOTOR30Jan20480CE.NFO,07/01/2020,09:30:07,4.95,3.95,2700,4.25,1350,0,183600
TVSMOTOR30Jan20480CE.NFO,07/01/2020,09:30:19,4.95,3.95,1350,4.25,1350,0,183600
TVSMOTOR30Jan20480CE.NFO,07/01/2020,09:30:56,4.95,4,2700,4.25,1350,0,183600
TVSMOTOR30Jan20480CE.NFO,07/01/2020,09:31:01,4.95,4,1350,4.25,1350,0,183600
TVSMOTOR30Jan20480CE.NFO,07/01/2020,09:31:07,4.95,4.05,2700,4.25,1350,0,183600
TVSMOTOR30Jan20480CE.NFO,07/01/2020,09:31:13,4.95,4.1,1350,4.25,1350,0,183600
TVSMOTOR30Jan20480CE.NFO,07/01/2020,09:31:19,4.95,4.05,1350,4.25,1350,0,183600
TVSMOTOR30Jan20480CE.NFO,07/01/2020,09:31:25,4.95,4.2,1350,4.25,1350,0,183600
TVSMOTOR30Jan20480CE.NFO,07/01/2020,09:31:31,4.95,4.15,1350,4.25,1350,0,183600
TVSMOTOR30Jan20480CE.NFO,07/01/2020,09:31:47,4.2,4,2700,4.25,1350,1350,184950
TVSMOTOR30Jan20480CE.NFO,07/01/2020,09:31:47,4.2,4,2700,4.25,1350,0,184950
TVSMOTOR30Jan20480CE.NFO,07/01/2020,09:31:53,4.2,4,2700,4.25,1350,0,184950
TVSMOTOR30Jan20480CE.NFO,07/01/2020,09:32:18,4.2,4,4050,4.25,1350,0,184950
TVSMOTOR30Jan20480CE.NFO,07/01/2020,09:32:32,4.2,4.1,1350,4.25,1350,0,184950
TVSMOTOR30Jan20480CE.NFO,07/01/2020,09:33:08,4.2,4.05,1350,4.25,1350,0,184950
TVSMOTOR30Jan20480CE.NFO,07/01/2020,09:33:21,4.2,4.1,1350,4.25,1350,0,184950
TVSMOTOR30Jan20480CE.NFO,07/01/2020,09:34:35,4.1,4,1350,4.15,2700,1350,184950
TVSMOTOR30Jan20480CE.NFO,07/01/2020,09:34:35,4.1,4,1350,4.15,2700,0,184950
TVSMOTOR30Jan20480CE.NFO,07/01/2020,09:34:42,4.1,4,1350,4.15,2700,0,184950
TVSMOTOR30Jan20480CE.NFO,07/01/2020,09:34:53,4.1,4.05,2700,4.25,1350,0,184950
TVSMOTOR30Jan20480CE.NFO,07/01/2020,09:35:15,4.1,4.05,2700,4.3,2700,0,184950
TVSMOTOR30Jan20480CE.NFO,07/01/2020,09:35:21,4.1,4.1,1350,4.3,2700,0,184950
TVSMOTOR30Jan20480CE.NFO,07/01/2020,09:35:38,4.1,4.1,1350,4.25,2700,0,184950
TVSMOTOR30Jan20480CE.NFO,07/01/2020,09:35:45,4.1,4,4050,4.25,2700,0,184950
TVSMOTOR30Jan20480CE.NFO,07/01/2020,09:35:54,4.1,4.1,1350,4.25,2700,0,184950
TVSMOTOR30Jan20480CE.NFO,07/01/2020,09:36:20,4.1,4.1,1350,4.25,1350,0,184950
TVSMOTOR30Jan20480CE.NFO,07/01/2020,09:36:26,4.1,4.1,2700,4.25,1350,0,184950
TVSMOTOR30Jan20480CE.NFO,07/01/2020,09:36:31,4.1,4.15,1350,4.3,1350,0,184950
TVSMOTOR30Jan20480CE.NFO,07/01/2020,09:36:47,4.1,4.1,1350,4.3,1350,0,184950
TVSMOTOR30Jan20480CE.NFO,07/01/2020,09:36:53,4.1,4.15,1350,4.3,1350,0,184950
TVSMOTOR30Jan20480CE.NFO,07/01/2020,09:36:58,4.1,4.1,2700,4.3,1350,0,184950
TVSMOTOR30Jan20480CE.NFO,07/01/2020,09:37:09,4.1,4.1,1350,4.25,1350,0,184950
TVSMOTOR30Jan20480CE.NFO,07/01/2020,09:37:40,4.1,4.15,1350,4.25,1350,0,184950
TVSMOTOR30Jan20480CE.NFO,07/01/2020,09:37:54,4.1,4.2,1350,4.25,1350,0,184950
TVSMOTOR30Jan20480CE.NFO,07/01/2020,09:38:43,4.1,4.2,1350,4.3,1350,0,184950
TVSMOTOR30Jan20480CE.NFO,07/01/2020,09:38:54,4.1,4.2,1350,4.25,4050,0,184950
TVSMOTOR30Jan20480CE.NFO,07/01/2020,09:38:59,4.25,4.2,1350,4.3,1350,1350,186300
TVSMOTOR30Jan20480CE.NFO,07/01/2020,09:39:04,4.25,4.2,1350,4.3,1350,0,186300
TVSMOTOR30Jan20480CE.NFO,07/01/2020,09:39:14,4.3,4.2,4050,4.4,1350,1350,186300
TVSMOTOR30Jan20480CE.NFO,07/01/2020,09:39:20,4.3,4.2,4050,4.4,1350,0,186300
TVSMOTOR30Jan20480CE.NFO,07/01/2020,09:39:35,4.3,4.2,4050,4.4,2700,0,186300
TVSMOTOR30Jan20480CE.NFO,07/01/2020,09:40:20,4.3,4.2,1350,4.4,2700,0,186300
TVSMOTOR30Jan20480CE.NFO,07/01/2020,09:40:42,4.3,4.2,2700,4.4,2700,0,186300
TVSMOTOR30Jan20480CE.NFO,07/01/2020,09:41:36,4.3,4.25,4050,4.45,1350,0,186300
TVSMOTOR30Jan20480CE.NFO,07/01/2020,09:41:40,4.3,4.25,4050,4.5,2700,0,186300
TVSMOTOR30Jan20480CE.NFO,07/01/2020,09:42:05,4.3,4.25,2700,4.45,2700,0,186300
TVSMOTOR30Jan20480CE.NFO,07/01/2020,09:42:12,4.3,4.25,2700,4.45,1350,0,186300
TVSMOTOR30Jan20480CE.NFO,07/01/2020,09:42:26,4.3,4.25,2700,4.5,2700,0,186300
TVSMOTOR30Jan20480CE.NFO,07/01/2020,09:42:54,4.3,4.2,2700,4.45,4050,0,186300
TVSMOTOR30Jan20480CE.NFO,07/01/2020,09:43:06,4.3,4.2,1350,4.45,4050,0,186300
TVSMOTOR30Jan20480CE.NFO,07/01/2020,09:43:57,4.3,4.3,1350,4.45,4050,0,186300
TVSMOTOR30Jan20480CE.NFO,07/01/2020,09:44:09,4.3,4.35,1350,4.45,4050,0,186300
TVSMOTOR30Jan20480CE.NFO,07/01/2020,09:44:31,4.35,4.3,1350,4.45,4050,1350,186300
TVSMOTOR30Jan20480CE.NFO,07/01/2020,09:44:35,4.35,4.3,1350,4.45,4050,0,186300
TVSMOTOR30Jan20480CE.NFO,07/01/2020,09:45:21,4.35,4.2,2700,4.45,4050,0,186300
TVSMOTOR30Jan20480CE.NFO,07/01/2020,09:45:49,4.35,4.25,1350,4.45,4050,0,186300
TVSMOTOR30Jan20480CE.NFO,07/01/2020,09:45:55,4.35,4.2,1350,4.45,4050,0,186300
TVSMOTOR30Jan20480CE.NFO,07/01/2020,09:46:27,4.35,4.2,1350,4.35,2700,0,186300
TVSMOTOR30Jan20480CE.NFO,07/01/2020,09:47:10,4.35,4.2,1350,4.35,1350,0,186300
TVSMOTOR30Jan20480CE.NFO,07/01/2020,09:47:42,4.35,4.2,1350,4.4,2700,0,186300
TVSMOTOR30Jan20480CE.NFO,07/01/2020,09:47:47,4.35,4.2,2700,4.4,2700,0,186300
TVSMOTOR30Jan20480CE.NFO,07/01/2020,09:47:52,4.35,4.2,1350,4.4,2700,0,186300
TVSMOTOR30Jan20480CE.NFO,07/01/2020,09:48:01,4.35,4.2,1350,4.3,1350,0,186300
TVSMOTOR30Jan20480CE.NFO,07/01/2020,09:48:15,4.35,4.2,1350,4.35,2700,0,186300
TVSMOTOR30Jan20480CE.NFO,07/01/2020,09:48:37,4.35,4.2,2700,4.35,2700,0,186300
TVSMOTOR30Jan20480CE.NFO,07/01/2020,09:49:30,4.35,4.2,1350,4.3,1350,0,186300
TVSMOTOR30Jan20480CE.NFO,07/01/2020,09:49:41,4.35,4.2,1350,4.35,2700,0,186300
TVSMOTOR30Jan20480CE.NFO,07/01/2020,09:50:40,4.2,4.05,1350,4.25,2700,1350,186300
TVSMOTOR30Jan20480CE.NFO,07/01/2020,09:50:44,4.2,4.05,1350,4.25,2700,0,186300
TVSMOTOR30Jan20480CE.NFO,07/01/2020,09:50:49,4.2,4.05,2700,4.25,2700,0,186300
TVSMOTOR30Jan20480CE.NFO,07/01/2020,09:51:04,4.2,4.05,1350,4.25,2700,0,186300
TVSMOTOR30Jan20480CE.NFO,07/01/2020,09:51:10,4.2,4.2,1350,4.25,2700,0,186300
TVSMOTOR30Jan20480CE.NFO,07/01/2020,09:51:14,4.2,4.05,1350,4.25,2700,1350,186300
TVSMOTOR30Jan20480CE.NFO,07/01/2020,09:51:44,4.25,4.05,2700,4.25,1350,1350,186300
TVSMOTOR30Jan20480CE.NFO,07/01/2020,09:51:50,4.25,4.05,2700,4.25,1350,0,186300
TVSMOTOR30Jan20480CE.NFO,07/01/2020,09:51:55,4.25,4.05,2700,4.3,4050,0,186300
TVSMOTOR30Jan20480CE.NFO,07/01/2020,09:52:20,4.25,4.05,1350,4.3,4050,0,186300
TVSMOTOR30Jan20480CE.NFO,07/01/2020,09:52:24,4.25,4.05,1350,4.2,2700,0,186300
TVSMOTOR30Jan20480CE.NFO,07/01/2020,09:52:35,4.25,4,1350,4.2,2700,0,186300
TVSMOTOR30Jan20480CE.NFO,07/01/2020,09:52:40,4.25,4,1350,4.2,1350,0,186300
TVSMOTOR30Jan20480CE.NFO,07/01/2020,09:53:03,4.25,4,1350,4.1,2700,0,186300
TVSMOTOR30Jan20480CE.NFO,07/01/2020,09:53:10,4.25,4,1350,4.1,1350,0,186300
TVSMOTOR30Jan20480CE.NFO,07/01/2020,09:54:06,4,3.9,1350,4.1,2700,1350,190350
TVSMOTOR30Jan20480CE.NFO,07/01/2020,09:54:06,4,3.9,1350,4.1,2700,0,190350
TVSMOTOR30Jan20480CE.NFO,07/01/2020,09:54:11,4.05,3.9,2700,4.1,1350,1350,190350
TVSMOTOR30Jan20480CE.NFO,07/01/2020,09:54:17,4.05,3.9,2700,4.1,1350,0,190350
TVSMOTOR30Jan20480CE.NFO,07/01/2020,09:54:22,4.05,3.9,1350,4.1,1350,0,190350
TVSMOTOR30Jan20480CE.NFO,07/01/2020,09:54:28,4.05,3.9,2700,4.1,1350,0,190350
TVSMOTOR30Jan20480CE.NFO,07/01/2020,09:54:33,4.05,3.9,1350,4.1,1350,0,190350
TVSMOTOR30Jan20480CE.NFO,07/01/2020,09:55:14,4.05,3.95,1350,4.1,1350,0,190350
TVSMOTOR30Jan20480CE.NFO,07/01/2020,09:55:20,4,3.95,2700,4.1,1350,1350,190350
TVSMOTOR30Jan20480CE.NFO,07/01/2020,09:55:25,4,3.95,2700,4.1,1350,0,190350
TVSMOTOR30Jan20480CE.NFO,07/01/2020,09:55:36,4,3.95,2700,4.15,2700,0,190350
TVSMOTOR30Jan20480CE.NFO,07/01/2020,09:55:58,4,3.95,1350,4.1,2700,0,190350
TVSMOTOR30Jan20480CE.NFO,07/01/2020,09:56:03,4,3.95,1350,4.1,1350,0,190350
TVSMOTOR30Jan20480CE.NFO,07/01/2020,09:56:08,4,3.9,2700,4.1,1350,0,190350
TVSMOTOR30Jan20480CE.NFO,07/01/2020,09:56:15,4,3.9,1350,4.1,1350,0,190350
TVSMOTOR30Jan20480CE.NFO,07/01/2020,09:56:22,4,3.85,1350,3.95,1350,0,190350
TVSMOTOR30Jan20480CE.NFO,07/01/2020,09:56:34,4,3.85,2700,4,1350,0,190350
TVSMOTOR30Jan20480CE.NFO,07/01/2020,09:56:57,4,3.95,2700,4.15,1350,0,190350
TVSMOTOR30Jan20480CE.NFO,07/01/2020,09:57:01,4,3.95,2700,4.15,2700,0,190350
TVSMOTOR30Jan20480CE.NFO,07/01/2020,09:57:06,4,3.95,1350,4.15,2700,0,190350
TVSMOTOR30Jan20480CE.NFO,07/01/2020,09:57:11,4,3.9,2700,4.15,2700,0,190350
TVSMOTOR30Jan20480CE.NFO,07/01/2020,09:57:47,4,4.05,1350,4.15,2700,0,190350
TVSMOTOR30Jan20480CE.NFO,07/01/2020,09:57:51,4.05,3.85,2700,4.15,4050,1350,191700
TVSMOTOR30Jan20480CE.NFO,07/01/2020,09:57:55,4.05,3.85,2700,4.15,2700,0,191700
TVSMOTOR30Jan20480CE.NFO,07/01/2020,09:58:00,4.05,3.85,1350,4.15,2700,0,191700
TVSMOTOR30Jan20480CE.NFO,07/01/2020,09:58:26,4.05,3.85,1350,4,2700,0,191700
TVSMOTOR30Jan20480CE.NFO,07/01/2020,09:58:49,3.85,3.8,1350,3.9,2700,1350,191700
TVSMOTOR30Jan20480CE.NFO,07/01/2020,09:58:49,3.85,3.8,1350,3.9,2700,0,191700
TVSMOTOR30Jan20480CE.NFO,07/01/2020,09:58:55,3.85,3.8,1350,3.9,2700,0,191700
TVSMOTOR30Jan20480CE.NFO,07/01/2020,10:00:42,3.8,3.75,1350,3.8,2700,1350,193050
TVSMOTOR30Jan20480CE.NFO,07/01/2020,10:00:42,3.8,3.75,1350,3.8,2700,0,193050
TVSMOTOR30Jan20480CE.NFO,07/01/2020,10:01:21,3.8,3.75,1350,3.8,1350,0,193050
TVSMOTOR30Jan20480CE.NFO,07/01/2020,10:01:33,3.8,3.75,1350,3.8,2700,0,193050
TVSMOTOR30Jan20480CE.NFO,07/01/2020,10:01:38,3.8,3.75,1350,3.8,1350,0,193050
TVSMOTOR30Jan20480CE.NFO,07/01/2020,10:01:44,3.8,3.75,1350,3.8,2700,0,193050
TVSMOTOR30Jan20480CE.NFO,07/01/2020,10:02:02,3.75,3.65,1350,3.8,2700,1350,193050
TVSMOTOR30Jan20480CE.NFO,07/01/2020,10:02:02,3.75,3.65,1350,3.8,2700,0,193050
TVSMOTOR30Jan20480CE.NFO,07/01/2020,10:02:07,3.75,3.65,1350,3.75,2700,0,193050
TVSMOTOR30Jan20480CE.NFO,07/01/2020,10:02:18,3.75,3.65,1350,3.75,1350,0,193050
TVSMOTOR30Jan20480CE.NFO,07/01/2020,10:02:28,3.7,3.65,1350,3.85,4050,1350,195750
TVSMOTOR30Jan20480CE.NFO,07/01/2020,10:02:28,3.7,3.65,1350,3.85,4050,0,195750
TVSMOTOR30Jan20480CE.NFO,07/01/2020,10:02:43,3.7,3.7,4050,3.85,1350,0,195750
TVSMOTOR30Jan20480CE.NFO,07/01/2020,10:03:09,3.7,3.7,2700,3.85,1350,1350,195750
TVSMOTOR30Jan20480CE.NFO,07/01/2020,10:03:16,3.7,3.7,2700,3.85,1350,0,195750
TVSMOTOR30Jan20480CE.NFO,07/01/2020,10:05:22,3.7,3.7,2700,3.85,2700,0,195750
TVSMOTOR30Jan20480CE.NFO,07/01/2020,10:05:27,3.7,3.7,1350,3.85,2700,0,195750
TVSMOTOR30Jan20480CE.NFO,07/01/2020,10:05:32,3.7,3.65,1350,3.8,1350,0,195750
TVSMOTOR30Jan20480CE.NFO,07/01/2020,10:05:45,3.7,3.65,1350,3.8,2700,0,195750
TVSMOTOR30Jan20480CE.NFO,07/01/2020,10:05:51,3.7,3.65,1350,3.8,1350,0,195750
TVSMOTOR30Jan20480CE.NFO,07/01/2020,10:06:15,3.7,3.65,1350,3.85,2700,0,195750
TVSMOTOR30Jan20480CE.NFO,07/01/2020,10:06:47,3.7,3.6,1350,3.7,2700,0,195750
TVSMOTOR30Jan20480CE.NFO,07/01/2020,10:06:58,3.7,3.6,1350,3.7,1350,0,195750
TVSMOTOR30Jan20480CE.NFO,07/01/2020,10:07:07,3.7,3.6,1350,3.7,2700,0,195750
TVSMOTOR30Jan20480CE.NFO,07/01/2020,10:07:30,3.7,3.6,1350,3.7,1350,0,195750
TVSMOTOR30Jan20480CE.NFO,07/01/2020,10:07:37,3.7,3.6,1350,3.7,2700,0,195750
TVSMOTOR30Jan20480CE.NFO,07/01/2020,10:07:55,3.7,3.6,2700,3.75,1350,0,195750
TVSMOTOR30Jan20480CE.NFO,07/01/2020,10:08:14,3.7,3.6,2700,3.8,1350,0,195750
TVSMOTOR30Jan20480CE.NFO,07/01/2020,10:08:20,3.7,3.6,2700,3.75,2700,0,195750
TVSMOTOR30Jan20480CE.NFO,07/01/2020,10:08:32,3.7,3.65,2700,3.8,1350,0,195750
TVSMOTOR30Jan20480CE.NFO,07/01/2020,10:08:51,3.7,3.65,2700,3.85,1350,0,195750
TVSMOTOR30Jan20480CE.NFO,07/01/2020,10:09:02,3.7,3.65,2700,3.8,2700,0,195750
TVSMOTOR30Jan20480CE.NFO,07/01/2020,10:09:08,3.7,3.65,1350,3.8,2700,0,195750
TVSMOTOR30Jan20480CE.NFO,07/01/2020,10:09:29,3.7,3.65,1350,3.8,4050,0,195750
TVSMOTOR30Jan20480CE.NFO,07/01/2020,10:09:35,3.7,3.65,1350,3.85,1350,0,195750
TVSMOTOR30Jan20480CE.NFO,07/01/2020,10:11:03,3.65,3.6,2700,3.85,2700,2700,195750
TVSMOTOR30Jan20480CE.NFO,07/01/2020,10:11:03,3.65,3.6,2700,3.85,2700,0,195750
TVSMOTOR30Jan20480CE.NFO,07/01/2020,10:11:08,3.65,3.6,2700,3.85,2700,0,195750
TVSMOTOR30Jan20480CE.NFO,07/01/2020,10:11:13,3.65,3.6,2700,3.9,4050,0,195750
TVSMOTOR30Jan20480CE.NFO,07/01/2020,10:11:25,3.65,3.7,2700,3.9,2700,0,195750
TVSMOTOR30Jan20480CE.NFO,07/01/2020,10:11:29,3.65,3.7,2700,3.9,4050,0,195750
TVSMOTOR30Jan20480CE.NFO,07/01/2020,10:11:34,3.65,3.7,2700,3.9,2700,0,195750
TVSMOTOR30Jan20480CE.NFO,07/01/2020,10:11:46,3.65,3.7,2700,3.9,4050,0,195750
TVSMOTOR30Jan20480CE.NFO,07/01/2020,10:12:11,3.65,3.7,2700,3.9,2700,0,195750
TVSMOTOR30Jan20480CE.NFO,07/01/2020,10:13:23,3.65,3.7,2700,3.9,1350,0,195750
TVSMOTOR30Jan20480CE.NFO,07/01/2020,10:13:30,3.65,3.7,5400,3.95,1350,0,195750
TVSMOTOR30Jan20480CE.NFO,07/01/2020,10:13:35,3.65,3.7,2700,3.95,1350,0,195750
TVSMOTOR30Jan20480CE.NFO,07/01/2020,10:13:41,3.65,3.7,2700,3.9,4050,0,195750
TVSMOTOR30Jan20480CE.NFO,07/01/2020,10:13:52,3.65,3.7,2700,3.9,1350,0,195750
TVSMOTOR30Jan20480CE.NFO,07/01/2020,10:13:58,3.65,3.7,2700,3.95,2700,0,195750
TVSMOTOR30Jan20480CE.NFO,07/01/2020,10:14:14,3.65,3.7,5400,3.95,2700,0,195750
TVSMOTOR30Jan20480CE.NFO,07/01/2020,10:14:53,3.65,3.7,5400,3.95,4050,0,195750
TVSMOTOR30Jan20480CE.NFO,07/01/2020,10:14:59,3.65,3.7,5400,3.95,2700,0,195750
TVSMOTOR30Jan20480CE.NFO,07/01/2020,10:15:11,3.65,3.8,2700,3.95,2700,0,195750
TVSMOTOR30Jan20480CE.NFO,07/01/2020,10:16:13,3.65,3.8,1350,3.95,2700,0,195750
TVSMOTOR30Jan20480CE.NFO,07/01/2020,10:16:22,3.65,3.8,1350,3.95,4050,0,195750
TVSMOTOR30Jan20480CE.NFO,07/01/2020,10:16:32,3.65,3.8,1350,3.95,2700,0,195750
TVSMOTOR30Jan20480CE.NFO,07/01/2020,10:16:37,3.65,3.8,1350,3.95,4050,0,195750
TVSMOTOR30Jan20480CE.NFO,07/01/2020,10:16:42,3.65,3.8,1350,3.95,2700,0,195750
TVSMOTOR30Jan20480CE.NFO,07/01/2020,10:17:02,3.95,3.8,1350,3.95,1350,1350,198450
TVSMOTOR30Jan20480CE.NFO,07/01/2020,10:17:08,3.95,3.8,1350,4,1350,0,198450
TVSMOTOR30Jan20480CE.NFO,07/01/2020,10:17:34,3.95,3.8,1350,3.95,2700,0,198450
TVSMOTOR30Jan20480CE.NFO,07/01/2020,10:17:39,3.95,3.7,2700,3.85,1350,0,198450
TVSMOTOR30Jan20480CE.NFO,07/01/2020,10:17:47,3.7,3.7,1350,3.75,2700,1350,198450
TVSMOTOR30Jan20480CE.NFO,07/01/2020,10:17:51,3.7,3.7,1350,3.75,2700,0,198450
TVSMOTOR30Jan20480CE.NFO,07/01/2020,10:17:55,3.7,3.7,1350,3.75,1350,0,198450
TVSMOTOR30Jan20480CE.NFO,07/01/2020,10:18:26,3.7,3.7,1350,3.8,2700,0,198450
TVSMOTOR30Jan20480CE.NFO,07/01/2020,10:19:21,3.7,3.7,1350,3.85,2700,0,198450
TVSMOTOR30Jan20480CE.NFO,07/01/2020,10:20:04,3.7,3.7,1350,3.85,1350,0,198450
TVSMOTOR30Jan20480CE.NFO,07/01/2020,10:20:09,3.7,3.7,2700,3.85,1350,0,198450
TVSMOTOR30Jan20480CE.NFO,07/01/2020,10:20:45,3.7,3.7,1350,3.85,1350,0,198450
TVSMOTOR30Jan20480CE.NFO,07/01/2020,10:21:27,3.7,3.7,2700,3.8,5400,0,198450
TVSMOTOR30Jan20480CE.NFO,07/01/2020,10:21:41,3.7,3.7,2700,3.85,1350,0,198450
TVSMOTOR30Jan20480CE.NFO,07/01/2020,10:22:27,3.7,3.7,1350,3.8,2700,0,198450
TVSMOTOR30Jan20480CE.NFO,07/01/2020,10:22:35,3.7,3.7,1350,3.75,5400,0,198450
TVSMOTOR30Jan20480CE.NFO,07/01/2020,10:22:45,3.7,3.6,1350,3.75,5400,1350,198450
TVSMOTOR30Jan20480CE.NFO,07/01/2020,10:22:53,3.55,3.5,1350,3.55,4050,2700,198450
TVSMOTOR30Jan20480CE.NFO,07/01/2020,10:22:53,3.55,3.5,1350,3.55,4050,0,198450
TVSMOTOR30Jan20480CE.NFO,07/01/2020,10:22:58,3.55,3.5,1350,3.6,2700,0,198450
TVSMOTOR30Jan20480CE.NFO,07/01/2020,10:23:03,3.55,3.5,4050,3.65,1350,0,198450
TVSMOTOR30Jan20480CE.NFO,07/01/2020,10:23:52,3.55,3.5,2700,3.75,1350,0,198450
TVSMOTOR30Jan20480CE.NFO,07/01/2020,10:24:03,3.55,3.6,2700,3.75,1350,0,198450
TVSMOTOR30Jan20480CE.NFO,07/01/2020,10:24:07,3.6,3.6,1350,3.75,1350,1350,201150
TVSMOTOR30Jan20480CE.NFO,07/01/2020,10:24:26,3.6,3.6,1350,3.75,1350,0,201150
TVSMOTOR30Jan20480CE.NFO,07/01/2020,10:24:40,3.6,3.6,1350,3.75,2700,0,201150
TVSMOTOR30Jan20480CE.NFO,07/01/2020,10:24:57,3.6,3.55,2700,3.75,2700,0,201150
TVSMOTOR30Jan20480CE.NFO,07/01/2020,10:25:29,3.6,3.55,1350,3.75,2700,0,201150
TVSMOTOR30Jan20480CE.NFO,07/01/2020,10:26:07,3.6,3.55,1350,3.75,1350,0,201150
TVSMOTOR30Jan20480CE.NFO,07/01/2020,10:26:16,3.6,3.55,1350,3.75,2700,0,201150
TVSMOTOR30Jan20480CE.NFO,07/01/2020,10:28:07,3.6,3.6,1350,3.75,2700,0,201150
TVSMOTOR30Jan20480CE.NFO,07/01/2020,10:28:26,3.6,3.65,2700,3.95,1350,0,201150
TVSMOTOR30Jan20480CE.NFO,07/01/2020,10:28:31,3.6,3.65,1350,3.85,2700,0,201150
TVSMOTOR30Jan20480CE.NFO,07/01/2020,10:28:52,3.6,3.6,1350,3.8,2700,0,201150
TVSMOTOR30Jan20480CE.NFO,07/01/2020,10:29:12,3.6,3.65,4050,3.85,1350,0,201150
TVSMOTOR30Jan20480CE.NFO,07/01/2020,10:31:01,3.6,3.65,2700,3.85,1350,0,201150
TVSMOTOR30Jan20480CE.NFO,07/01/2020,10:31:42,3.6,3.65,2700,3.85,2700,0,201150
TVSMOTOR30Jan20480CE.NFO,07/01/2020,10:31:51,3.6,3.65,2700,3.85,1350,0,201150
TVSMOTOR30Jan20480CE.NFO,07/01/2020,10:31:59,3.6,3.65,2700,3.85,2700,0,201150
TVSMOTOR30Jan20480CE.NFO,07/01/2020,10:32:09,3.6,3.65,2700,3.8,1350,0,201150
TVSMOTOR30Jan20480CE.NFO,07/01/2020,10:32:51,3.6,3.7,4050,3.85,1350,0,201150
TVSMOTOR30Jan20480CE.NFO,07/01/2020,10:32:59,3.6,3.7,2700,3.85,1350,0,201150
TVSMOTOR30Jan20480CE.NFO,07/01/2020,10:33:11,3.6,3.7,1350,3.85,1350,0,201150
TVSMOTOR30Jan20480CE.NFO,07/01/2020,10:33:24,3.6,3.7,1350,3.9,1350,0,201150
TVSMOTOR30Jan20480CE.NFO,07/01/2020,10:33:28,3.6,3.7,1350,3.9,2700,0,201150
TVSMOTOR30Jan20480CE.NFO,07/01/2020,10:34:03,3.6,3.7,1350,3.85,1350,0,201150
TVSMOTOR30Jan20480CE.NFO,07/01/2020,10:34:29,3.6,3.7,1350,3.9,1350,0,201150
TVSMOTOR30Jan20480CE.NFO,07/01/2020,10:34:55,3.6,3.7,1350,3.9,2700,0,201150
TVSMOTOR30Jan20480CE.NFO,07/01/2020,10:35:06,3.6,3.7,1350,3.9,1350,0,201150
TVSMOTOR30Jan20480CE.NFO,07/01/2020,10:35:12,3.6,3.7,1350,3.9,2700,0,201150
TVSMOTOR30Jan20480CE.NFO,07/01/2020,10:35:16,3.6,3.7,1350,3.9,1350,0,201150
TVSMOTOR30Jan20480CE.NFO,07/01/2020,10:35:33,3.6,3.7,1350,3.9,2700,0,201150
TVSMOTOR30Jan20480CE.NFO,07/01/2020,10:35:37,3.6,3.7,1350,3.9,1350,0,201150
TVSMOTOR30Jan20480CE.NFO,07/01/2020,10:35:54,3.6,3.8,1350,3.9,1350,0,201150
TVSMOTOR30Jan20480CE.NFO,07/01/2020,10:35:57,3.6,3.8,1350,3.95,1350,0,201150
TVSMOTOR30Jan20480CE.NFO,07/01/2020,10:36:04,3.6,3.75,1350,3.9,2700,0,201150
TVSMOTOR30Jan20480CE.NFO,07/01/2020,10:36:19,3.6,3.75,1350,3.95,1350,0,201150
TVSMOTOR30Jan20480CE.NFO,07/01/2020,10:36:34,3.6,3.75,1350,3.9,1350,0,201150
TVSMOTOR30Jan20480CE.NFO,07/01/2020,10:37:22,3.6,3.7,1350,3.9,2700,0,201150
TVSMOTOR30Jan20480CE.NFO,07/01/2020,10:37:29,3.6,3.7,1350,3.85,1350,0,201150
TVSMOTOR30Jan20480CE.NFO,07/01/2020,10:37:35,3.6,3.7,1350,3.9,1350,0,201150
TVSMOTOR30Jan20480CE.NFO,07/01/2020,10:37:51,3.6,3.7,1350,3.85,1350,0,201150
TVSMOTOR30Jan20480CE.NFO,07/01/2020,10:37:55,3.6,3.7,1350,3.9,1350,0,201150
TVSMOTOR30Jan20480CE.NFO,07/01/2020,10:37:59,3.6,3.75,1350,3.9,1350,0,201150
TVSMOTOR30Jan20480CE.NFO,07/01/2020,10:38:05,3.6,3.75,1350,3.9,2700,0,201150
TVSMOTOR30Jan20480CE.NFO,07/01/2020,10:38:08,3.6,3.75,1350,3.95,1350,0,201150
TVSMOTOR30Jan20480CE.NFO,07/01/2020,10:38:24,3.6,3.75,1350,3.9,1350,0,201150
TVSMOTOR30Jan20480CE.NFO,07/01/2020,10:38:45,3.6,3.75,1350,3.95,1350,0,201150
TVSMOTOR30Jan20480CE.NFO,07/01/2020,10:38:51,3.6,3.75,1350,3.9,1350,0,201150
TVSMOTOR30Jan20480CE.NFO,07/01/2020,10:38:54,3.6,3.75,1350,3.95,2700,0,201150
TVSMOTOR30Jan20480CE.NFO,07/01/2020,10:39:44,3.6,3.7,1350,3.95,2700,0,201150
TVSMOTOR30Jan20480CE.NFO,07/01/2020,10:39:48,3.6,3.7,1350,3.9,4050,0,201150
TVSMOTOR30Jan20480CE.NFO,07/01/2020,10:39:51,3.6,3.7,1350,3.85,1350,0,201150
TVSMOTOR30Jan20480CE.NFO,07/01/2020,10:40:11,3.6,3.8,1350,3.95,1350,0,201150
TVSMOTOR30Jan20480CE.NFO,07/01/2020,10:40:52,3.6,3.75,4050,3.95,1350,0,201150
TVSMOTOR30Jan20480CE.NFO,07/01/2020,10:41:42,3.6,3.75,2700,3.95,1350,0,201150
TVSMOTOR30Jan20480CE.NFO,07/01/2020,10:43:58,3.6,3.75,1350,3.9,2700,0,201150
TVSMOTOR30Jan20480CE.NFO,07/01/2020,10:44:06,3.6,3.75,1350,3.9,1350,0,201150
TVSMOTOR30Jan20480CE.NFO,07/01/2020,10:44:08,3.6,3.75,1350,3.95,1350,0,201150
TVSMOTOR30Jan20480CE.NFO,07/01/2020,10:44:19,3.6,3.75,1350,3.9,1350,0,201150
TVSMOTOR30Jan20480CE.NFO,07/01/2020,10:44:44,3.75,3.7,1350,3.9,4050,1350,198450
TVSMOTOR30Jan20480CE.NFO,07/01/2020,10:45:02,3.75,3.7,1350,3.9,4050,0,198450
TVSMOTOR30Jan20480CE.NFO,07/01/2020,10:45:12,3.75,3.65,2700,3.9,4050,0,198450
TVSMOTOR30Jan20480CE.NFO,07/01/2020,10:45:17,3.75,3.7,1350,3.9,2700,0,198450
TVSMOTOR30Jan20480CE.NFO,07/01/2020,10:45:44,3.75,3.65,2700,3.9,2700,0,198450
TVSMOTOR30Jan20480CE.NFO,07/01/2020,10:46:26,3.75,3.7,1350,3.9,2700,0,198450
TVSMOTOR30Jan20480CE.NFO,07/01/2020,10:48:04,3.75,3.7,1350,3.9,1350,0,198450
TVSMOTOR30Jan20480CE.NFO,07/01/2020,10:48:39,3.75,3.6,2700,3.8,1350,0,198450
TVSMOTOR30Jan20480CE.NFO,07/01/2020,10:48:44,3.75,3.6,2700,3.85,4050,0,198450
TVSMOTOR30Jan20480CE.NFO,07/01/2020,10:49:09,3.75,3.7,1350,3.85,2700,0,198450
TVSMOTOR30Jan20480CE.NFO,07/01/2020,10:49:26,3.75,3.65,1350,3.85,2700,0,198450
TVSMOTOR30Jan20480CE.NFO,07/01/2020,10:49:41,3.75,3.65,1350,3.85,4050,0,198450
TVSMOTOR30Jan20480CE.NFO,07/01/2020,10:50:02,3.75,3.65,1350,3.8,2700,0,198450
TVSMOTOR30Jan20480CE.NFO,07/01/2020,10:50:12,3.75,3.65,1350,3.8,1350,0,198450
TVSMOTOR30Jan20480CE.NFO,07/01/2020,10:50:39,3.75,3.6,2700,3.8,2700,0,198450
TVSMOTOR30Jan20480CE.NFO,07/01/2020,10:50:45,3.75,3.6,2700,3.8,1350,0,198450
TVSMOTOR30Jan20480CE.NFO,07/01/2020,10:51:05,3.75,3.6,2700,3.8,2700,0,198450
TVSMOTOR30Jan20480CE.NFO,07/01/2020,10:51:21,3.75,3.55,2700,3.75,5400,0,198450
TVSMOTOR30Jan20480CE.NFO,07/01/2020,10:51:41,3.75,3.55,2700,3.75,4050,0,198450
TVSMOTOR30Jan20480CE.NFO,07/01/2020,10:51:45,3.75,3.55,2700,3.75,2700,0,198450
TVSMOTOR30Jan20480CE.NFO,07/01/2020,10:52:15,3.75,3.55,2700,3.75,1350,0,198450
TVSMOTOR30Jan20480CE.NFO,07/01/2020,10:52:45,3.75,3.55,2700,3.75,2700,0,198450
TVSMOTOR30Jan20480CE.NFO,07/01/2020,10:52:59,3.75,3.5,2700,3.75,2700,0,198450
TVSMOTOR30Jan20480CE.NFO,07/01/2020,10:53:06,3.75,3.55,1350,3.75,2700,0,198450
TVSMOTOR30Jan20480CE.NFO,07/01/2020,10:53:12,3.75,3.55,1350,3.75,1350,0,198450
TVSMOTOR30Jan20480CE.NFO,07/01/2020,10:53:53,3.75,3.5,2700,3.7,4050,0,198450
TVSMOTOR30Jan20480CE.NFO,07/01/2020,10:54:00,3.75,3.55,1350,3.7,2700,0,198450
TVSMOTOR30Jan20480CE.NFO,07/01/2020,10:54:06,3.75,3.55,1350,3.75,1350,0,198450
TVSMOTOR30Jan20480CE.NFO,07/01/2020,10:54:12,3.75,3.55,1350,3.75,2700,0,198450
TVSMOTOR30Jan20480CE.NFO,07/01/2020,10:54:18,3.75,3.6,2700,3.8,2700,0,198450
TVSMOTOR30Jan20480CE.NFO,07/01/2020,10:54:29,3.75,3.6,1350,3.75,4050,0,198450
TVSMOTOR30Jan20480CE.NFO,07/01/2020,10:54:33,3.75,3.55,1350,3.75,4050,0,198450
TVSMOTOR30Jan20480CE.NFO,07/01/2020,10:54:38,3.75,3.5,2700,3.75,4050,0,198450
TVSMOTOR30Jan20480CE.NFO,07/01/2020,10:54:42,3.75,3.55,1350,3.75,4050,0,198450
TVSMOTOR30Jan20480CE.NFO,07/01/2020,10:54:47,3.75,3.55,2700,3.75,4050,0,198450
TVSMOTOR30Jan20480CE.NFO,07/01/2020,10:55:05,3.75,3.55,1350,3.75,4050,0,198450
TVSMOTOR30Jan20480CE.NFO,07/01/2020,10:55:10,3.75,3.55,2700,3.75,4050,0,198450
TVSMOTOR30Jan20480CE.NFO,07/01/2020,10:55:19,3.75,3.65,1350,3.75,2700,0,198450
TVSMOTOR30Jan20480CE.NFO,07/01/2020,10:55:23,3.75,3.55,1350,3.75,2700,0,198450
TVSMOTOR30Jan20480CE.NFO,07/01/2020,10:55:28,3.75,3.55,1350,3.7,2700,0,198450
TVSMOTOR30Jan20480CE.NFO,07/01/2020,10:55:33,3.75,3.55,1350,3.75,2700,0,198450
TVSMOTOR30Jan20480CE.NFO,07/01/2020,10:55:39,3.65,3.55,1350,3.65,1350,1350,199800
TVSMOTOR30Jan20480CE.NFO,07/01/2020,10:55:44,3.65,3.55,1350,3.65,1350,0,199800
TVSMOTOR30Jan20480CE.NFO,07/01/2020,10:55:48,3.65,3.6,4050,3.7,2700,2700,199800
TVSMOTOR30Jan20480CE.NFO,07/01/2020,10:55:52,3.65,3.6,1350,3.75,2700,0,199800
TVSMOTOR30Jan20480CE.NFO,07/01/2020,10:56:02,3.6,3.6,1350,3.8,1350,4050,199800
TVSMOTOR30Jan20480CE.NFO,07/01/2020,10:56:07,3.6,3.6,1350,3.8,1350,0,199800
TVSMOTOR30Jan20480CE.NFO,07/01/2020,10:56:13,3.6,3.55,2700,3.75,2700,0,199800
TVSMOTOR30Jan20480CE.NFO,07/01/2020,10:56:22,3.6,3.55,1350,3.75,2700,0,199800
TVSMOTOR30Jan20480CE.NFO,07/01/2020,10:56:27,3.6,3.55,2700,3.75,2700,0,199800
TVSMOTOR30Jan20480CE.NFO,07/01/2020,10:56:55,3.6,3.55,1350,3.7,1350,0,199800
TVSMOTOR30Jan20480CE.NFO,07/01/2020,10:57:00,3.6,3.55,1350,3.75,2700,0,199800
TVSMOTOR30Jan20480CE.NFO,07/01/2020,10:57:14,3.6,3.5,1350,3.7,1350,0,199800
TVSMOTOR30Jan20480CE.NFO,07/01/2020,10:57:34,3.6,3.55,1350,3.7,1350,0,199800
TVSMOTOR30Jan20480CE.NFO,07/01/2020,10:57:40,3.6,3.5,1350,3.65,2700,0,199800
TVSMOTOR30Jan20480CE.NFO,07/01/2020,10:57:56,3.6,3.5,1350,3.7,1350,0,199800
TVSMOTOR30Jan20480CE.NFO,07/01/2020,11:00:18,3.6,3.45,4050,3.65,4050,0,199800
TVSMOTOR30Jan20480CE.NFO,07/01/2020,11:00:24,3.6,3.45,4050,3.65,1350,0,199800
TVSMOTOR30Jan20480CE.NFO,07/01/2020,11:01:07,3.6,3.45,1350,3.65,1350,0,199800
TVSMOTOR30Jan20480CE.NFO,07/01/2020,11:01:21,3.6,3.5,1350,3.65,1350,0,199800
TVSMOTOR30Jan20480CE.NFO,07/01/2020,11:01:29,3.6,3.45,2700,3.65,1350,0,199800
TVSMOTOR30Jan20480CE.NFO,07/01/2020,11:01:44,3.6,3.5,1350,3.7,2700,0,199800
TVSMOTOR30Jan20480CE.NFO,07/01/2020,11:01:52,3.6,3.55,1350,3.75,1350,0,199800
TVSMOTOR30Jan20480CE.NFO,07/01/2020,11:02:06,3.6,3.6,1350,3.8,2700,0,199800
TVSMOTOR30Jan20480CE.NFO,07/01/2020,11:02:13,3.6,3.55,1350,3.8,2700,0,199800
TVSMOTOR30Jan20480CE.NFO,07/01/2020,11:02:27,3.6,3.55,1350,3.75,1350,0,199800
TVSMOTOR30Jan20480CE.NFO,07/01/2020,11:03:06,3.6,3.55,1350,3.75,2700,0,199800
TVSMOTOR30Jan20480CE.NFO,07/01/2020,11:03:31,3.6,3.55,1350,3.8,2700,0,199800
TVSMOTOR30Jan20480CE.NFO,07/01/2020,11:03:37,3.6,3.55,1350,3.75,2700,0,199800
TVSMOTOR30Jan20480CE.NFO,07/01/2020,11:03:58,3.6,3.55,1350,3.75,1350,0,199800
TVSMOTOR30Jan20480CE.NFO,07/01/2020,11:04:05,3.6,3.55,1350,3.75,2700,0,199800
TVSMOTOR30Jan20480CE.NFO,07/01/2020,11:04:25,3.6,3.55,1350,3.8,2700,0,199800
TVSMOTOR30Jan20480CE.NFO,07/01/2020,11:04:31,3.6,3.55,1350,3.75,2700,0,199800
TVSMOTOR30Jan20480CE.NFO,07/01/2020,11:04:52,3.6,3.55,1350,3.75,1350,0,199800
TVSMOTOR30Jan20480CE.NFO,07/01/2020,11:04:59,3.6,3.55,1350,3.75,2700,0,199800
TVSMOTOR30Jan20480CE.NFO,07/01/2020,11:05:45,3.6,3.55,1350,3.75,1350,0,199800
TVSMOTOR30Jan20480CE.NFO,07/01/2020,11:05:51,3.6,3.65,2700,3.8,1350,0,199800
TVSMOTOR30Jan20480CE.NFO,07/01/2020,11:06:05,3.6,3.65,2700,4,2700,0,199800
TVSMOTOR30Jan20480CE.NFO,07/01/2020,11:06:13,3.6,3.65,2700,3.9,2700,0,199800
TVSMOTOR30Jan20480CE.NFO,07/01/2020,11:06:19,3.6,3.7,4050,3.9,2700,0,199800
TVSMOTOR30Jan20480CE.NFO,07/01/2020,11:06:25,3.6,3.75,1350,3.9,1350,0,199800
TVSMOTOR30Jan20480CE.NFO,07/01/2020,11:06:42,3.6,3.7,2700,3.9,1350,0,199800
TVSMOTOR30Jan20480CE.NFO,07/01/2020,11:06:53,3.6,3.7,1350,3.9,1350,0,199800
TVSMOTOR30Jan20480CE.NFO,07/01/2020,11:07:04,3.6,3.65,4050,3.9,1350,0,199800
TVSMOTOR30Jan20480CE.NFO,07/01/2020,11:07:09,3.6,3.65,4050,3.85,4050,0,199800
TVSMOTOR30Jan20480CE.NFO,07/01/2020,11:07:14,3.6,3.65,1350,3.85,4050,0,199800
TVSMOTOR30Jan20480CE.NFO,07/01/2020,11:07:20,3.6,3.65,1350,3.85,1350,0,199800
TVSMOTOR30Jan20480CE.NFO,07/01/2020,11:08:24,3.6,3.7,1350,3.85,1350,0,199800
TVSMOTOR30Jan20480CE.NFO,07/01/2020,11:08:30,3.6,3.7,1350,3.9,1350,0,199800
TVSMOTOR30Jan20480CE.NFO,07/01/2020,11:08:40,3.6,3.65,1350,3.85,2700,0,199800
TVSMOTOR30Jan20480CE.NFO,07/01/2020,11:08:50,3.6,3.7,1350,3.85,2700,0,199800
TVSMOTOR30Jan20480CE.NFO,07/01/2020,11:08:58,3.6,3.65,1350,3.85,2700,0,199800
TVSMOTOR30Jan20480CE.NFO,07/01/2020,11:09:03,3.6,3.7,1350,3.85,2700,0,199800
TVSMOTOR30Jan20480CE.NFO,07/01/2020,11:09:12,3.6,3.7,1350,3.85,1350,0,199800
TVSMOTOR30Jan20480CE.NFO,07/01/2020,11:09:17,3.6,3.65,1350,3.85,1350,0,199800
TVSMOTOR30Jan20480CE.NFO,07/01/2020,11:09:56,3.7,3.65,1350,3.85,1350,1350,191700
TVSMOTOR30Jan20480CE.NFO,07/01/2020,11:10:00,3.7,3.65,1350,3.85,1350,0,191700
TVSMOTOR30Jan20480CE.NFO,07/01/2020,11:10:05,3.7,3.6,4050,3.8,4050,0,191700
TVSMOTOR30Jan20480CE.NFO,07/01/2020,11:10:10,3.7,3.6,4050,3.8,2700,0,191700
TVSMOTOR30Jan20480CE.NFO,07/01/2020,11:10:15,3.7,3.6,4050,3.8,1350,0,191700
TVSMOTOR30Jan20480CE.NFO,07/01/2020,11:10:24,3.7,3.6,4050,3.85,1350,0,191700
TVSMOTOR30Jan20480CE.NFO,07/01/2020,11:11:00,3.7,3.6,4050,3.8,2700,0,191700
TVSMOTOR30Jan20480CE.NFO,07/01/2020,11:11:21,3.7,3.6,1350,3.8,2700,0,191700
TVSMOTOR30Jan20480CE.NFO,07/01/2020,11:11:29,3.7,3.55,2700,3.8,2700,0,191700
TVSMOTOR30Jan20480CE.NFO,07/01/2020,11:12:06,3.7,3.5,2700,3.8,2700,0,191700
TVSMOTOR30Jan20480CE.NFO,07/01/2020,11:12:21,3.7,3.5,2700,3.7,1350,0,191700
TVSMOTOR30Jan20480CE.NFO,07/01/2020,11:12:26,3.7,3.5,2700,3.7,2700,0,191700
TVSMOTOR30Jan20480CE.NFO,07/01/2020,11:12:32,3.7,3.5,2700,3.75,1350,0,191700
TVSMOTOR30Jan20480CE.NFO,07/01/2020,11:12:38,3.7,3.6,2700,3.75,1350,0,191700
TVSMOTOR30Jan20480CE.NFO,07/01/2020,11:13:14,3.7,3.6,2700,3.8,1350,0,191700
TVSMOTOR30Jan20480CE.NFO,07/01/2020,11:13:49,3.7,3.7,2700,3.85,1350,0,191700
TVSMOTOR30Jan20480CE.NFO,07/01/2020,11:14:35,3.7,3.7,2700,3.85,2700,0,191700
TVSMOTOR30Jan20480CE.NFO,07/01/2020,11:15:12,3.7,3.7,1350,3.8,1350,0,191700
TVSMOTOR30Jan20480CE.NFO,07/01/2020,11:15:23,3.7,3.7,1350,3.85,2700,0,191700
TVSMOTOR30Jan20480CE.NFO,07/01/2020,11:15:29,3.7,3.7,2700,3.85,2700,0,191700
TVSMOTOR30Jan20480CE.NFO,07/01/2020,11:15:39,3.75,3.7,2700,3.85,1350,1350,193050
TVSMOTOR30Jan20480CE.NFO,07/01/2020,11:15:43,3.75,3.7,2700,3.85,1350,0,193050
TVSMOTOR30Jan20480CE.NFO,07/01/2020,11:16:25,3.75,3.8,1350,3.85,1350,0,193050
TVSMOTOR30Jan20480CE.NFO,07/01/2020,11:16:40,3.8,3.7,2700,3.85,1350,1350,193050
TVSMOTOR30Jan20480CE.NFO,07/01/2020,11:16:57,3.8,3.7,2700,3.8,1350,0,193050
TVSMOTOR30Jan20480CE.NFO,07/01/2020,11:17:07,3.8,3.8,2700,3.85,1350,1350,193050
TVSMOTOR30Jan20480CE.NFO,07/01/2020,11:17:12,3.8,3.8,1350,3.85,1350,0,193050
TVSMOTOR30Jan20480CE.NFO,07/01/2020,11:17:18,3.8,3.75,2700,3.85,1350,0,193050
TVSMOTOR30Jan20480CE.NFO,07/01/2020,11:17:33,3.8,3.75,1350,3.85,1350,0,193050
TVSMOTOR30Jan20480CE.NFO,07/01/2020,11:17:47,3.85,3.8,2700,3.95,2700,1350,193050
TVSMOTOR30Jan20480CE.NFO,07/01/2020,11:18:01,3.85,3.8,2700,3.95,2700,0,193050
TVSMOTOR30Jan20480CE.NFO,07/01/2020,11:18:06,3.85,3.8,2700,3.95,1350,0,193050
TVSMOTOR30Jan20480CE.NFO,07/01/2020,11:18:34,3.85,3.8,1350,3.95,1350,0,193050
TVSMOTOR30Jan20480CE.NFO,07/01/2020,11:19:07,3.85,3.8,1350,3.95,2700,0,193050
TVSMOTOR30Jan20480CE.NFO,07/01/2020,11:19:12,3.85,3.8,1350,3.95,1350,0,193050
TVSMOTOR30Jan20480CE.NFO,07/01/2020,11:19:18,3.85,3.7,4050,3.95,2700,0,193050
TVSMOTOR30Jan20480CE.NFO,07/01/2020,11:19:28,3.85,3.7,2700,3.95,2700,0,193050
TVSMOTOR30Jan20480CE.NFO,07/01/2020,11:19:35,3.85,3.8,1350,3.95,2700,0,193050
TVSMOTOR30Jan20480CE.NFO,07/01/2020,11:19:46,3.85,3.8,1350,3.95,1350,0,193050
TVSMOTOR30Jan20480CE.NFO,07/01/2020,11:19:51,3.85,3.8,1350,3.95,2700,0,193050
TVSMOTOR30Jan20480CE.NFO,07/01/2020,11:19:59,3.85,3.8,1350,3.95,1350,0,193050
TVSMOTOR30Jan20480CE.NFO,07/01/2020,11:20:04,3.85,3.8,1350,3.95,2700,0,193050
TVSMOTOR30Jan20480CE.NFO,07/01/2020,11:20:15,3.85,3.8,1350,4,1350,0,193050
TVSMOTOR30Jan20480CE.NFO,07/01/2020,11:20:32,3.85,3.8,1350,4,2700,0,193050
TVSMOTOR30Jan20480CE.NFO,07/01/2020,11:20:37,3.85,3.8,1350,4,1350,0,193050
TVSMOTOR30Jan20480CE.NFO,07/01/2020,11:20:48,3.85,3.8,1350,4.05,1350,0,193050
TVSMOTOR30Jan20480CE.NFO,07/01/2020,11:21:05,3.85,3.9,1350,4.1,2700,0,193050
TVSMOTOR30Jan20480CE.NFO,07/01/2020,11:21:10,3.85,3.85,4050,4.05,2700,0,193050
TVSMOTOR30Jan20480CE.NFO,07/01/2020,11:21:14,3.85,3.85,1350,4.05,2700,0,193050
TVSMOTOR30Jan20480CE.NFO,07/01/2020,11:21:34,3.85,3.8,1350,4.05,2700,0,193050
TVSMOTOR30Jan20480CE.NFO,07/01/2020,11:21:57,3.85,3.85,1350,4.05,2700,0,193050
TVSMOTOR30Jan20480CE.NFO,07/01/2020,11:23:39,3.85,3.85,1350,4.05,1350,0,193050
TVSMOTOR30Jan20480CE.NFO,07/01/2020,11:25:57,3.85,3.8,1350,4,2700,0,193050
TVSMOTOR30Jan20480CE.NFO,07/01/2020,11:26:25,3.85,3.75,2700,4,2700,0,193050
TVSMOTOR30Jan20480CE.NFO,07/01/2020,11:26:33,3.85,3.75,1350,4,2700,0,193050
TVSMOTOR30Jan20480CE.NFO,07/01/2020,11:26:42,3.85,3.7,4050,4,2700,0,193050
TVSMOTOR30Jan20480CE.NFO,07/01/2020,11:26:51,3.85,3.7,4050,3.9,2700,0,193050
TVSMOTOR30Jan20480CE.NFO,07/01/2020,11:26:55,3.85,3.7,2700,3.9,2700,0,193050
TVSMOTOR30Jan20480CE.NFO,07/01/2020,11:27:29,3.85,3.7,4050,3.9,2700,0,193050
TVSMOTOR30Jan20480CE.NFO,07/01/2020,11:27:47,3.9,3.7,4050,3.9,1350,1350,194400
TVSMOTOR30Jan20480CE.NFO,07/01/2020,11:27:51,3.9,3.7,4050,3.9,1350,0,194400
TVSMOTOR30Jan20480CE.NFO,07/01/2020,11:28:55,3.9,3.7,4050,3.95,2700,0,194400
TVSMOTOR30Jan20480CE.NFO,07/01/2020,11:29:11,3.9,3.7,4050,3.85,1350,0,194400
TVSMOTOR30Jan20480CE.NFO,07/01/2020,11:29:18,3.9,3.7,4050,3.9,1350,0,194400
TVSMOTOR30Jan20480CE.NFO,07/01/2020,11:29:47,3.9,3.7,4050,3.95,2700,0,194400
TVSMOTOR30Jan20480CE.NFO,07/01/2020,11:30:05,3.9,3.75,2700,3.95,2700,0,194400
TVSMOTOR30Jan20480CE.NFO,07/01/2020,11:30:14,3.9,3.7,4050,3.9,1350,0,194400
TVSMOTOR30Jan20480CE.NFO,07/01/2020,11:30:23,3.9,3.75,1350,3.95,2700,0,194400
TVSMOTOR30Jan20480CE.NFO,07/01/2020,11:30:35,3.9,3.75,1350,3.95,1350,0,194400
TVSMOTOR30Jan20480CE.NFO,07/01/2020,11:31:06,3.9,3.8,1350,4,2700,0,194400
TVSMOTOR30Jan20480CE.NFO,07/01/2020,11:31:27,3.9,3.75,1350,4,2700,0,194400
TVSMOTOR30Jan20480CE.NFO,07/01/2020,11:31:32,3.9,3.8,2700,4,2700,0,194400
TVSMOTOR30Jan20480CE.NFO,07/01/2020,11:31:48,3.9,3.8,2700,4,1350,0,194400
TVSMOTOR30Jan20480CE.NFO,07/01/2020,11:32:01,3.9,3.85,2700,4,1350,0,194400
TVSMOTOR30Jan20480CE.NFO,07/01/2020,11:32:07,3.9,3.85,2700,4.05,1350,0,194400
TVSMOTOR30Jan20480CE.NFO,07/01/2020,11:32:17,3.9,3.85,1350,4.05,1350,0,194400
TVSMOTOR30Jan20480CE.NFO,07/01/2020,11:32:32,3.9,3.85,2700,4.05,1350,0,194400
TVSMOTOR30Jan20480CE.NFO,07/01/2020,11:34:11,3.9,3.9,2700,4.05,1350,0,194400
TVSMOTOR30Jan20480CE.NFO,07/01/2020,11:34:31,3.9,3.9,2700,4.1,1350,0,194400
TVSMOTOR30Jan20480CE.NFO,07/01/2020,11:34:44,3.9,3.9,1350,4.1,1350,0,194400
TVSMOTOR30Jan20480CE.NFO,07/01/2020,11:34:50,3.9,3.9,1350,4.05,2700,0,194400
TVSMOTOR30Jan20480CE.NFO,07/01/2020,11:35:45,3.9,3.85,1350,4.05,2700,0,194400
TVSMOTOR30Jan20480CE.NFO,07/01/2020,11:35:50,3.9,3.9,1350,4.05,2700,0,194400
TVSMOTOR30Jan20480CE.NFO,07/01/2020,11:36:15,3.9,3.9,2700,4.1,1350,0,194400
TVSMOTOR30Jan20480CE.NFO,07/01/2020,11:36:59,3.9,3.9,1350,4.1,1350,0,194400
TVSMOTOR30Jan20480CE.NFO,07/01/2020,11:37:06,3.9,3.9,1350,4.05,4050,0,194400
TVSMOTOR30Jan20480CE.NFO,07/01/2020,11:37:54,3.9,3.85,1350,4.05,4050,0,194400
TVSMOTOR30Jan20480CE.NFO,07/01/2020,11:38:25,3.9,3.9,1350,4.05,4050,0,194400
TVSMOTOR30Jan20480CE.NFO,07/01/2020,11:38:33,3.9,3.8,1350,4.05,4050,0,194400
TVSMOTOR30Jan20480CE.NFO,07/01/2020,11:39:11,3.9,3.8,1350,4,2700,1350,195750
TVSMOTOR30Jan20480CE.NFO,07/01/2020,11:39:19,3.9,3.8,1350,4,2700,0,195750
TVSMOTOR30Jan20480CE.NFO,07/01/2020,11:39:35,3.9,3.75,4050,4,2700,0,195750
TVSMOTOR30Jan20480CE.NFO,07/01/2020,11:39:59,3.9,3.7,4050,3.9,1350,0,195750
TVSMOTOR30Jan20480CE.NFO,07/01/2020,11:42:05,3.9,3.7,2700,3.8,2700,0,195750
TVSMOTOR30Jan20480CE.NFO,07/01/2020,11:42:09,3.9,3.7,2700,3.75,4050,0,195750
TVSMOTOR30Jan20480CE.NFO,07/01/2020,11:42:17,3.7,3.5,1350,3.75,4050,2700,195750
TVSMOTOR30Jan20480CE.NFO,07/01/2020,11:42:20,3.7,3.5,1350,3.75,4050,0,195750
TVSMOTOR30Jan20480CE.NFO,07/01/2020,11:42:30,3.5,3.3,4050,3.75,4050,1350,195750
TVSMOTOR30Jan20480CE.NFO,07/01/2020,11:42:30,3.5,3.3,4050,3.75,4050,0,195750
TVSMOTOR30Jan20480CE.NFO,07/01/2020,11:42:34,3.5,3.3,2700,3.75,4050,0,195750
TVSMOTOR30Jan20480CE.NFO,07/01/2020,11:43:49,3.5,3.4,2700,3.75,4050,0,195750
TVSMOTOR30Jan20480CE.NFO,07/01/2020,11:43:52,3.45,3.4,2700,3.75,4050,1350,195750
TVSMOTOR30Jan20480CE.NFO,07/01/2020,11:43:52,3.45,3.4,2700,3.75,4050,0,195750
TVSMOTOR30Jan20480CE.NFO,07/01/2020,11:43:57,3.45,3.4,1350,3.65,2700,0,195750
TVSMOTOR30Jan20480CE.NFO,07/01/2020,11:44:02,3.5,3.5,1350,3.55,1350,1350,195750
TVSMOTOR30Jan20480CE.NFO,07/01/2020,11:44:06,3.5,3.5,1350,3.55,1350,0,195750
TVSMOTOR30Jan20480CE.NFO,07/01/2020,11:44:13,3.55,3.45,1350,3.6,1350,1350,195750
TVSMOTOR30Jan20480CE.NFO,07/01/2020,11:44:16,3.55,3.45,1350,3.6,1350,0,195750
TVSMOTOR30Jan20480CE.NFO,07/01/2020,11:44:22,3.45,3.4,1350,3.6,1350,1350,195750
TVSMOTOR30Jan20480CE.NFO,07/01/2020,11:44:26,3.45,3.4,1350,3.6,1350,0,195750
TVSMOTOR30Jan20480CE.NFO,07/01/2020,11:44:32,3.45,3.35,2700,3.6,1350,0,195750
TVSMOTOR30Jan20480CE.NFO,07/01/2020,11:44:43,3.45,3.35,2700,3.55,4050,0,195750
TVSMOTOR30Jan20480CE.NFO,07/01/2020,11:44:46,3.45,3.35,2700,3.55,2700,0,195750
TVSMOTOR30Jan20480CE.NFO,07/01/2020,11:44:54,3.45,3.35,2700,3.6,1350,0,195750
TVSMOTOR30Jan20480CE.NFO,07/01/2020,11:45:04,3.45,3.35,2700,3.55,1350,0,195750
TVSMOTOR30Jan20480CE.NFO,07/01/2020,11:45:08,3.45,3.35,2700,3.55,2700,0,195750
TVSMOTOR30Jan20480CE.NFO,07/01/2020,11:45:15,3.45,3.35,2700,3.55,1350,0,195750
TVSMOTOR30Jan20480CE.NFO,07/01/2020,11:47:35,3.45,3.35,1350,3.55,1350,0,195750
TVSMOTOR30Jan20480CE.NFO,07/01/2020,11:48:13,3.45,3.3,4050,3.55,1350,0,195750
TVSMOTOR30Jan20480CE.NFO,07/01/2020,11:48:40,3.45,3.3,2700,3.55,1350,0,195750
TVSMOTOR30Jan20480CE.NFO,07/01/2020,11:49:18,3.45,3.3,1350,3.5,4050,1350,197100
TVSMOTOR30Jan20480CE.NFO,07/01/2020,11:49:22,3.45,3.3,1350,3.5,4050,0,197100
TVSMOTOR30Jan20480CE.NFO,07/01/2020,11:49:27,3.45,3.3,1350,3.5,2700,0,197100
TVSMOTOR30Jan20480CE.NFO,07/01/2020,11:50:15,3.45,3.25,2700,3.5,2700,0,197100
TVSMOTOR30Jan20480CE.NFO,07/01/2020,11:50:22,3.45,3.25,2700,3.45,1350,1350,197100
TVSMOTOR30Jan20480CE.NFO,07/01/2020,11:50:26,3.45,3.3,4050,3.45,1350,0,197100
TVSMOTOR30Jan20480CE.NFO,07/01/2020,11:50:32,3.45,3.3,2700,3.45,1350,0,197100
TVSMOTOR30Jan20480CE.NFO,07/01/2020,11:50:37,3.45,3.35,1350,3.45,1350,0,197100
TVSMOTOR30Jan20480CE.NFO,07/01/2020,11:50:54,3.45,3.35,1350,3.5,1350,0,197100
TVSMOTOR30Jan20480CE.NFO,07/01/2020,11:50:57,3.45,3.4,1350,3.5,1350,0,197100
TVSMOTOR30Jan20480CE.NFO,07/01/2020,11:51:11,3.45,3.4,2700,3.55,1350,0,197100
TVSMOTOR30Jan20480CE.NFO,07/01/2020,11:51:16,3.45,3.4,1350,3.55,1350,0,197100
TVSMOTOR30Jan20480CE.NFO,07/01/2020,11:51:21,3.45,3.4,2700,3.55,1350,0,197100
TVSMOTOR30Jan20480CE.NFO,07/01/2020,11:51:26,3.45,3.4,1350,3.55,1350,0,197100
TVSMOTOR30Jan20480CE.NFO,07/01/2020,11:51:36,3.45,3.4,2700,3.55,1350,0,197100
TVSMOTOR30Jan20480CE.NFO,07/01/2020,11:51:50,3.45,3.4,1350,3.55,1350,0,197100
TVSMOTOR30Jan20480CE.NFO,07/01/2020,11:52:11,3.45,3.3,2700,3.5,5400,0,197100
TVSMOTOR30Jan20480CE.NFO,07/01/2020,11:52:17,3.45,3.35,1350,3.5,5400,0,197100
TVSMOTOR30Jan20480CE.NFO,07/01/2020,11:54:17,3.45,3.35,2700,3.55,1350,0,197100
TVSMOTOR30Jan20480CE.NFO,07/01/2020,11:54:24,3.45,3.35,2700,3.5,1350,0,197100
TVSMOTOR30Jan20480CE.NFO,07/01/2020,11:54:46,3.45,3.4,1350,3.5,1350,0,197100
TVSMOTOR30Jan20480CE.NFO,07/01/2020,11:55:25,3.45,3.4,1350,3.5,2700,0,197100
TVSMOTOR30Jan20480CE.NFO,07/01/2020,11:55:41,3.45,3.4,1350,3.55,1350,0,197100
TVSMOTOR30Jan20480CE.NFO,07/01/2020,11:57:46,3.45,3.4,1350,3.45,1350,0,197100
TVSMOTOR30Jan20480CE.NFO,07/01/2020,11:57:52,3.45,3.35,1350,3.45,1350,0,197100
TVSMOTOR30Jan20480CE.NFO,07/01/2020,11:58:10,3.45,3.35,1350,3.5,5400,0,197100
TVSMOTOR30Jan20480CE.NFO,07/01/2020,11:58:18,3.45,3.35,1350,3.45,2700,0,197100
TVSMOTOR30Jan20480CE.NFO,07/01/2020,11:59:36,3.45,3.3,1350,3.45,2700,0,197100
TVSMOTOR30Jan20480CE.NFO,07/01/2020,11:59:56,3.45,3.3,1350,3.4,5400,0,197100
TVSMOTOR30Jan20480CE.NFO,07/01/2020,12:00:00,3.45,3.25,2700,3.4,6750,0,197100
TVSMOTOR30Jan20480CE.NFO,07/01/2020,12:00:03,3.45,3.3,1350,3.4,6750,0,197100
TVSMOTOR30Jan20480CE.NFO,07/01/2020,12:00:23,3.45,3.3,1350,3.4,1350,0,197100
TVSMOTOR30Jan20480CE.NFO,07/01/2020,12:00:27,3.45,3.3,2700,3.4,1350,0,197100
TVSMOTOR30Jan20480CE.NFO,07/01/2020,12:00:31,3.4,3.3,2700,3.5,1350,1350,195750
TVSMOTOR30Jan20480CE.NFO,07/01/2020,12:00:31,3.4,3.3,2700,3.5,1350,0,195750
TVSMOTOR30Jan20480CE.NFO,07/01/2020,12:00:36,3.4,3.3,2700,3.5,1350,0,195750
TVSMOTOR30Jan20480CE.NFO,07/01/2020,12:01:40,3.4,3.35,1350,3.5,1350,0,195750
TVSMOTOR30Jan20480CE.NFO,07/01/2020,12:01:46,3.4,3.35,2700,3.5,1350,0,195750
TVSMOTOR30Jan20480CE.NFO,07/01/2020,12:01:52,3.4,3.35,1350,3.5,1350,0,195750
TVSMOTOR30Jan20480CE.NFO,07/01/2020,12:01:55,3.4,3.35,2700,3.5,1350,0,195750
TVSMOTOR30Jan20480CE.NFO,07/01/2020,12:02:00,3.4,3.35,1350,3.5,1350,0,195750
TVSMOTOR30Jan20480CE.NFO,07/01/2020,12:02:12,3.4,3.35,2700,3.5,1350,0,195750
TVSMOTOR30Jan20480CE.NFO,07/01/2020,12:02:18,3.4,3.35,1350,3.5,1350,0,195750
TVSMOTOR30Jan20480CE.NFO,07/01/2020,12:02:31,3.4,3.35,2700,3.5,1350,0,195750
TVSMOTOR30Jan20480CE.NFO,07/01/2020,12:02:45,3.4,3.35,2700,3.55,1350,0,195750
TVSMOTOR30Jan20480CE.NFO,07/01/2020,12:03:06,3.4,3.35,2700,3.5,2700,0,195750
TVSMOTOR30Jan20480CE.NFO,07/01/2020,12:03:24,3.4,3.35,1350,3.5,2700,0,195750
TVSMOTOR30Jan20480CE.NFO,07/01/2020,12:03:51,3.4,3.35,1350,3.5,1350,0,195750
TVSMOTOR30Jan20480CE.NFO,07/01/2020,12:04:54,3.4,3.35,2700,3.5,1350,0,195750
TVSMOTOR30Jan20480CE.NFO,07/01/2020,12:05:08,3.4,3.35,2700,3.55,1350,0,195750
TVSMOTOR30Jan20480CE.NFO,07/01/2020,12:05:12,3.4,3.35,2700,3.5,1350,0,195750
TVSMOTOR30Jan20480CE.NFO,07/01/2020,12:05:30,3.4,3.35,2700,3.55,1350,0,195750
TVSMOTOR30Jan20480CE.NFO,07/01/2020,12:05:56,3.4,3.35,1350,3.5,5400,0,195750
TVSMOTOR30Jan20480CE.NFO,07/01/2020,12:06:00,3.4,3.35,2700,3.5,5400,0,195750
TVSMOTOR30Jan20480CE.NFO,07/01/2020,12:06:03,3.4,3.35,2700,3.5,2700,0,195750
TVSMOTOR30Jan20480CE.NFO,07/01/2020,12:06:07,3.4,3.35,2700,3.5,1350,0,195750
TVSMOTOR30Jan20480CE.NFO,07/01/2020,12:07:00,3.4,3.35,1350,3.5,1350,0,195750
TVSMOTOR30Jan20480CE.NFO,07/01/2020,12:07:04,3.4,3.35,2700,3.5,1350,0,195750
TVSMOTOR30Jan20480CE.NFO,07/01/2020,12:07:08,3.4,3.35,1350,3.5,1350,0,195750
TVSMOTOR30Jan20480CE.NFO,07/01/2020,12:07:57,3.4,3.35,2700,3.5,1350,0,195750
TVSMOTOR30Jan20480CE.NFO,07/01/2020,12:08:07,3.4,3.35,1350,3.5,1350,0,195750
TVSMOTOR30Jan20480CE.NFO,07/01/2020,12:08:11,3.4,3.35,2700,3.5,1350,0,195750
TVSMOTOR30Jan20480CE.NFO,07/01/2020,12:08:22,3.4,3.35,2700,3.55,1350,1350,195750
TVSMOTOR30Jan20480CE.NFO,07/01/2020,12:08:37,3.4,3.35,2700,3.55,1350,0,195750
TVSMOTOR30Jan20480CE.NFO,07/01/2020,12:13:30,3.4,3.35,2700,3.5,1350,0,195750
TVSMOTOR30Jan20480CE.NFO,07/01/2020,12:14:12,3.4,3.35,2700,3.55,1350,0,195750
TVSMOTOR30Jan20480CE.NFO,07/01/2020,12:14:17,3.4,3.35,2700,3.5,1350,0,195750
TVSMOTOR30Jan20480CE.NFO,07/01/2020,12:14:21,3.4,3.35,2700,3.55,1350,0,195750
TVSMOTOR30Jan20480CE.NFO,07/01/2020,12:16:12,3.4,3.35,1350,3.5,4050,0,195750
TVSMOTOR30Jan20480CE.NFO,07/01/2020,12:16:40,3.4,3.35,2700,3.5,1350,0,195750
TVSMOTOR30Jan20480CE.NFO,07/01/2020,12:16:42,3.4,3.35,1350,3.5,1350,0,195750
TVSMOTOR30Jan20480CE.NFO,07/01/2020,12:16:46,3.4,3.35,2700,3.5,1350,0,195750
TVSMOTOR30Jan20480CE.NFO,07/01/2020,12:17:17,3.4,3.35,2700,3.55,1350,0,195750
TVSMOTOR30Jan20480CE.NFO,07/01/2020,12:17:36,3.4,3.35,2700,3.5,1350,0,195750
TVSMOTOR30Jan20480CE.NFO,07/01/2020,12:17:39,3.4,3.35,2700,3.55,1350,0,195750
TVSMOTOR30Jan20480CE.NFO,07/01/2020,12:17:49,3.4,3.35,2700,3.5,2700,0,195750
TVSMOTOR30Jan20480CE.NFO,07/01/2020,12:18:10,3.4,3.35,1350,3.5,2700,0,195750
TVSMOTOR30Jan20480CE.NFO,07/01/2020,12:18:12,3.4,3.35,2700,3.5,2700,0,195750
TVSMOTOR30Jan20480CE.NFO,07/01/2020,12:18:15,3.4,3.35,1350,3.5,2700,0,195750
TVSMOTOR30Jan20480CE.NFO,07/01/2020,12:18:18,3.4,3.35,2700,3.5,2700,0,195750
TVSMOTOR30Jan20480CE.NFO,07/01/2020,12:18:25,3.4,3.35,2700,3.5,1350,0,195750
TVSMOTOR30Jan20480CE.NFO,07/01/2020,12:19:12,3.4,3.35,2700,3.55,1350,0,195750
TVSMOTOR30Jan20480CE.NFO,07/01/2020,12:19:37,3.4,3.35,2700,3.55,2700,0,195750
TVSMOTOR30Jan20480CE.NFO,07/01/2020,12:21:34,3.4,3.35,2700,3.5,1350,0,195750
TVSMOTOR30Jan20480CE.NFO,07/01/2020,12:22:08,3.4,3.35,2700,3.5,2700,0,195750
TVSMOTOR30Jan20480CE.NFO,07/01/2020,12:22:49,3.4,3.35,1350,3.45,1350,0,195750
TVSMOTOR30Jan20480CE.NFO,07/01/2020,12:22:57,3.4,3.35,1350,3.5,2700,0,195750
TVSMOTOR30Jan20480CE.NFO,07/01/2020,12:23:10,3.4,3.35,1350,3.45,1350,0,195750
TVSMOTOR30Jan20480CE.NFO,07/01/2020,12:24:21,3.4,3.35,1350,3.5,2700,0,195750
TVSMOTOR30Jan20480CE.NFO,07/01/2020,12:24:48,3.4,3.35,1350,3.45,4050,0,195750
TVSMOTOR30Jan20480CE.NFO,07/01/2020,12:24:51,3.4,3.35,1350,3.45,2700,0,195750
TVSMOTOR30Jan20480CE.NFO,07/01/2020,12:24:58,3.4,3.4,1350,3.45,2700,0,195750
TVSMOTOR30Jan20480CE.NFO,07/01/2020,12:25:04,3.4,3.35,1350,3.45,2700,1350,197100
TVSMOTOR30Jan20480CE.NFO,07/01/2020,12:25:33,3.4,3.35,1350,3.45,2700,0,197100
TVSMOTOR30Jan20480CE.NFO,07/01/2020,12:28:40,3.4,3.35,1350,3.4,2700,0,197100
TVSMOTOR30Jan20480CE.NFO,07/01/2020,12:28:46,3.4,3.35,1350,3.4,1350,1350,197100
TVSMOTOR30Jan20480CE.NFO,07/01/2020,12:28:50,3.4,3.35,1350,3.45,1350,0,197100
TVSMOTOR30Jan20480CE.NFO,07/01/2020,12:29:00,3.35,3.3,1350,3.4,5400,1350,197100
TVSMOTOR30Jan20480CE.NFO,07/01/2020,12:29:00,3.35,3.3,1350,3.4,5400,0,197100
TVSMOTOR30Jan20480CE.NFO,07/01/2020,12:29:07,3.35,3.35,1350,3.4,5400,0,197100
TVSMOTOR30Jan20480CE.NFO,07/01/2020,12:29:35,3.35,3.35,1350,3.4,2700,0,197100
TVSMOTOR30Jan20480CE.NFO,07/01/2020,12:29:40,3.35,3.35,1350,3.4,1350,0,197100
TVSMOTOR30Jan20480CE.NFO,07/01/2020,12:30:14,3.35,3.35,1350,3.45,1350,0,197100
TVSMOTOR30Jan20480CE.NFO,07/01/2020,12:31:16,3.35,3.35,1350,3.4,4050,0,197100
TVSMOTOR30Jan20480CE.NFO,07/01/2020,12:31:34,3.35,3.35,1350,3.45,1350,0,197100
TVSMOTOR30Jan20480CE.NFO,07/01/2020,12:32:16,3.35,3.35,1350,3.5,2700,0,197100
TVSMOTOR30Jan20480CE.NFO,07/01/2020,12:32:20,3.35,3.35,1350,3.45,2700,0,197100
TVSMOTOR30Jan20480CE.NFO,07/01/2020,12:32:37,3.35,3.35,1350,3.5,2700,0,197100
TVSMOTOR30Jan20480CE.NFO,07/01/2020,12:32:43,3.35,3.35,1350,3.45,2700,0,197100
TVSMOTOR30Jan20480CE.NFO,07/01/2020,12:34:07,3.35,3.35,1350,3.5,2700,0,197100
TVSMOTOR30Jan20480CE.NFO,07/01/2020,12:34:56,3.35,3.35,2700,3.5,2700,0,197100
TVSMOTOR30Jan20480CE.NFO,07/01/2020,12:35:13,3.35,3.35,1350,3.5,2700,0,197100
TVSMOTOR30Jan20480CE.NFO,07/01/2020,12:38:35,3.35,3.35,2700,3.55,1350,0,197100
TVSMOTOR30Jan20480CE.NFO,07/01/2020,12:39:11,3.35,3.35,2700,3.6,1350,0,197100
TVSMOTOR30Jan20480CE.NFO,07/01/2020,12:39:15,3.35,3.35,2700,3.55,2700,0,197100
TVSMOTOR30Jan20480CE.NFO,07/01/2020,12:39:47,3.35,3.35,2700,3.55,1350,0,197100
TVSMOTOR30Jan20480CE.NFO,07/01/2020,12:39:49,3.35,3.35,2700,3.55,2700,0,197100
TVSMOTOR30Jan20480CE.NFO,07/01/2020,12:39:59,3.35,3.35,2700,3.6,1350,0,197100
TVSMOTOR30Jan20480CE.NFO,07/01/2020,12:40:06,3.35,3.35,2700,3.55,2700,0,197100
TVSMOTOR30Jan20480CE.NFO,07/01/2020,12:40:16,3.35,3.35,2700,3.55,1350,0,197100
TVSMOTOR30Jan20480CE.NFO,07/01/2020,12:40:20,3.35,3.45,1350,3.6,1350,0,197100
TVSMOTOR30Jan20480CE.NFO,07/01/2020,12:40:23,3.35,3.4,2700,3.55,1350,0,197100
TVSMOTOR30Jan20480CE.NFO,07/01/2020,12:40:30,3.35,3.4,2700,3.6,1350,0,197100
TVSMOTOR30Jan20480CE.NFO,07/01/2020,12:40:34,3.35,3.4,2700,3.55,1350,0,197100
TVSMOTOR30Jan20480CE.NFO,07/01/2020,12:40:37,3.35,3.4,2700,3.6,1350,0,197100
TVSMOTOR30Jan20480CE.NFO,07/01/2020,12:40:52,3.35,3.4,2700,3.55,2700,0,197100
TVSMOTOR30Jan20480CE.NFO,07/01/2020,12:40:57,3.35,3.4,2700,3.6,1350,0,197100
TVSMOTOR30Jan20480CE.NFO,07/01/2020,12:41:01,3.35,3.4,2700,3.55,1350,0,197100
TVSMOTOR30Jan20480CE.NFO,07/01/2020,12:41:05,3.35,3.4,2700,3.6,4050,0,197100
TVSMOTOR30Jan20480CE.NFO,07/01/2020,12:41:09,3.35,3.5,1350,3.65,1350,0,197100
TVSMOTOR30Jan20480CE.NFO,07/01/2020,12:41:17,3.35,3.5,1350,3.7,4050,0,197100
TVSMOTOR30Jan20480CE.NFO,07/01/2020,12:41:22,3.35,3.55,2700,3.7,4050,0,197100
TVSMOTOR30Jan20480CE.NFO,07/01/2020,12:41:30,3.35,3.55,2700,3.75,4050,0,197100
TVSMOTOR30Jan20480CE.NFO,07/01/2020,12:41:40,3.35,3.55,2700,3.7,1350,0,197100
TVSMOTOR30Jan20480CE.NFO,07/01/2020,12:41:42,3.35,3.55,2700,3.75,4050,0,197100
TVSMOTOR30Jan20480CE.NFO,07/01/2020,12:41:53,3.35,3.55,2700,3.7,1350,0,197100
TVSMOTOR30Jan20480CE.NFO,07/01/2020,12:41:59,3.35,3.55,2700,3.7,2700,0,197100
TVSMOTOR30Jan20480CE.NFO,07/01/2020,12:42:17,3.35,3.55,1350,3.7,2700,0,197100
TVSMOTOR30Jan20480CE.NFO,07/01/2020,12:42:24,3.35,3.55,1350,3.65,2700,0,197100
TVSMOTOR30Jan20480CE.NFO,07/01/2020,12:42:27,3.35,3.55,1350,3.65,1350,0,197100
TVSMOTOR30Jan20480CE.NFO,07/01/2020,12:42:55,3.35,3.5,1350,3.65,1350,0,197100
TVSMOTOR30Jan20480CE.NFO,07/01/2020,12:42:57,3.35,3.5,1350,3.55,1350,0,197100
TVSMOTOR30Jan20480CE.NFO,07/01/2020,12:43:07,3.55,3.5,1350,3.7,2700,1350,198450
TVSMOTOR30Jan20480CE.NFO,07/01/2020,12:43:09,3.55,3.5,1350,3.65,2700,0,198450
TVSMOTOR30Jan20480CE.NFO,07/01/2020,12:43:11,3.55,3.5,1350,3.65,1350,0,198450
TVSMOTOR30Jan20480CE.NFO,07/01/2020,12:43:13,3.55,3.5,1350,3.65,2700,0,198450
TVSMOTOR30Jan20480CE.NFO,07/01/2020,12:43:14,3.55,3.5,1350,3.65,1350,0,198450
TVSMOTOR30Jan20480CE.NFO,07/01/2020,12:43:17,3.55,3.5,1350,3.65,2700,0,198450
TVSMOTOR30Jan20480CE.NFO,07/01/2020,12:45:27,3.55,3.45,2700,3.65,2700,0,198450
TVSMOTOR30Jan20480CE.NFO,07/01/2020,12:46:04,3.55,3.45,2700,3.65,1350,0,198450
TVSMOTOR30Jan20480CE.NFO,07/01/2020,12:46:19,3.55,3.45,2700,3.65,2700,0,198450
TVSMOTOR30Jan20480CE.NFO,07/01/2020,12:46:29,3.55,3.45,2700,3.65,1350,0,198450
TVSMOTOR30Jan20480CE.NFO,07/01/2020,12:46:35,3.55,3.45,2700,3.65,2700,0,198450
TVSMOTOR30Jan20480CE.NFO,07/01/2020,12:46:58,3.55,3.45,2700,3.65,4050,0,198450
TVSMOTOR30Jan20480CE.NFO,07/01/2020,12:47:27,3.55,3.45,2700,3.65,2700,0,198450
TVSMOTOR30Jan20480CE.NFO,07/01/2020,12:47:40,3.55,3.45,2700,3.65,1350,0,198450
TVSMOTOR30Jan20480CE.NFO,07/01/2020,12:47:56,3.55,3.45,2700,3.65,2700,0,198450
TVSMOTOR30Jan20480CE.NFO,07/01/2020,12:48:05,3.55,3.45,2700,3.65,1350,0,198450
TVSMOTOR30Jan20480CE.NFO,07/01/2020,12:48:16,3.55,3.45,2700,3.7,2700,0,198450
TVSMOTOR30Jan20480CE.NFO,07/01/2020,12:48:23,3.55,3.45,2700,3.65,1350,0,198450
TVSMOTOR30Jan20480CE.NFO,07/01/2020,12:48:29,3.55,3.45,2700,3.65,2700,0,198450
TVSMOTOR30Jan20480CE.NFO,07/01/2020,12:48:52,3.55,3.45,2700,3.6,1350,0,198450
TVSMOTOR30Jan20480CE.NFO,07/01/2020,12:49:16,3.55,3.45,1350,3.6,1350,0,198450
TVSMOTOR30Jan20480CE.NFO,07/01/2020,12:49:51,3.55,3.45,1350,3.65,1350,0,198450
TVSMOTOR30Jan20480CE.NFO,07/01/2020,12:50:19,3.55,3.45,1350,3.65,2700,0,198450
TVSMOTOR30Jan20480CE.NFO,07/01/2020,12:51:14,3.55,3.45,1350,3.65,1350,0,198450
TVSMOTOR30Jan20480CE.NFO,07/01/2020,12:51:23,3.55,3.45,1350,3.6,1350,0,198450
TVSMOTOR30Jan20480CE.NFO,07/01/2020,12:51:25,3.55,3.45,1350,3.6,2700,0,198450
TVSMOTOR30Jan20480CE.NFO,07/01/2020,12:51:32,3.55,3.45,1350,3.6,1350,0,198450
TVSMOTOR30Jan20480CE.NFO,07/01/2020,12:51:45,3.55,3.45,1350,3.6,2700,0,198450
TVSMOTOR30Jan20480CE.NFO,07/01/2020,12:51:48,3.55,3.45,1350,3.6,1350,0,198450
TVSMOTOR30Jan20480CE.NFO,07/01/2020,12:52:25,3.55,3.45,1350,3.6,2700,0,198450
TVSMOTOR30Jan20480CE.NFO,07/01/2020,12:52:55,3.55,3.45,1350,3.6,1350,0,198450
TVSMOTOR30Jan20480CE.NFO,07/01/2020,12:53:51,3.55,3.45,1350,3.65,2700,0,198450
TVSMOTOR30Jan20480CE.NFO,07/01/2020,12:54:01,3.55,3.45,1350,3.7,4050,0,198450
TVSMOTOR30Jan20480CE.NFO,07/01/2020,12:54:53,3.55,3.45,1350,3.7,2700,0,198450
TVSMOTOR30Jan20480CE.NFO,07/01/2020,12:54:59,3.55,3.45,1350,3.7,4050,0,198450
TVSMOTOR30Jan20480CE.NFO,07/01/2020,12:55:59,3.55,3.45,1350,3.7,2700,0,198450
TVSMOTOR30Jan20480CE.NFO,07/01/2020,12:57:30,3.55,3.45,1350,3.7,4050,0,198450
TVSMOTOR30Jan20480CE.NFO,07/01/2020,12:57:52,3.55,3.45,1350,3.7,2700,0,198450
TVSMOTOR30Jan20480CE.NFO,07/01/2020,12:58:14,3.55,3.45,1350,3.7,4050,0,198450
TVSMOTOR30Jan20480CE.NFO,07/01/2020,12:58:29,3.55,3.45,1350,3.7,2700,0,198450
TVSMOTOR30Jan20480CE.NFO,07/01/2020,12:58:34,3.55,3.45,1350,3.7,4050,0,198450
TVSMOTOR30Jan20480CE.NFO,07/01/2020,13:01:23,3.55,3.4,2700,3.7,4050,0,198450
TVSMOTOR30Jan20480CE.NFO,07/01/2020,13:01:54,3.55,3.4,2700,3.7,1350,0,198450
TVSMOTOR30Jan20480CE.NFO,07/01/2020,13:02:00,3.55,3.4,2700,3.75,2700,0,198450
TVSMOTOR30Jan20480CE.NFO,07/01/2020,13:02:21,3.55,3.4,2700,3.7,4050,0,198450
TVSMOTOR30Jan20480CE.NFO,07/01/2020,13:02:26,3.55,3.4,2700,3.65,2700,0,198450
TVSMOTOR30Jan20480CE.NFO,07/01/2020,13:02:36,3.55,3.4,2700,3.65,1350,0,198450
TVSMOTOR30Jan20480CE.NFO,07/01/2020,13:03:17,3.55,3.4,2700,3.7,1350,0,198450
TVSMOTOR30Jan20480CE.NFO,07/01/2020,13:03:49,3.55,3.4,2700,3.65,2700,0,198450
TVSMOTOR30Jan20480CE.NFO,07/01/2020,13:03:57,3.55,3.4,2700,3.7,1350,0,198450
TVSMOTOR30Jan20480CE.NFO,07/01/2020,13:04:45,3.55,3.4,2700,3.65,2700,0,198450
TVSMOTOR30Jan20480CE.NFO,07/01/2020,13:05:27,3.55,3.4,2700,3.65,1350,0,198450
TVSMOTOR30Jan20480CE.NFO,07/01/2020,13:05:38,3.55,3.4,2700,3.7,1350,0,198450
TVSMOTOR30Jan20480CE.NFO,07/01/2020,13:05:48,3.55,3.5,2700,3.7,1350,0,198450
TVSMOTOR30Jan20480CE.NFO,07/01/2020,13:06:00,3.55,3.5,1350,3.7,1350,0,198450
TVSMOTOR30Jan20480CE.NFO,07/01/2020,13:06:17,3.55,3.5,1350,3.65,1350,0,198450
TVSMOTOR30Jan20480CE.NFO,07/01/2020,13:06:22,3.55,3.5,1350,3.7,1350,0,198450
TVSMOTOR30Jan20480CE.NFO,07/01/2020,13:06:34,3.55,3.5,1350,3.65,2700,0,198450
TVSMOTOR30Jan20480CE.NFO,07/01/2020,13:06:49,3.55,3.5,1350,3.7,1350,0,198450
TVSMOTOR30Jan20480CE.NFO,07/01/2020,13:06:53,3.55,3.5,1350,3.65,4050,0,198450
TVSMOTOR30Jan20480CE.NFO,07/01/2020,13:07:26,3.55,3.5,1350,3.65,2700,0,198450
TVSMOTOR30Jan20480CE.NFO,07/01/2020,13:07:47,3.55,3.45,2700,3.65,2700,0,198450
TVSMOTOR30Jan20480CE.NFO,07/01/2020,13:08:05,3.55,3.45,2700,3.65,1350,0,198450
TVSMOTOR30Jan20480CE.NFO,07/01/2020,13:08:13,3.55,3.45,2700,3.65,2700,0,198450
TVSMOTOR30Jan20480CE.NFO,07/01/2020,13:08:20,3.55,3.45,2700,3.65,1350,0,198450
TVSMOTOR30Jan20480CE.NFO,07/01/2020,13:08:27,3.55,3.45,2700,3.65,4050,0,198450
TVSMOTOR30Jan20480CE.NFO,07/01/2020,13:08:35,3.55,3.45,2700,3.65,2700,0,198450
TVSMOTOR30Jan20480CE.NFO,07/01/2020,13:08:54,3.55,3.45,2700,3.65,1350,0,198450
TVSMOTOR30Jan20480CE.NFO,07/01/2020,13:09:06,3.55,3.45,2700,3.65,2700,0,198450
TVSMOTOR30Jan20480CE.NFO,07/01/2020,13:09:37,3.55,3.45,1350,3.65,2700,0,198450
TVSMOTOR30Jan20480CE.NFO,07/01/2020,13:12:29,3.55,3.45,1350,3.6,1350,0,198450
TVSMOTOR30Jan20480CE.NFO,07/01/2020,13:13:00,3.55,3.45,1350,3.65,1350,0,198450
TVSMOTOR30Jan20480CE.NFO,07/01/2020,13:13:12,3.55,3.45,1350,3.6,1350,0,198450
TVSMOTOR30Jan20480CE.NFO,07/01/2020,13:13:17,3.55,3.45,1350,3.65,1350,0,198450
TVSMOTOR30Jan20480CE.NFO,07/01/2020,13:13:21,3.55,3.45,1350,3.6,1350,0,198450
TVSMOTOR30Jan20480CE.NFO,07/01/2020,13:14:09,3.55,3.45,1350,3.6,2700,0,198450
TVSMOTOR30Jan20480CE.NFO,07/01/2020,13:14:14,3.55,3.45,1350,3.6,1350,0,198450
TVSMOTOR30Jan20480CE.NFO,07/01/2020,13:14:53,3.55,3.45,1350,3.6,2700,0,198450
TVSMOTOR30Jan20480CE.NFO,07/01/2020,13:15:27,3.55,3.45,1350,3.6,1350,0,198450
TVSMOTOR30Jan20480CE.NFO,07/01/2020,13:15:34,3.55,3.45,1350,3.6,2700,0,198450
TVSMOTOR30Jan20480CE.NFO,07/01/2020,13:15:46,3.55,3.4,2700,3.55,2700,0,198450
TVSMOTOR30Jan20480CE.NFO,07/01/2020,13:15:52,3.55,3.4,2700,3.6,1350,0,198450
TVSMOTOR30Jan20480CE.NFO,07/01/2020,13:15:57,3.55,3.4,2700,3.55,1350,0,198450
TVSMOTOR30Jan20480CE.NFO,07/01/2020,13:16:03,3.55,3.45,4050,3.6,2700,0,198450
TVSMOTOR30Jan20480CE.NFO,07/01/2020,13:16:15,3.55,3.45,2700,3.6,1350,0,198450
TVSMOTOR30Jan20480CE.NFO,07/01/2020,13:16:49,3.55,3.4,2700,3.6,1350,0,198450
TVSMOTOR30Jan20480CE.NFO,07/01/2020,13:17:02,3.4,3.4,1350,3.55,1350,1350,198450
TVSMOTOR30Jan20480CE.NFO,07/01/2020,13:17:07,3.4,3.4,1350,3.6,1350,0,198450
TVSMOTOR30Jan20480CE.NFO,07/01/2020,13:17:11,3.4,3.4,1350,3.55,1350,0,198450
TVSMOTOR30Jan20480CE.NFO,07/01/2020,13:17:23,3.4,3.4,1350,3.55,2700,0,198450
TVSMOTOR30Jan20480CE.NFO,07/01/2020,13:17:30,3.4,3.35,4050,3.55,2700,0,198450
TVSMOTOR30Jan20480CE.NFO,07/01/2020,13:17:37,3.4,3.35,4050,3.5,1350,0,198450
TVSMOTOR30Jan20480CE.NFO,07/01/2020,13:17:42,3.4,3.35,4050,3.55,2700,0,198450
TVSMOTOR30Jan20480CE.NFO,07/01/2020,13:17:46,3.4,3.35,4050,3.55,1350,0,198450
TVSMOTOR30Jan20480CE.NFO,07/01/2020,13:17:51,3.4,3.35,4050,3.5,1350,0,198450
TVSMOTOR30Jan20480CE.NFO,07/01/2020,13:17:56,3.4,3.35,4050,3.55,1350,0,198450
TVSMOTOR30Jan20480CE.NFO,07/01/2020,13:18:01,3.4,3.35,4050,3.55,2700,0,198450
TVSMOTOR30Jan20480CE.NFO,07/01/2020,13:18:28,3.4,3.35,4050,3.55,1350,0,198450
TVSMOTOR30Jan20480CE.NFO,07/01/2020,13:18:40,3.4,3.35,4050,3.55,2700,0,198450
TVSMOTOR30Jan20480CE.NFO,07/01/2020,13:18:47,3.4,3.35,4050,3.55,1350,0,198450
TVSMOTOR30Jan20480CE.NFO,07/01/2020,13:18:52,3.4,3.35,4050,3.55,2700,0,198450
TVSMOTOR30Jan20480CE.NFO,07/01/2020,13:19:03,3.4,3.35,4050,3.55,1350,0,198450
TVSMOTOR30Jan20480CE.NFO,07/01/2020,13:19:09,3.4,3.35,4050,3.5,1350,0,198450
TVSMOTOR30Jan20480CE.NFO,07/01/2020,13:19:15,3.4,3.35,4050,3.55,1350,0,198450
TVSMOTOR30Jan20480CE.NFO,07/01/2020,13:19:44,3.4,3.35,4050,3.5,4050,0,198450
TVSMOTOR30Jan20480CE.NFO,07/01/2020,13:19:48,3.4,3.35,4050,3.55,2700,0,198450
TVSMOTOR30Jan20480CE.NFO,07/01/2020,13:19:53,3.4,3.35,4050,3.55,1350,0,198450
TVSMOTOR30Jan20480CE.NFO,07/01/2020,13:20:25,3.4,3.35,4050,3.55,2700,0,198450
TVSMOTOR30Jan20480CE.NFO,07/01/2020,13:21:04,3.4,3.35,4050,3.55,1350,0,198450
TVSMOTOR30Jan20480CE.NFO,07/01/2020,13:21:10,3.4,3.35,4050,3.5,1350,0,198450
TVSMOTOR30Jan20480CE.NFO,07/01/2020,13:21:17,3.4,3.35,2700,3.5,1350,0,198450
TVSMOTOR30Jan20480CE.NFO,07/01/2020,13:21:35,3.4,3.35,1350,3.55,1350,0,198450
TVSMOTOR30Jan20480CE.NFO,07/01/2020,13:21:40,3.4,3.35,1350,3.5,1350,0,198450
TVSMOTOR30Jan20480CE.NFO,07/01/2020,13:21:45,3.4,3.35,1350,3.55,1350,0,198450
TVSMOTOR30Jan20480CE.NFO,07/01/2020,13:21:54,3.4,3.35,1350,3.5,1350,0,198450
TVSMOTOR30Jan20480CE.NFO,07/01/2020,13:21:58,3.4,3.35,1350,3.55,1350,0,198450
TVSMOTOR30Jan20480CE.NFO,07/01/2020,13:22:03,3.4,3.35,1350,3.5,1350,0,198450
TVSMOTOR30Jan20480CE.NFO,07/01/2020,13:22:07,3.4,3.35,1350,3.55,1350,0,198450
TVSMOTOR30Jan20480CE.NFO,07/01/2020,13:22:19,3.4,3.35,1350,3.55,4050,0,198450
TVSMOTOR30Jan20480CE.NFO,07/01/2020,13:22:45,3.4,3.35,1350,3.55,2700,0,198450
TVSMOTOR30Jan20480CE.NFO,07/01/2020,13:22:50,3.4,3.35,1350,3.55,4050,0,198450
TVSMOTOR30Jan20480CE.NFO,07/01/2020,13:23:37,3.4,3.35,1350,3.55,2700,0,198450
TVSMOTOR30Jan20480CE.NFO,07/01/2020,13:23:41,3.4,3.35,1350,3.55,1350,0,198450
TVSMOTOR30Jan20480CE.NFO,07/01/2020,13:23:45,3.4,3.35,1350,3.6,1350,0,198450
TVSMOTOR30Jan20480CE.NFO,07/01/2020,13:23:49,3.4,3.35,1350,3.55,1350,0,198450
TVSMOTOR30Jan20480CE.NFO,07/01/2020,13:24:15,3.4,3.35,1350,3.6,1350,0,198450
TVSMOTOR30Jan20480CE.NFO,07/01/2020,13:24:29,3.4,3.35,1350,3.6,2700,0,198450
TVSMOTOR30Jan20480CE.NFO,07/01/2020,13:24:50,3.4,3.35,1350,3.65,1350,0,198450
TVSMOTOR30Jan20480CE.NFO,07/01/2020,13:25:02,3.4,3.35,1350,3.65,2700,0,198450
TVSMOTOR30Jan20480CE.NFO,07/01/2020,13:25:07,3.4,3.45,2700,3.65,1350,0,198450
TVSMOTOR30Jan20480CE.NFO,07/01/2020,13:25:20,3.4,3.45,1350,3.6,2700,0,198450
TVSMOTOR30Jan20480CE.NFO,07/01/2020,13:26:19,3.4,3.4,2700,3.6,2700,0,198450
TVSMOTOR30Jan20480CE.NFO,07/01/2020,13:27:29,3.4,3.4,1350,3.6,2700,0,198450
TVSMOTOR30Jan20480CE.NFO,07/01/2020,13:28:13,3.4,3.35,1350,3.55,2700,0,198450
TVSMOTOR30Jan20480CE.NFO,07/01/2020,13:28:40,3.4,3.3,2700,3.5,4050,0,198450
TVSMOTOR30Jan20480CE.NFO,07/01/2020,13:28:46,3.4,3.3,2700,3.5,1350,0,198450
TVSMOTOR30Jan20480CE.NFO,07/01/2020,13:28:59,3.4,3.3,1350,3.5,1350,0,198450
TVSMOTOR30Jan20480CE.NFO,07/01/2020,13:30:01,3.4,3.3,1350,3.5,2700,0,198450
TVSMOTOR30Jan20480CE.NFO,07/01/2020,13:30:26,3.4,3.3,1350,3.5,1350,0,198450
TVSMOTOR30Jan20480CE.NFO,07/01/2020,13:30:55,3.4,3.3,1350,3.55,2700,0,198450
TVSMOTOR30Jan20480CE.NFO,07/01/2020,13:31:02,3.4,3.3,1350,3.5,2700,0,198450
TVSMOTOR30Jan20480CE.NFO,07/01/2020,13:31:09,3.4,3.3,1350,3.5,1350,0,198450
TVSMOTOR30Jan20480CE.NFO,07/01/2020,13:31:52,3.4,3.3,1350,3.55,1350,0,198450
TVSMOTOR30Jan20480CE.NFO,07/01/2020,13:32:00,3.4,3.3,1350,3.5,4050,0,198450
TVSMOTOR30Jan20480CE.NFO,07/01/2020,13:32:08,3.4,3.3,1350,3.45,2700,0,198450
TVSMOTOR30Jan20480CE.NFO,07/01/2020,13:32:14,3.4,3.2,5400,3.4,1350,0,198450
TVSMOTOR30Jan20480CE.NFO,07/01/2020,13:32:20,3.4,3.2,5400,3.4,4050,0,198450
TVSMOTOR30Jan20480CE.NFO,07/01/2020,13:32:54,3.2,3.05,1350,3.25,2700,2700,197100
TVSMOTOR30Jan20480CE.NFO,07/01/2020,13:32:54,3.2,3.05,1350,3.25,2700,0,197100
TVSMOTOR30Jan20480CE.NFO,07/01/2020,13:33:00,3.2,3.05,1350,3.15,1350,0,197100
TVSMOTOR30Jan20480CE.NFO,07/01/2020,13:33:06,3.15,3.05,1350,3.15,1350,1350,197100
TVSMOTOR30Jan20480CE.NFO,07/01/2020,13:33:06,3.15,3.05,1350,3.15,1350,0,197100
TVSMOTOR30Jan20480CE.NFO,07/01/2020,13:33:17,3.15,3.05,1350,3.15,1350,0,197100
TVSMOTOR30Jan20480CE.NFO,07/01/2020,13:33:50,3.15,3.05,2700,3.2,2700,0,197100
TVSMOTOR30Jan20480CE.NFO,07/01/2020,13:33:56,3.15,3.05,2700,3.2,1350,0,197100
TVSMOTOR30Jan20480CE.NFO,07/01/2020,13:34:01,3.15,3.05,2700,3.25,2700,0,197100
TVSMOTOR30Jan20480CE.NFO,07/01/2020,13:34:06,3.15,3.05,2700,3.25,1350,0,197100
TVSMOTOR30Jan20480CE.NFO,07/01/2020,13:34:10,3.15,3.05,2700,3.25,2700,0,197100
TVSMOTOR30Jan20480CE.NFO,07/01/2020,13:34:20,3.15,3.05,2700,3.15,1350,0,197100
TVSMOTOR30Jan20480CE.NFO,07/01/2020,13:34:40,3.15,3.05,2700,3.3,2700,1350,197100
TVSMOTOR30Jan20480CE.NFO,07/01/2020,13:34:46,3.15,3.05,2700,3.3,2700,0,197100
TVSMOTOR30Jan20480CE.NFO,07/01/2020,13:34:51,3.15,3.05,2700,3.3,4050,0,197100
TVSMOTOR30Jan20480CE.NFO,07/01/2020,13:34:57,3.15,3.05,2700,3.3,2700,0,197100
TVSMOTOR30Jan20480CE.NFO,07/01/2020,13:37:00,3.15,3.05,2700,3.35,1350,0,197100
TVSMOTOR30Jan20480CE.NFO,07/01/2020,13:37:28,3.15,3.05,2700,3.3,1350,0,197100
TVSMOTOR30Jan20480CE.NFO,07/01/2020,13:37:33,3.15,3.05,2700,3.35,1350,0,197100
TVSMOTOR30Jan20480CE.NFO,07/01/2020,13:38:08,3.15,3.05,2700,3.45,1350,0,197100
TVSMOTOR30Jan20480CE.NFO,07/01/2020,13:38:23,3.15,3.05,2700,3.4,1350,0,197100
TVSMOTOR30Jan20480CE.NFO,07/01/2020,13:38:29,3.15,3.05,2700,3.35,1350,0,197100
TVSMOTOR30Jan20480CE.NFO,07/01/2020,13:38:52,3.15,3.05,2700,3.4,1350,0,197100
TVSMOTOR30Jan20480CE.NFO,07/01/2020,13:39:44,3.15,3.05,2700,3.35,1350,0,197100
TVSMOTOR30Jan20480CE.NFO,07/01/2020,13:39:57,3.15,3.15,2700,3.4,1350,0,197100
TVSMOTOR30Jan20480CE.NFO,07/01/2020,13:40:01,3.15,3.15,2700,3.4,2700,0,197100
TVSMOTOR30Jan20480CE.NFO,07/01/2020,13:40:06,3.15,3.15,2700,3.4,4050,0,197100
TVSMOTOR30Jan20480CE.NFO,07/01/2020,13:40:20,3.15,3.15,2700,3.35,1350,0,197100
TVSMOTOR30Jan20480CE.NFO,07/01/2020,13:40:24,3.15,3.15,2700,3.4,2700,0,197100
TVSMOTOR30Jan20480CE.NFO,07/01/2020,13:44:02,3.15,3.15,2700,3.45,2700,0,197100
TVSMOTOR30Jan20480CE.NFO,07/01/2020,13:44:30,3.15,3.15,2700,3.45,1350,0,197100
TVSMOTOR30Jan20480CE.NFO,07/01/2020,13:44:51,3.15,3.15,2700,3.4,1350,0,197100
TVSMOTOR30Jan20480CE.NFO,07/01/2020,13:45:11,3.15,3.25,2700,3.5,2700,0,197100
TVSMOTOR30Jan20480CE.NFO,07/01/2020,13:45:18,3.15,3.25,2700,3.5,4050,0,197100
TVSMOTOR30Jan20480CE.NFO,07/01/2020,13:46:20,3.15,3.25,2700,3.45,1350,0,197100
TVSMOTOR30Jan20480CE.NFO,07/01/2020,13:46:47,3.15,3.25,2700,3.55,1350,0,197100
TVSMOTOR30Jan20480CE.NFO,07/01/2020,13:46:55,3.15,3.35,2700,3.55,1350,0,197100
TVSMOTOR30Jan20480CE.NFO,07/01/2020,13:47:11,3.15,3.35,2700,3.6,1350,0,197100
TVSMOTOR30Jan20480CE.NFO,07/01/2020,13:47:17,3.15,3.35,2700,3.65,2700,0,197100
TVSMOTOR30Jan20480CE.NFO,07/01/2020,13:47:22,3.15,3.45,1350,3.65,2700,0,197100
TVSMOTOR30Jan20480CE.NFO,07/01/2020,13:47:32,3.15,3.4,1350,3.6,4050,0,197100
TVSMOTOR30Jan20480CE.NFO,07/01/2020,13:47:38,3.15,3.4,1350,3.6,2700,0,197100
TVSMOTOR30Jan20480CE.NFO,07/01/2020,13:48:18,3.15,3.4,1350,3.6,1350,0,197100
TVSMOTOR30Jan20480CE.NFO,07/01/2020,13:48:44,3.15,3.35,2700,3.6,1350,0,197100
TVSMOTOR30Jan20480CE.NFO,07/01/2020,13:49:11,3.15,3.35,1350,3.5,1350,0,197100
TVSMOTOR30Jan20480CE.NFO,07/01/2020,13:49:29,3.15,3.3,2700,3.5,1350,0,197100
TVSMOTOR30Jan20480CE.NFO,07/01/2020,13:49:35,3.15,3.3,2700,3.55,4050,0,197100
TVSMOTOR30Jan20480CE.NFO,07/01/2020,13:50:12,3.15,3.3,2700,3.6,1350,0,197100
TVSMOTOR30Jan20480CE.NFO,07/01/2020,13:50:19,3.15,3.3,2700,3.65,2700,0,197100
TVSMOTOR30Jan20480CE.NFO,07/01/2020,13:50:27,3.15,3.3,2700,3.65,1350,0,197100
TVSMOTOR30Jan20480CE.NFO,07/01/2020,13:50:40,3.15,3.45,2700,3.7,2700,0,197100
TVSMOTOR30Jan20480CE.NFO,07/01/2020,13:50:57,3.15,3.45,1350,3.6,1350,0,197100
TVSMOTOR30Jan20480CE.NFO,07/01/2020,13:51:05,3.15,3.45,1350,3.65,4050,0,197100
TVSMOTOR30Jan20480CE.NFO,07/01/2020,13:51:17,3.15,3.45,1350,3.65,1350,0,197100
TVSMOTOR30Jan20480CE.NFO,07/01/2020,13:53:55,3.15,3.4,1350,3.6,2700,0,197100
TVSMOTOR30Jan20480CE.NFO,07/01/2020,13:54:33,3.15,3.4,1350,3.6,1350,0,197100
TVSMOTOR30Jan20480CE.NFO,07/01/2020,13:59:07,3.15,3.4,1350,3.65,2700,0,197100
TVSMOTOR30Jan20480CE.NFO,07/01/2020,13:59:12,3.15,3.4,1350,3.6,2700,0,197100
TVSMOTOR30Jan20480CE.NFO,07/01/2020,13:59:53,3.15,3.4,1350,3.6,1350,0,197100
TVSMOTOR30Jan20480CE.NFO,07/01/2020,13:59:56,3.15,3.4,1350,3.6,2700,0,197100
TVSMOTOR30Jan20480CE.NFO,07/01/2020,13:59:59,3.15,3.4,1350,3.6,1350,0,197100
TVSMOTOR30Jan20480CE.NFO,07/01/2020,14:00:08,3.15,3.4,1350,3.6,2700,0,197100
TVSMOTOR30Jan20480CE.NFO,07/01/2020,14:00:16,3.15,3.4,1350,3.6,1350,0,197100
TVSMOTOR30Jan20480CE.NFO,07/01/2020,14:00:28,3.15,3.4,1350,3.6,2700,0,197100
TVSMOTOR30Jan20480CE.NFO,07/01/2020,14:00:37,3.15,3.4,1350,3.6,1350,0,197100
TVSMOTOR30Jan20480CE.NFO,07/01/2020,14:00:43,3.15,3.4,1350,3.65,1350,0,197100
TVSMOTOR30Jan20480CE.NFO,07/01/2020,14:01:31,3.15,3.5,1350,3.65,1350,0,197100
TVSMOTOR30Jan20480CE.NFO,07/01/2020,14:01:35,3.15,3.5,1350,3.7,2700,0,197100
TVSMOTOR30Jan20480CE.NFO,07/01/2020,14:01:46,3.15,3.45,2700,3.7,1350,0,197100
TVSMOTOR30Jan20480CE.NFO,07/01/2020,14:02:55,3.15,3.55,2700,3.75,2700,0,197100
TVSMOTOR30Jan20480CE.NFO,07/01/2020,14:02:58,3.15,3.5,2700,3.75,2700,0,197100
TVSMOTOR30Jan20480CE.NFO,07/01/2020,14:03:26,3.15,3.6,2700,3.75,1350,0,197100
TVSMOTOR30Jan20480CE.NFO,07/01/2020,14:03:58,3.15,3.6,2700,3.7,1350,0,197100
TVSMOTOR30Jan20480CE.NFO,07/01/2020,14:04:04,3.15,3.6,2700,3.75,1350,0,197100
TVSMOTOR30Jan20480CE.NFO,07/01/2020,14:04:42,3.15,3.6,1350,3.75,1350,0,197100
TVSMOTOR30Jan20480CE.NFO,07/01/2020,14:05:10,3.15,3.6,1350,3.75,2700,0,197100
TVSMOTOR30Jan20480CE.NFO,07/01/2020,14:05:38,3.15,3.55,1350,3.7,1350,0,197100
TVSMOTOR30Jan20480CE.NFO,07/01/2020,14:05:53,3.15,3.55,1350,3.65,1350,0,197100
TVSMOTOR30Jan20480CE.NFO,07/01/2020,14:06:20,3.15,3.5,1350,3.65,2700,0,197100
TVSMOTOR30Jan20480CE.NFO,07/01/2020,14:06:46,3.15,3.45,2700,3.6,1350,0,197100
TVSMOTOR30Jan20480CE.NFO,07/01/2020,14:07:03,3.15,3.45,2700,3.6,2700,0,197100
TVSMOTOR30Jan20480CE.NFO,07/01/2020,14:07:16,3.15,3.45,2700,3.6,1350,0,197100
TVSMOTOR30Jan20480CE.NFO,07/01/2020,14:07:20,3.15,3.45,2700,3.6,2700,0,197100
TVSMOTOR30Jan20480CE.NFO,07/01/2020,14:07:27,3.15,3.45,1350,3.6,2700,0,197100
TVSMOTOR30Jan20480CE.NFO,07/01/2020,14:07:33,3.15,3.35,1350,3.5,2700,0,197100
TVSMOTOR30Jan20480CE.NFO,07/01/2020,14:07:44,3.15,3.35,1350,3.5,1350,0,197100
TVSMOTOR30Jan20480CE.NFO,07/01/2020,14:07:48,3.15,3.35,1350,3.5,2700,0,197100
TVSMOTOR30Jan20480CE.NFO,07/01/2020,14:08:40,3.15,3.3,2700,3.5,2700,0,197100
TVSMOTOR30Jan20480CE.NFO,07/01/2020,14:10:23,3.15,3.3,2700,3.45,1350,0,197100
TVSMOTOR30Jan20480CE.NFO,07/01/2020,14:10:29,3.15,3.3,2700,3.5,1350,0,197100
TVSMOTOR30Jan20480CE.NFO,07/01/2020,14:12:01,3.15,3.3,2700,3.5,2700,0,197100
TVSMOTOR30Jan20480CE.NFO,07/01/2020,14:12:35,3.15,3.3,2700,3.45,2700,0,197100
TVSMOTOR30Jan20480CE.NFO,07/01/2020,14:12:44,3.15,3.3,1350,3.45,2700,0,197100
TVSMOTOR30Jan20480CE.NFO,07/01/2020,14:13:12,3.15,3.3,1350,3.45,1350,0,197100
TVSMOTOR30Jan20480CE.NFO,07/01/2020,14:13:28,3.15,3.3,1350,3.5,1350,0,197100
TVSMOTOR30Jan20480CE.NFO,07/01/2020,14:14:05,3.15,3.3,1350,3.45,1350,0,197100
TVSMOTOR30Jan20480CE.NFO,07/01/2020,14:14:11,3.15,3.3,1350,3.5,1350,0,197100
TVSMOTOR30Jan20480CE.NFO,07/01/2020,14:14:21,3.15,3.3,1350,3.45,2700,0,197100
TVSMOTOR30Jan20480CE.NFO,07/01/2020,14:14:32,3.15,3.25,2700,3.45,1350,0,197100
TVSMOTOR30Jan20480CE.NFO,07/01/2020,14:14:41,3.15,3.25,2700,3.5,1350,0,197100
TVSMOTOR30Jan20480CE.NFO,07/01/2020,14:14:46,3.15,3.25,2700,3.45,2700,0,197100
TVSMOTOR30Jan20480CE.NFO,07/01/2020,14:14:55,3.15,3.25,2700,3.45,1350,0,197100
TVSMOTOR30Jan20480CE.NFO,07/01/2020,14:15:00,3.15,3.25,2700,3.5,1350,0,197100
TVSMOTOR30Jan20480CE.NFO,07/01/2020,14:15:07,3.15,3.25,2700,3.45,2700,0,197100
TVSMOTOR30Jan20480CE.NFO,07/01/2020,14:15:19,3.15,3.25,2700,3.5,1350,0,197100
TVSMOTOR30Jan20480CE.NFO,07/01/2020,14:15:26,3.15,3.35,2700,3.55,1350,0,197100
TVSMOTOR30Jan20480CE.NFO,07/01/2020,14:15:46,3.15,3.3,2700,3.5,4050,0,197100
TVSMOTOR30Jan20480CE.NFO,07/01/2020,14:16:06,3.15,3.3,2700,3.55,1350,0,197100
TVSMOTOR30Jan20480CE.NFO,07/01/2020,14:16:17,3.15,3.3,2700,3.55,4050,0,197100
TVSMOTOR30Jan20480CE.NFO,07/01/2020,14:16:22,3.15,3.3,2700,3.55,2700,0,197100
TVSMOTOR30Jan20480CE.NFO,07/01/2020,14:16:31,3.15,3.3,2700,3.55,1350,0,197100
TVSMOTOR30Jan20480CE.NFO,07/01/2020,14:16:36,3.15,3.3,2700,3.6,2700,0,197100
TVSMOTOR30Jan20480CE.NFO,07/01/2020,14:16:47,3.15,3.3,2700,3.55,5400,0,197100
TVSMOTOR30Jan20480CE.NFO,07/01/2020,14:16:52,3.15,3.3,2700,3.55,4050,0,197100
TVSMOTOR30Jan20480CE.NFO,07/01/2020,14:18:45,3.15,3.3,2700,3.55,2700,0,197100
TVSMOTOR30Jan20480CE.NFO,07/01/2020,14:18:52,3.15,3.3,2700,3.55,4050,0,197100
TVSMOTOR30Jan20480CE.NFO,07/01/2020,14:19:28,3.15,3.3,2700,3.55,2700,0,197100
TVSMOTOR30Jan20480CE.NFO,07/01/2020,14:19:37,3.15,3.3,2700,3.55,1350,0,197100
TVSMOTOR30Jan20480CE.NFO,07/01/2020,14:19:41,3.15,3.3,2700,3.5,1350,0,197100
TVSMOTOR30Jan20480CE.NFO,07/01/2020,14:20:05,3.15,3.3,2700,3.5,2700,0,197100
TVSMOTOR30Jan20480CE.NFO,07/01/2020,14:20:10,3.15,3.3,2700,3.5,1350,0,197100
TVSMOTOR30Jan20480CE.NFO,07/01/2020,14:21:05,3.15,3.3,2700,3.55,1350,0,197100
TVSMOTOR30Jan20480CE.NFO,07/01/2020,14:21:19,3.15,3.3,2700,3.55,2700,0,197100
TVSMOTOR30Jan20480CE.NFO,07/01/2020,14:21:23,3.15,3.3,2700,3.55,4050,0,197100
TVSMOTOR30Jan20480CE.NFO,07/01/2020,14:21:56,3.15,3.3,2700,3.55,2700,0,197100
TVSMOTOR30Jan20480CE.NFO,07/01/2020,14:22:03,3.15,3.3,2700,3.55,4050,0,197100
TVSMOTOR30Jan20480CE.NFO,07/01/2020,14:22:07,3.15,3.3,2700,3.55,2700,0,197100
TVSMOTOR30Jan20480CE.NFO,07/01/2020,14:22:16,3.15,3.3,2700,3.55,1350,0,197100
TVSMOTOR30Jan20480CE.NFO,07/01/2020,14:23:19,3.15,3.3,2700,3.5,1350,0,197100
TVSMOTOR30Jan20480CE.NFO,07/01/2020,14:23:50,3.15,3.3,2700,3.55,1350,0,197100
TVSMOTOR30Jan20480CE.NFO,07/01/2020,14:23:55,3.15,3.3,2700,3.5,1350,0,197100
TVSMOTOR30Jan20480CE.NFO,07/01/2020,14:24:16,3.15,3.3,2700,3.55,1350,0,197100
TVSMOTOR30Jan20480CE.NFO,07/01/2020,14:24:23,3.15,3.3,2700,3.55,4050,0,197100
TVSMOTOR30Jan20480CE.NFO,07/01/2020,14:24:53,3.15,3.3,2700,3.55,2700,0,197100
TVSMOTOR30Jan20480CE.NFO,07/01/2020,14:25:10,3.15,3.3,2700,3.55,4050,0,197100
TVSMOTOR30Jan20480CE.NFO,07/01/2020,14:25:24,3.15,3.3,2700,3.55,1350,0,197100
TVSMOTOR30Jan20480CE.NFO,07/01/2020,14:25:34,3.15,3.3,2700,3.5,1350,0,197100
TVSMOTOR30Jan20480CE.NFO,07/01/2020,14:26:14,3.15,3.3,2700,3.55,2700,0,197100
TVSMOTOR30Jan20480CE.NFO,07/01/2020,14:26:30,3.15,3.3,2700,3.55,1350,0,197100
TVSMOTOR30Jan20480CE.NFO,07/01/2020,14:26:37,3.15,3.3,2700,3.5,1350,0,197100
TVSMOTOR30Jan20480CE.NFO,07/01/2020,14:26:44,3.15,3.3,2700,3.55,1350,0,197100
TVSMOTOR30Jan20480CE.NFO,07/01/2020,14:27:07,3.15,3.3,2700,3.6,1350,0,197100
TVSMOTOR30Jan20480CE.NFO,07/01/2020,14:27:15,3.15,3.3,2700,3.6,2700,0,197100
TVSMOTOR30Jan20480CE.NFO,07/01/2020,14:27:50,3.15,3.3,2700,3.55,2700,0,197100
TVSMOTOR30Jan20480CE.NFO,07/01/2020,14:28:00,3.15,3.3,2700,3.55,1350,0,197100
TVSMOTOR30Jan20480CE.NFO,07/01/2020,14:28:17,3.15,3.3,2700,3.6,1350,0,197100
TVSMOTOR30Jan20480CE.NFO,07/01/2020,14:28:22,3.15,3.3,2700,3.55,1350,0,197100
TVSMOTOR30Jan20480CE.NFO,07/01/2020,14:28:31,3.15,3.3,2700,3.55,2700,0,197100
TVSMOTOR30Jan20480CE.NFO,07/01/2020,14:28:57,3.15,3.3,2700,3.55,1350,0,197100
TVSMOTOR30Jan20480CE.NFO,07/01/2020,14:29:21,3.15,3.45,1350,3.6,1350,0,197100
TVSMOTOR30Jan20480CE.NFO,07/01/2020,14:30:30,3.15,3.45,1350,3.7,2700,0,197100
TVSMOTOR30Jan20480CE.NFO,07/01/2020,14:30:39,3.15,3.45,1350,3.75,4050,0,197100
TVSMOTOR30Jan20480CE.NFO,07/01/2020,14:30:49,3.15,3.45,1350,3.7,2700,0,197100
TVSMOTOR30Jan20480CE.NFO,07/01/2020,14:30:58,3.15,3.45,1350,3.65,1350,0,197100
TVSMOTOR30Jan20480CE.NFO,07/01/2020,14:31:15,3.15,3.45,1350,3.7,1350,0,197100
TVSMOTOR30Jan20480CE.NFO,07/01/2020,14:31:39,3.15,3.5,4050,3.7,1350,0,197100
TVSMOTOR30Jan20480CE.NFO,07/01/2020,14:31:54,3.15,3.55,1350,3.7,1350,0,197100
TVSMOTOR30Jan20480CE.NFO,07/01/2020,14:32:25,3.15,3.45,2700,3.65,2700,0,197100
TVSMOTOR30Jan20480CE.NFO,07/01/2020,14:33:30,3.15,3.45,2700,3.65,1350,0,197100
TVSMOTOR30Jan20480CE.NFO,07/01/2020,14:33:43,3.15,3.45,2700,3.65,2700,0,197100
TVSMOTOR30Jan20480CE.NFO,07/01/2020,14:34:02,3.15,3.45,2700,3.65,1350,0,197100
TVSMOTOR30Jan20480CE.NFO,07/01/2020,14:35:27,3.15,3.45,2700,3.65,2700,0,197100
TVSMOTOR30Jan20480CE.NFO,07/01/2020,14:35:39,3.15,3.45,1350,3.6,1350,0,197100
TVSMOTOR30Jan20480CE.NFO,07/01/2020,14:36:05,3.15,3.45,1350,3.65,2700,0,197100
TVSMOTOR30Jan20480CE.NFO,07/01/2020,14:36:10,3.15,3.45,1350,3.6,1350,0,197100
TVSMOTOR30Jan20480CE.NFO,07/01/2020,14:36:15,3.6,3.45,1350,3.6,1350,1350,197100
TVSMOTOR30Jan20480CE.NFO,07/01/2020,14:36:22,3.6,3.45,1350,3.6,1350,0,197100
TVSMOTOR30Jan20480CE.NFO,07/01/2020,14:36:33,3.6,3.45,1350,3.6,2700,0,197100
TVSMOTOR30Jan20480CE.NFO,07/01/2020,14:36:38,3.6,3.45,1350,3.6,1350,0,197100
TVSMOTOR30Jan20480CE.NFO,07/01/2020,14:36:47,3.6,3.45,1350,3.6,2700,0,197100
TVSMOTOR30Jan20480CE.NFO,07/01/2020,14:36:56,3.6,3.45,1350,3.6,1350,0,197100
TVSMOTOR30Jan20480CE.NFO,07/01/2020,14:37:30,3.6,3.45,1350,3.65,1350,0,197100
TVSMOTOR30Jan20480CE.NFO,07/01/2020,14:37:34,3.6,3.45,1350,3.7,4050,0,197100
TVSMOTOR30Jan20480CE.NFO,07/01/2020,14:38:45,3.6,3.45,1350,3.7,1350,0,197100
TVSMOTOR30Jan20480CE.NFO,07/01/2020,14:39:15,3.6,3.45,1350,3.7,2700,0,197100
TVSMOTOR30Jan20480CE.NFO,07/01/2020,14:39:45,3.6,3.45,1350,3.7,1350,0,197100
TVSMOTOR30Jan20480CE.NFO,07/01/2020,14:39:56,3.6,3.45,1350,3.7,2700,0,197100
TVSMOTOR30Jan20480CE.NFO,07/01/2020,14:40:10,3.6,3.45,1350,3.65,1350,0,197100
TVSMOTOR30Jan20480CE.NFO,07/01/2020,14:40:27,3.6,3.45,1350,3.7,1350,0,197100
TVSMOTOR30Jan20480CE.NFO,07/01/2020,14:41:27,3.6,3.45,1350,3.65,1350,0,197100
TVSMOTOR30Jan20480CE.NFO,07/01/2020,14:41:51,3.6,3.45,1350,3.65,2700,0,197100
TVSMOTOR30Jan20480CE.NFO,07/01/2020,14:42:11,3.6,3.45,1350,3.65,1350,0,197100
TVSMOTOR30Jan20480CE.NFO,07/01/2020,14:42:24,3.6,3.45,1350,3.65,2700,0,197100
TVSMOTOR30Jan20480CE.NFO,07/01/2020,14:42:46,3.6,3.45,1350,3.6,1350,0,197100
TVSMOTOR30Jan20480CE.NFO,07/01/2020,14:43:02,3.6,3.45,1350,3.65,1350,0,197100
TVSMOTOR30Jan20480CE.NFO,07/01/2020,14:44:01,3.6,3.45,1350,3.7,1350,0,197100
TVSMOTOR30Jan20480CE.NFO,07/01/2020,14:44:06,3.6,3.45,1350,3.65,1350,0,197100
TVSMOTOR30Jan20480CE.NFO,07/01/2020,14:44:32,3.6,3.45,1350,3.65,2700,0,197100
TVSMOTOR30Jan20480CE.NFO,07/01/2020,14:45:16,3.6,3.4,2700,3.65,2700,0,197100
TVSMOTOR30Jan20480CE.NFO,07/01/2020,14:45:30,3.6,3.4,1350,3.65,2700,0,197100
TVSMOTOR30Jan20480CE.NFO,07/01/2020,14:45:41,3.6,3.4,1350,3.55,1350,0,197100
TVSMOTOR30Jan20480CE.NFO,07/01/2020,14:46:03,3.6,3.4,1350,3.6,4050,0,197100
TVSMOTOR30Jan20480CE.NFO,07/01/2020,14:46:10,3.6,3.4,1350,3.55,2700,0,197100
TVSMOTOR30Jan20480CE.NFO,07/01/2020,14:46:23,3.6,3.4,1350,3.55,1350,0,197100
TVSMOTOR30Jan20480CE.NFO,07/01/2020,14:46:34,3.6,3.4,1350,3.55,2700,0,197100
TVSMOTOR30Jan20480CE.NFO,07/01/2020,14:46:47,3.6,3.4,1350,3.65,1350,0,197100
TVSMOTOR30Jan20480CE.NFO,07/01/2020,14:47:10,3.6,3.4,1350,3.6,1350,0,197100
TVSMOTOR30Jan20480CE.NFO,07/01/2020,14:47:20,3.6,3.4,1350,3.6,2700,0,197100
TVSMOTOR30Jan20480CE.NFO,07/01/2020,14:47:25,3.6,3.4,1350,3.6,1350,0,197100
TVSMOTOR30Jan20480CE.NFO,07/01/2020,14:47:30,3.6,3.4,1350,3.6,2700,0,197100
TVSMOTOR30Jan20480CE.NFO,07/01/2020,14:47:47,3.6,3.4,1350,3.65,1350,0,197100
TVSMOTOR30Jan20480CE.NFO,07/01/2020,14:47:52,3.6,3.4,1350,3.6,1350,0,197100
TVSMOTOR30Jan20480CE.NFO,07/01/2020,14:48:42,3.6,3.4,1350,3.65,1350,0,197100
TVSMOTOR30Jan20480CE.NFO,07/01/2020,14:48:57,3.6,3.4,1350,3.7,2700,0,197100
TVSMOTOR30Jan20480CE.NFO,07/01/2020,14:50:00,3.6,3.5,2700,3.7,2700,0,197100
TVSMOTOR30Jan20480CE.NFO,07/01/2020,14:50:21,3.6,3.5,2700,3.7,1350,0,197100
TVSMOTOR30Jan20480CE.NFO,07/01/2020,14:50:34,3.6,3.5,2700,3.7,2700,0,197100
TVSMOTOR30Jan20480CE.NFO,07/01/2020,14:50:44,3.6,3.5,1350,3.7,2700,0,197100
TVSMOTOR30Jan20480CE.NFO,07/01/2020,14:51:03,3.6,3.45,2700,3.7,2700,0,197100
TVSMOTOR30Jan20480CE.NFO,07/01/2020,14:51:12,3.6,3.45,1350,3.7,2700,0,197100
TVSMOTOR30Jan20480CE.NFO,07/01/2020,14:54:10,3.6,3.45,1350,3.65,1350,0,197100
TVSMOTOR30Jan20480CE.NFO,07/01/2020,14:54:20,3.6,3.45,1350,3.7,1350,0,197100
TVSMOTOR30Jan20480CE.NFO,07/01/2020,14:54:36,3.6,3.45,1350,3.65,2700,0,197100
TVSMOTOR30Jan20480CE.NFO,07/01/2020,14:54:43,3.6,3.45,1350,3.65,1350,0,197100
TVSMOTOR30Jan20480CE.NFO,07/01/2020,14:54:56,3.6,3.45,1350,3.7,1350,0,197100
TVSMOTOR30Jan20480CE.NFO,07/01/2020,14:56:58,3.6,3.45,1350,3.65,1350,0,197100
TVSMOTOR30Jan20480CE.NFO,07/01/2020,14:57:09,3.6,3.45,1350,3.7,1350,0,197100
TVSMOTOR30Jan20480CE.NFO,07/01/2020,14:57:16,3.6,3.55,1350,3.7,1350,0,197100
TVSMOTOR30Jan20480CE.NFO,07/01/2020,14:57:23,3.6,3.5,2700,3.7,1350,0,197100
TVSMOTOR30Jan20480CE.NFO,07/01/2020,14:57:26,3.6,3.55,2700,3.7,1350,0,197100
TVSMOTOR30Jan20480CE.NFO,07/01/2020,14:57:29,3.6,3.55,1350,3.7,1350,0,197100
TVSMOTOR30Jan20480CE.NFO,07/01/2020,14:57:44,3.6,3.55,1350,3.75,2700,0,197100
TVSMOTOR30Jan20480CE.NFO,07/01/2020,14:58:26,3.6,3.55,1350,3.7,2700,0,197100
TVSMOTOR30Jan20480CE.NFO,07/01/2020,14:58:29,3.6,3.55,1350,3.7,1350,0,197100
TVSMOTOR30Jan20480CE.NFO,07/01/2020,14:59:10,3.6,3.55,1350,3.75,2700,0,197100
TVSMOTOR30Jan20480CE.NFO,07/01/2020,14:59:25,3.6,3.55,1350,3.7,1350,0,197100
TVSMOTOR30Jan20480CE.NFO,07/01/2020,14:59:29,3.6,3.55,1350,3.75,2700,0,197100
TVSMOTOR30Jan20480CE.NFO,07/01/2020,14:59:55,3.6,3.55,1350,3.75,1350,0,197100
TVSMOTOR30Jan20480CE.NFO,07/01/2020,15:00:33,3.6,3.55,1350,3.75,2700,0,197100
TVSMOTOR30Jan20480CE.NFO,07/01/2020,15:01:11,3.6,3.55,1350,3.75,1350,0,197100
TVSMOTOR30Jan20480CE.NFO,07/01/2020,15:01:50,3.6,3.55,1350,3.75,2700,0,197100
TVSMOTOR30Jan20480CE.NFO,07/01/2020,15:01:55,3.6,3.55,1350,3.75,1350,0,197100
TVSMOTOR30Jan20480CE.NFO,07/01/2020,15:01:59,3.6,3.55,1350,3.75,2700,0,197100
TVSMOTOR30Jan20480CE.NFO,07/01/2020,15:02:45,3.6,3.55,1350,3.75,1350,0,197100
TVSMOTOR30Jan20480CE.NFO,07/01/2020,15:04:01,3.6,3.55,1350,3.7,1350,0,197100
TVSMOTOR30Jan20480CE.NFO,07/01/2020,15:05:18,3.55,3.5,2700,3.7,1350,2700,195750
TVSMOTOR30Jan20480CE.NFO,07/01/2020,15:05:21,3.55,3.5,2700,3.7,2700,0,195750
TVSMOTOR30Jan20480CE.NFO,07/01/2020,15:05:25,3.55,3.5,2700,3.7,1350,0,195750
TVSMOTOR30Jan20480CE.NFO,07/01/2020,15:05:32,3.55,3.5,2700,3.7,2700,0,195750
TVSMOTOR30Jan20480CE.NFO,07/01/2020,15:07:12,3.55,3.5,2700,3.7,1350,0,195750
TVSMOTOR30Jan20480CE.NFO,07/01/2020,15:07:20,3.55,3.5,1350,3.65,1350,0,195750
TVSMOTOR30Jan20480CE.NFO,07/01/2020,15:07:30,3.55,3.45,2700,3.65,2700,0,195750
TVSMOTOR30Jan20480CE.NFO,07/01/2020,15:08:34,3.55,3.45,2700,3.7,1350,0,195750
TVSMOTOR30Jan20480CE.NFO,07/01/2020,15:08:37,3.55,3.45,2700,3.65,1350,0,195750
TVSMOTOR30Jan20480CE.NFO,07/01/2020,15:08:41,3.55,3.45,2700,3.65,2700,0,195750
TVSMOTOR30Jan20480CE.NFO,07/01/2020,15:08:49,3.45,3.3,2700,3.65,2700,2700,195750
TVSMOTOR30Jan20480CE.NFO,07/01/2020,15:08:53,3.45,3.3,2700,3.65,2700,0,195750
TVSMOTOR30Jan20480CE.NFO,07/01/2020,15:11:05,3.45,3.3,2700,3.65,1350,0,195750
TVSMOTOR30Jan20480CE.NFO,07/01/2020,15:11:11,3.45,3.3,2700,3.7,1350,0,195750
TVSMOTOR30Jan20480CE.NFO,07/01/2020,15:11:17,3.45,3.3,2700,3.75,4050,0,195750
TVSMOTOR30Jan20480CE.NFO,07/01/2020,15:11:30,3.45,3.3,2700,3.75,2700,0,195750
TVSMOTOR30Jan20480CE.NFO,07/01/2020,15:11:56,3.75,3.3,2700,3.7,1350,1350,195750
TVSMOTOR30Jan20480CE.NFO,07/01/2020,15:12:12,3.75,3.3,2700,3.75,1350,0,195750
TVSMOTOR30Jan20480CE.NFO,07/01/2020,15:12:40,3.75,3.3,2700,3.75,2700,2700,195750
TVSMOTOR30Jan20480CE.NFO,07/01/2020,15:12:44,3.75,3.3,2700,3.75,2700,0,195750
TVSMOTOR30Jan20480CE.NFO,07/01/2020,15:12:50,3.75,3.3,2700,3.7,1350,0,195750
TVSMOTOR30Jan20480CE.NFO,07/01/2020,15:13:20,3.75,3.3,2700,3.75,2700,0,195750
TVSMOTOR30Jan20480CE.NFO,07/01/2020,15:13:35,3.75,3.5,2700,3.75,2700,0,195750
TVSMOTOR30Jan20480CE.NFO,07/01/2020,15:15:43,3.75,3.5,2700,3.85,1350,0,195750
TVSMOTOR30Jan20480CE.NFO,07/01/2020,15:17:16,3.75,3.5,2700,3.85,4050,0,195750
TVSMOTOR30Jan20480CE.NFO,07/01/2020,15:18:34,3.75,3.5,2700,3.75,2700,0,195750
TVSMOTOR30Jan20480CE.NFO,07/01/2020,15:22:04,3.75,3.6,2700,3.75,2700,0,195750
TVSMOTOR30Jan20480CE.NFO,07/01/2020,15:23:16,3.6,3.5,2700,3.75,4050,1350,191700
TVSMOTOR30Jan20480CE.NFO,07/01/2020,15:23:24,3.6,3.5,2700,3.7,1350,0,191700
TVSMOTOR30Jan20480CE.NFO,07/01/2020,15:24:20,3.6,3.5,2700,3.7,4050,0,191700
TVSMOTOR30Jan20480CE.NFO,07/01/2020,15:24:26,3.6,3.5,2700,3.7,2700,0,191700
TVSMOTOR30Jan20480CE.NFO,07/01/2020,15:24:31,3.5,3.45,1350,3.65,2700,1350,189000
TVSMOTOR30Jan20480CE.NFO,07/01/2020,15:24:36,3.5,3.45,1350,3.65,2700,0,189000
TVSMOTOR30Jan20480CE.NFO,07/01/2020,15:24:54,3.5,3.4,4050,3.6,4050,0,189000
TVSMOTOR30Jan20480CE.NFO,07/01/2020,15:24:59,3.5,3.4,4050,3.6,2700,0,189000
TVSMOTOR30Jan20480CE.NFO,07/01/2020,15:25:05,3.5,3.4,2700,3.55,1350,0,189000
TVSMOTOR30Jan20480CE.NFO,07/01/2020,15:25:10,3.5,3.4,2700,3.6,2700,0,189000
TVSMOTOR30Jan20480CE.NFO,07/01/2020,15:25:15,3.5,3.4,2700,3.55,2700,0,189000
TVSMOTOR30Jan20480CE.NFO,07/01/2020,15:25:39,3.5,3.4,1350,3.55,2700,0,189000
TVSMOTOR30Jan20480CE.NFO,07/01/2020,15:25:43,3.5,3.4,2700,3.55,2700,0,189000
TVSMOTOR30Jan20480CE.NFO,07/01/2020,15:25:47,3.5,3.4,1350,3.55,2700,0,189000
TVSMOTOR30Jan20480CE.NFO,07/01/2020,15:25:57,3.5,3.4,2700,3.55,2700,0,189000
TVSMOTOR30Jan20480CE.NFO,07/01/2020,15:26:08,3.5,3.4,2700,3.55,1350,0,189000
TVSMOTOR30Jan20480CE.NFO,07/01/2020,15:26:17,3.5,3.4,2700,3.55,2700,0,189000
TVSMOTOR30Jan20480CE.NFO,07/01/2020,15:26:26,3.5,3.4,2700,3.5,1350,0,189000
TVSMOTOR30Jan20480CE.NFO,07/01/2020,15:28:32,3.5,3.4,1350,3.5,1350,0,189000
TVSMOTOR30Jan20480CE.NFO,07/01/2020,15:28:38,3.5,3.4,1350,3.5,2700,0,189000
TVSMOTOR30Jan20480CE.NFO,07/01/2020,15:29:23,3.5,3.4,1350,3.5,1350,0,189000
TVSMOTOR30Jan20480CE.NFO,07/01/2020,15:29:38,3.5,3.4,2700,3.5,1350,0,189000
TVSMOTOR30Jan20480CE.NFO,07/01/2020,15:29:44,3.5,3.4,2700,3.55,1350,1350,190350
TVSMOTOR30Jan20480CE.NFO,07/01/2020,15:29:50,3.55,3.4,1350,4.45,1350,1350,190350
TVSMOTOR30Jan20480CE.NFO,07/01/2020,15:29:56,3.55,3.4,1350,4.45,1350,0,190350
