Ticker,Date,Time,LTP,BuyPrice,BuyQty,SellPrice,SellQty,LTQ,OpenInterest
UJJIVAN30Jan20280PE.NFO,07/01/2020,11:06:58,0.65,0.25,1700,2.05,23800,1700,8500
UJJIVAN30Jan20280PE.NFO,07/01/2020,11:06:58,0.65,0.25,1700,2.05,23800,0,8500
UJJIVAN30Jan20280PE.NFO,07/01/2020,11:06:58,0.65,0.25,1700,2.05,23800,0,8500
UJJIVAN30Jan20280PE.NFO,07/01/2020,11:06:58,0.65,0.25,1700,2.05,23800,0,8500
UJJIVAN30Jan20280PE.NFO,07/01/2020,11:07:30,0.65,0.25,1700,2.05,23800,0,8500
UJJIVAN30Jan20280PE.NFO,07/01/2020,11:10:39,0.65,0.25,1700,2,27200,0,8500
UJJIVAN30Jan20280PE.NFO,07/01/2020,11:28:05,0.65,0.25,1700,1.95,25500,0,8500
UJJIVAN30Jan20280PE.NFO,07/01/2020,11:28:09,0.65,0.25,1700,1.9,27200,0,8500
UJJIVAN30Jan20280PE.NFO,07/01/2020,11:32:57,0.65,0.2,5100,1.9,27200,0,6800
UJJIVAN30Jan20280PE.NFO,07/01/2020,12:17:13,0.65,0.3,22100,1.9,27200,0,6800
UJJIVAN30Jan20280PE.NFO,07/01/2020,12:27:12,0.65,0.3,22100,1.9,17000,0,6800
UJJIVAN30Jan20280PE.NFO,07/01/2020,12:27:47,0.65,0.3,22100,1.9,20400,0,6800
UJJIVAN30Jan20280PE.NFO,07/01/2020,12:28:22,0.65,0.3,22100,1.9,23800,0,6800
UJJIVAN30Jan20280PE.NFO,07/01/2020,12:29:12,0.65,0.3,22100,1.9,27200,0,6800
UJJIVAN30Jan20280PE.NFO,07/01/2020,12:32:24,0.65,0.3,22100,1.9,20400,0,6800
UJJIVAN30Jan20280PE.NFO,07/01/2020,12:32:27,0.65,0.3,22100,1.9,17000,0,6800
UJJIVAN30Jan20280PE.NFO,07/01/2020,12:32:48,0.65,0.3,22100,1.9,20400,0,6800
UJJIVAN30Jan20280PE.NFO,07/01/2020,12:32:52,0.65,0.3,22100,1.9,17000,0,6800
UJJIVAN30Jan20280PE.NFO,07/01/2020,12:32:56,0.65,0.3,22100,1.9,20400,0,6800
UJJIVAN30Jan20280PE.NFO,07/01/2020,12:33:22,0.65,0.3,22100,1.9,22100,0,6800
UJJIVAN30Jan20280PE.NFO,07/01/2020,12:34:11,0.65,0.3,22100,1.9,20400,0,6800
UJJIVAN30Jan20280PE.NFO,07/01/2020,12:34:14,0.65,0.3,22100,1.9,22100,0,6800
UJJIVAN30Jan20280PE.NFO,07/01/2020,12:34:18,0.65,0.3,22100,1.9,20400,0,6800
UJJIVAN30Jan20280PE.NFO,07/01/2020,12:34:48,0.65,0.3,22100,1.9,23800,0,6800
UJJIVAN30Jan20280PE.NFO,07/01/2020,12:34:54,0.65,0.3,22100,1.9,20400,0,6800
UJJIVAN30Jan20280PE.NFO,07/01/2020,12:35:03,0.65,0.3,22100,1.9,27200,0,6800
UJJIVAN30Jan20280PE.NFO,07/01/2020,12:35:13,0.65,0.3,22100,1.9,20400,0,6800
UJJIVAN30Jan20280PE.NFO,07/01/2020,12:36:32,0.65,0.3,22100,1.3,1700,0,6800
UJJIVAN30Jan20280PE.NFO,07/01/2020,12:38:30,0.65,0.3,22100,1.25,1700,0,6800
UJJIVAN30Jan20280PE.NFO,07/01/2020,12:38:46,0.65,0.3,22100,1.3,1700,0,6800
UJJIVAN30Jan20280PE.NFO,07/01/2020,12:38:55,0.65,0.3,22100,1.25,1700,0,6800
UJJIVAN30Jan20280PE.NFO,07/01/2020,12:39:04,0.65,0.3,22100,1.3,1700,0,6800
UJJIVAN30Jan20280PE.NFO,07/01/2020,12:41:15,0.65,0.3,22100,1.25,1700,0,6800
UJJIVAN30Jan20280PE.NFO,07/01/2020,12:41:30,0.65,0.3,22100,1.3,1700,0,6800
UJJIVAN30Jan20280PE.NFO,07/01/2020,12:47:27,0.65,0.3,22100,1.25,1700,0,6800
UJJIVAN30Jan20280PE.NFO,07/01/2020,12:47:34,0.65,0.3,22100,1.3,1700,0,6800
UJJIVAN30Jan20280PE.NFO,07/01/2020,12:48:23,0.65,0.3,22100,1.25,1700,0,6800
UJJIVAN30Jan20280PE.NFO,07/01/2020,12:48:29,0.65,0.3,22100,1.3,1700,0,6800
UJJIVAN30Jan20280PE.NFO,07/01/2020,12:59:39,0.65,0.35,1700,1.3,1700,0,6800
UJJIVAN30Jan20280PE.NFO,07/01/2020,12:59:43,0.65,0.35,3400,1.3,1700,0,6800
UJJIVAN30Jan20280PE.NFO,07/01/2020,13:05:38,0.65,0.35,3400,1.35,1700,0,6800
UJJIVAN30Jan20280PE.NFO,07/01/2020,13:05:44,0.65,0.35,3400,1.3,1700,0,6800
UJJIVAN30Jan20280PE.NFO,07/01/2020,13:06:44,0.65,0.35,3400,1.35,1700,0,6800
UJJIVAN30Jan20280PE.NFO,07/01/2020,13:06:49,0.65,0.35,3400,1.3,1700,0,6800
UJJIVAN30Jan20280PE.NFO,07/01/2020,13:06:59,0.65,0.35,3400,1.35,1700,0,6800
UJJIVAN30Jan20280PE.NFO,07/01/2020,13:07:04,0.65,0.35,3400,1.3,1700,0,6800
UJJIVAN30Jan20280PE.NFO,07/01/2020,13:10:09,0.65,0.35,3400,1.35,1700,0,6800
UJJIVAN30Jan20280PE.NFO,07/01/2020,13:10:16,0.65,0.35,3400,1.3,1700,0,6800
UJJIVAN30Jan20280PE.NFO,07/01/2020,13:18:08,0.65,0.35,3400,1.5,1700,0,6800
UJJIVAN30Jan20280PE.NFO,07/01/2020,13:18:35,0.65,0.35,3400,1.45,1700,0,6800
UJJIVAN30Jan20280PE.NFO,07/01/2020,13:18:52,0.65,0.35,3400,1.5,1700,0,6800
UJJIVAN30Jan20280PE.NFO,07/01/2020,13:19:21,0.65,0.35,3400,1.45,1700,0,6800
UJJIVAN30Jan20280PE.NFO,07/01/2020,13:19:27,0.65,0.35,3400,1.5,1700,0,6800
UJJIVAN30Jan20280PE.NFO,07/01/2020,13:20:13,0.65,0.35,3400,1.45,1700,0,6800
UJJIVAN30Jan20280PE.NFO,07/01/2020,13:20:30,0.65,0.35,3400,1.5,1700,0,6800
UJJIVAN30Jan20280PE.NFO,07/01/2020,13:20:35,0.65,0.35,3400,1.45,1700,0,6800
UJJIVAN30Jan20280PE.NFO,07/01/2020,13:21:04,0.65,0.35,3400,1.5,1700,0,6800
UJJIVAN30Jan20280PE.NFO,07/01/2020,13:21:18,0.65,0.35,3400,1.45,1700,0,6800
UJJIVAN30Jan20280PE.NFO,07/01/2020,13:21:49,0.65,0.35,3400,1.5,1700,0,6800
UJJIVAN30Jan20280PE.NFO,07/01/2020,13:22:15,0.65,0.35,3400,1.45,1700,0,6800
UJJIVAN30Jan20280PE.NFO,07/01/2020,13:23:06,0.65,0.35,3400,1.5,1700,0,6800
UJJIVAN30Jan20280PE.NFO,07/01/2020,13:23:12,0.65,0.35,3400,1.45,1700,0,6800
UJJIVAN30Jan20280PE.NFO,07/01/2020,13:23:23,0.65,0.35,3400,1.5,1700,0,6800
UJJIVAN30Jan20280PE.NFO,07/01/2020,13:25:07,0.65,0.35,3400,1.45,1700,0,6800
UJJIVAN30Jan20280PE.NFO,07/01/2020,13:25:14,0.65,0.35,3400,1.5,1700,0,6800
UJJIVAN30Jan20280PE.NFO,07/01/2020,13:25:40,0.65,0.35,3400,1.45,1700,0,6800
UJJIVAN30Jan20280PE.NFO,07/01/2020,13:26:14,0.65,0.35,3400,1.5,1700,0,6800
UJJIVAN30Jan20280PE.NFO,07/01/2020,13:26:19,0.65,0.35,3400,1.45,1700,0,6800
UJJIVAN30Jan20280PE.NFO,07/01/2020,13:26:24,0.65,0.35,3400,1.5,1700,0,6800
UJJIVAN30Jan20280PE.NFO,07/01/2020,13:26:39,0.65,0.35,3400,1.45,1700,0,6800
UJJIVAN30Jan20280PE.NFO,07/01/2020,13:27:14,0.65,0.35,3400,1.5,1700,0,6800
UJJIVAN30Jan20280PE.NFO,07/01/2020,13:27:36,0.65,0.35,3400,1.45,1700,0,6800
UJJIVAN30Jan20280PE.NFO,07/01/2020,13:27:55,0.65,0.35,3400,1.5,1700,0,6800
UJJIVAN30Jan20280PE.NFO,07/01/2020,13:28:34,0.65,0.35,3400,1.45,1700,0,6800
UJJIVAN30Jan20280PE.NFO,07/01/2020,13:28:40,0.65,0.35,3400,1.5,1700,0,6800
UJJIVAN30Jan20280PE.NFO,07/01/2020,13:30:01,0.65,0.35,3400,1.45,1700,0,6800
UJJIVAN30Jan20280PE.NFO,07/01/2020,13:30:08,0.65,0.35,3400,1.5,1700,0,6800
UJJIVAN30Jan20280PE.NFO,07/01/2020,13:30:33,0.65,0.35,3400,1.45,1700,0,6800
UJJIVAN30Jan20280PE.NFO,07/01/2020,13:30:55,0.65,0.35,3400,1.5,1700,0,6800
UJJIVAN30Jan20280PE.NFO,07/01/2020,13:32:25,0.65,0.35,3400,1.45,1700,0,6800
UJJIVAN30Jan20280PE.NFO,07/01/2020,13:32:30,0.65,0.35,3400,1.5,1700,0,6800
UJJIVAN30Jan20280PE.NFO,07/01/2020,13:33:00,0.65,0.35,3400,1.45,1700,0,6800
UJJIVAN30Jan20280PE.NFO,07/01/2020,13:34:16,0.65,0.35,3400,1.5,1700,0,6800
UJJIVAN30Jan20280PE.NFO,07/01/2020,13:34:25,0.65,0.35,3400,1.45,1700,0,6800
UJJIVAN30Jan20280PE.NFO,07/01/2020,13:34:35,0.65,0.35,3400,1.5,1700,0,6800
UJJIVAN30Jan20280PE.NFO,07/01/2020,13:35:12,0.65,0.35,3400,1.45,1700,0,6800
UJJIVAN30Jan20280PE.NFO,07/01/2020,13:35:42,0.65,0.35,3400,1.5,1700,0,6800
UJJIVAN30Jan20280PE.NFO,07/01/2020,13:35:51,0.65,0.35,3400,1.45,1700,0,6800
UJJIVAN30Jan20280PE.NFO,07/01/2020,13:36:05,0.65,0.35,3400,1.5,1700,0,6800
UJJIVAN30Jan20280PE.NFO,07/01/2020,13:36:15,0.65,0.35,3400,1.45,1700,0,6800
UJJIVAN30Jan20280PE.NFO,07/01/2020,13:48:58,0.65,0.35,3400,1.9,27200,0,6800
UJJIVAN30Jan20280PE.NFO,07/01/2020,13:53:46,0.65,0.35,3400,1.9,23800,0,6800
UJJIVAN30Jan20280PE.NFO,07/01/2020,13:55:11,0.65,0.35,3400,1.9,27200,0,6800
UJJIVAN30Jan20280PE.NFO,07/01/2020,13:55:59,0.65,0.35,3400,1.9,23800,0,6800
UJJIVAN30Jan20280PE.NFO,07/01/2020,13:56:10,0.65,0.35,3400,1.9,27200,0,6800
UJJIVAN30Jan20280PE.NFO,07/01/2020,13:56:34,0.65,0.35,3400,1.9,23800,0,6800
UJJIVAN30Jan20280PE.NFO,07/01/2020,13:56:50,0.65,0.35,3400,1.9,27200,0,6800
UJJIVAN30Jan20280PE.NFO,07/01/2020,13:58:29,0.65,0.35,3400,1.9,23800,0,6800
UJJIVAN30Jan20280PE.NFO,07/01/2020,13:58:46,0.65,0.35,3400,1.9,27200,0,6800
UJJIVAN30Jan20280PE.NFO,07/01/2020,14:01:14,0.65,0.35,3400,1.9,66300,0,6800
UJJIVAN30Jan20280PE.NFO,07/01/2020,14:16:52,0.65,0.4,1700,1.9,66300,0,6800
UJJIVAN30Jan20280PE.NFO,07/01/2020,14:17:19,0.65,0.35,3400,1.9,66300,0,6800
UJJIVAN30Jan20280PE.NFO,07/01/2020,14:18:23,0.65,0.35,3400,1.9,62900,0,6800
UJJIVAN30Jan20280PE.NFO,07/01/2020,15:24:04,0.65,0.4,11900,1.9,62900,0,6800
UJJIVAN30Jan20280PE.NFO,07/01/2020,15:25:39,0.65,0.45,3400,1.9,62900,0,6800
UJJIVAN30Jan20280PE.NFO,07/01/2020,15:25:47,0.65,0.45,1700,1.9,62900,0,6800
UJJIVAN30Jan20280PE.NFO,07/01/2020,15:27:10,0.65,0.45,1700,1.9,52700,0,6800
UJJIVAN30Jan20280PE.NFO,07/01/2020,15:27:20,0.65,0.45,1700,1.9,56100,0,6800
UJJIVAN30Jan20280PE.NFO,07/01/2020,15:27:37,0.65,0.45,1700,1.9,59500,0,6800
UJJIVAN30Jan20280PE.NFO,07/01/2020,15:27:42,0.65,0.45,1700,1.9,62900,0,6800
