Ticker,Date,Time,LTP,BuyPrice,BuyQty,SellPrice,SellQty,LTQ,OpenInterest
ULTRACEMCO30Jan204200PE.NFO,07/01/2020,09:15:57,86.15,79.45,2800,99.95,200,200,17400
ULTRACEMCO30Jan204200PE.NFO,07/01/2020,09:15:57,86.15,79.45,2800,99.95,200,0,17400
ULTRACEMCO30Jan204200PE.NFO,07/01/2020,09:15:57,86.15,79.45,2800,99.95,200,0,17400
ULTRACEMCO30Jan204200PE.NFO,07/01/2020,09:15:57,86.15,79.45,2800,99.95,200,0,17400
ULTRACEMCO30Jan204200PE.NFO,07/01/2020,09:16:09,86.15,79.45,2800,99.95,200,0,17400
ULTRACEMCO30Jan204200PE.NFO,07/01/2020,09:16:20,86.15,79.85,200,98.6,200,0,17400
ULTRACEMCO30Jan204200PE.NFO,07/01/2020,09:16:31,86.15,86.15,200,98.3,200,0,17400
ULTRACEMCO30Jan204200PE.NFO,07/01/2020,09:16:41,86.15,86.15,200,97.2,3000,0,17400
ULTRACEMCO30Jan204200PE.NFO,07/01/2020,09:16:51,86.15,86.15,600,95,200,200,17400
ULTRACEMCO30Jan204200PE.NFO,07/01/2020,09:17:00,86.15,86.15,600,97.15,200,0,17400
ULTRACEMCO30Jan204200PE.NFO,07/01/2020,09:17:09,86.15,86.15,600,97.05,600,0,17400
ULTRACEMCO30Jan204200PE.NFO,07/01/2020,09:17:19,86.15,71.7,3800,94.65,600,600,17200
ULTRACEMCO30Jan204200PE.NFO,07/01/2020,09:17:29,86.15,71.7,3800,94,200,0,17200
ULTRACEMCO30Jan204200PE.NFO,07/01/2020,09:17:39,86.15,71.7,3800,93.4,200,0,17200
ULTRACEMCO30Jan204200PE.NFO,07/01/2020,09:17:50,86.15,71.7,3800,93.1,200,0,17200
ULTRACEMCO30Jan204200PE.NFO,07/01/2020,09:18:00,86.15,71.7,3800,92.15,200,0,17200
ULTRACEMCO30Jan204200PE.NFO,07/01/2020,09:18:10,86.15,71.7,3800,90.5,200,0,17200
ULTRACEMCO30Jan204200PE.NFO,07/01/2020,09:18:19,86.15,71.7,3800,89.8,200,0,17200
ULTRACEMCO30Jan204200PE.NFO,07/01/2020,09:18:27,86.15,72.9,2200,88.8,400,0,17200
ULTRACEMCO30Jan204200PE.NFO,07/01/2020,09:18:36,86.15,77.15,3400,92.25,400,0,17200
ULTRACEMCO30Jan204200PE.NFO,07/01/2020,09:18:55,86.15,77.5,600,92.05,400,0,17200
ULTRACEMCO30Jan204200PE.NFO,07/01/2020,09:19:03,86.15,78.65,3400,92.05,400,0,17200
ULTRACEMCO30Jan204200PE.NFO,07/01/2020,09:19:12,86.15,78.9,3000,90.75,200,0,17200
ULTRACEMCO30Jan204200PE.NFO,07/01/2020,09:19:20,86.15,79.4,2600,91.75,200,0,17200
ULTRACEMCO30Jan204200PE.NFO,07/01/2020,09:19:29,86.15,79.9,1800,90.8,200,0,17200
ULTRACEMCO30Jan204200PE.NFO,07/01/2020,09:19:38,86.15,80.45,1200,89.4,200,0,17200
ULTRACEMCO30Jan204200PE.NFO,07/01/2020,09:19:46,86.15,80.85,2000,89.5,200,0,17200
ULTRACEMCO30Jan204200PE.NFO,07/01/2020,09:19:54,86.15,80.05,200,88,200,0,17200
ULTRACEMCO30Jan204200PE.NFO,07/01/2020,09:20:01,86.15,81.9,400,88.95,200,0,17200
ULTRACEMCO30Jan204200PE.NFO,07/01/2020,09:20:09,86.15,80.05,1400,89.4,400,0,17200
ULTRACEMCO30Jan204200PE.NFO,07/01/2020,09:20:17,86.15,80.05,1200,89.7,400,0,17200
ULTRACEMCO30Jan204200PE.NFO,07/01/2020,09:20:25,86.15,80.05,600,89.4,400,0,17200
ULTRACEMCO30Jan204200PE.NFO,07/01/2020,09:20:32,86.15,80.05,1400,89.7,400,0,17200
ULTRACEMCO30Jan204200PE.NFO,07/01/2020,09:20:40,86.15,80.05,1000,89.2,200,0,17200
ULTRACEMCO30Jan204200PE.NFO,07/01/2020,09:20:48,86.15,80.05,200,89.6,200,0,17200
ULTRACEMCO30Jan204200PE.NFO,07/01/2020,09:20:55,86.15,80.1,400,88.9,200,0,17200
ULTRACEMCO30Jan204200PE.NFO,07/01/2020,09:21:03,86.15,80.05,200,87.65,200,0,17200
ULTRACEMCO30Jan204200PE.NFO,07/01/2020,09:21:12,86.15,80.1,400,89.4,400,0,17200
ULTRACEMCO30Jan204200PE.NFO,07/01/2020,09:21:19,86.15,80.05,200,88.3,200,0,17200
ULTRACEMCO30Jan204200PE.NFO,07/01/2020,09:21:26,86.15,83,200,88.95,400,0,17200
ULTRACEMCO30Jan204200PE.NFO,07/01/2020,09:21:34,86.15,83,600,89.9,200,0,17200
ULTRACEMCO30Jan204200PE.NFO,07/01/2020,09:21:42,86.15,83.1,2200,90,200,0,17200
ULTRACEMCO30Jan204200PE.NFO,07/01/2020,09:21:50,86.15,86.15,200,90,200,0,17200
ULTRACEMCO30Jan204200PE.NFO,07/01/2020,09:22:06,86.15,86.15,200,88.85,200,0,17200
ULTRACEMCO30Jan204200PE.NFO,07/01/2020,09:23:39,86.15,82.45,200,90,200,0,17200
ULTRACEMCO30Jan204200PE.NFO,07/01/2020,09:23:46,86.15,83.5,1800,90,200,0,17200
ULTRACEMCO30Jan204200PE.NFO,07/01/2020,09:23:53,86.15,83.5,200,89.9,200,0,17200
ULTRACEMCO30Jan204200PE.NFO,07/01/2020,09:23:59,86.15,83.5,1800,90,200,0,17200
ULTRACEMCO30Jan204200PE.NFO,07/01/2020,09:24:06,86.15,83.7,1800,90,200,0,17200
ULTRACEMCO30Jan204200PE.NFO,07/01/2020,09:24:13,86.15,84.1,1800,90,200,0,17200
ULTRACEMCO30Jan204200PE.NFO,07/01/2020,09:24:27,86.15,84.2,1800,90,200,0,17200
ULTRACEMCO30Jan204200PE.NFO,07/01/2020,09:24:34,86.15,84.2,600,90,200,0,17200
ULTRACEMCO30Jan204200PE.NFO,07/01/2020,09:24:46,86.15,84.2,600,89.85,200,0,17200
ULTRACEMCO30Jan204200PE.NFO,07/01/2020,09:24:59,86.15,84.2,1800,90,200,0,17200
ULTRACEMCO30Jan204200PE.NFO,07/01/2020,09:25:14,86.15,84.2,1800,89.95,200,0,17200
ULTRACEMCO30Jan204200PE.NFO,07/01/2020,09:25:27,86.15,84.2,2600,90,200,0,17200
ULTRACEMCO30Jan204200PE.NFO,07/01/2020,09:25:34,86.15,84.3,2200,90,200,0,17200
ULTRACEMCO30Jan204200PE.NFO,07/01/2020,09:25:42,86.15,84.7,2600,90,200,0,17200
ULTRACEMCO30Jan204200PE.NFO,07/01/2020,09:25:52,86.15,84.8,1800,90,200,0,17200
ULTRACEMCO30Jan204200PE.NFO,07/01/2020,09:26:05,86.15,84.8,1800,91.25,200,0,17200
ULTRACEMCO30Jan204200PE.NFO,07/01/2020,09:26:13,86.15,84.8,1800,90.75,200,0,17200
ULTRACEMCO30Jan204200PE.NFO,07/01/2020,09:26:33,86.15,84.8,2200,91.25,200,0,17200
ULTRACEMCO30Jan204200PE.NFO,07/01/2020,09:26:52,86.15,84.8,2200,91.05,200,0,17200
ULTRACEMCO30Jan204200PE.NFO,07/01/2020,09:26:58,86.15,84.8,1800,91.05,200,0,17200
ULTRACEMCO30Jan204200PE.NFO,07/01/2020,09:27:03,86.15,84.8,1800,91.2,200,0,17200
ULTRACEMCO30Jan204200PE.NFO,07/01/2020,09:27:13,86.15,85.3,2200,92.1,200,0,17200
ULTRACEMCO30Jan204200PE.NFO,07/01/2020,09:27:20,86.15,85.3,2200,91.9,200,0,17200
ULTRACEMCO30Jan204200PE.NFO,07/01/2020,09:27:27,86.15,85.3,2200,92.2,200,0,17200
ULTRACEMCO30Jan204200PE.NFO,07/01/2020,09:27:33,86.15,85.7,1800,92.65,200,0,17200
ULTRACEMCO30Jan204200PE.NFO,07/01/2020,09:27:39,86.15,85.7,1800,92.2,200,0,17200
ULTRACEMCO30Jan204200PE.NFO,07/01/2020,09:27:45,86.15,85.7,1800,91.5,200,0,17200
ULTRACEMCO30Jan204200PE.NFO,07/01/2020,09:27:51,86.15,85.7,1800,91.85,200,0,17200
ULTRACEMCO30Jan204200PE.NFO,07/01/2020,09:28:02,86.15,85.75,1800,91.5,200,0,17200
ULTRACEMCO30Jan204200PE.NFO,07/01/2020,09:28:15,86.15,85.75,1800,92.45,200,0,17200
ULTRACEMCO30Jan204200PE.NFO,07/01/2020,09:28:27,86.15,85.75,3000,94,200,0,17200
ULTRACEMCO30Jan204200PE.NFO,07/01/2020,09:28:34,86.15,85.75,2600,93.35,200,0,17200
ULTRACEMCO30Jan204200PE.NFO,07/01/2020,09:28:39,86.15,85.75,2600,93.1,200,0,17200
ULTRACEMCO30Jan204200PE.NFO,07/01/2020,09:28:50,86.15,85.75,2600,93.05,200,0,17200
ULTRACEMCO30Jan204200PE.NFO,07/01/2020,09:28:56,86.15,85.75,1800,93.1,200,0,17200
ULTRACEMCO30Jan204200PE.NFO,07/01/2020,09:29:02,86.15,86.15,1800,92.3,200,0,17200
ULTRACEMCO30Jan204200PE.NFO,07/01/2020,09:29:09,86.15,86.15,200,91.25,400,0,17200
ULTRACEMCO30Jan204200PE.NFO,07/01/2020,09:29:15,86.15,86.15,200,91.05,600,0,17200
ULTRACEMCO30Jan204200PE.NFO,07/01/2020,09:29:21,86.15,86.15,200,91.6,200,0,17200
ULTRACEMCO30Jan204200PE.NFO,07/01/2020,09:29:27,86.15,86.2,1400,92.35,200,0,17200
ULTRACEMCO30Jan204200PE.NFO,07/01/2020,09:29:33,86.15,86.2,1800,92.05,200,0,17200
ULTRACEMCO30Jan204200PE.NFO,07/01/2020,09:29:40,86.15,86.2,1800,92.35,200,0,17200
ULTRACEMCO30Jan204200PE.NFO,07/01/2020,09:29:46,86.15,86.3,1400,92.15,200,0,17200
ULTRACEMCO30Jan204200PE.NFO,07/01/2020,09:29:52,86.15,86.3,1800,92.05,200,0,17200
ULTRACEMCO30Jan204200PE.NFO,07/01/2020,09:29:57,86.15,86.3,1800,92.45,200,0,17200
ULTRACEMCO30Jan204200PE.NFO,07/01/2020,09:30:01,86.15,86.3,1800,92.6,200,0,17200
ULTRACEMCO30Jan204200PE.NFO,07/01/2020,09:30:07,86.15,86.3,1800,92.15,200,0,17200
ULTRACEMCO30Jan204200PE.NFO,07/01/2020,09:30:25,86.15,86.3,1400,91.95,200,0,17200
ULTRACEMCO30Jan204200PE.NFO,07/01/2020,09:30:30,86.15,86.25,1000,92,200,0,17200
ULTRACEMCO30Jan204200PE.NFO,07/01/2020,09:30:35,86.15,86.25,200,91.15,200,0,17200
ULTRACEMCO30Jan204200PE.NFO,07/01/2020,09:30:41,86.15,86.25,200,91.05,400,0,17200
ULTRACEMCO30Jan204200PE.NFO,07/01/2020,09:30:56,86.15,86.25,200,90,200,0,17200
ULTRACEMCO30Jan204200PE.NFO,07/01/2020,09:31:07,86.15,86.3,200,90,200,0,17200
ULTRACEMCO30Jan204200PE.NFO,07/01/2020,09:31:13,86.15,86.25,200,89.95,200,0,17200
ULTRACEMCO30Jan204200PE.NFO,07/01/2020,09:31:25,86.15,86.25,200,90,200,0,17200
ULTRACEMCO30Jan204200PE.NFO,07/01/2020,09:31:31,90,86.7,1800,93.4,400,200,16800
ULTRACEMCO30Jan204200PE.NFO,07/01/2020,09:31:31,90,86.7,1800,93.4,400,0,16800
ULTRACEMCO30Jan204200PE.NFO,07/01/2020,09:31:36,90,86.7,1800,93.4,400,0,16800
ULTRACEMCO30Jan204200PE.NFO,07/01/2020,09:32:05,90,87.1,1000,93,200,0,16800
ULTRACEMCO30Jan204200PE.NFO,07/01/2020,09:32:19,90,86.3,200,92.9,400,0,16800
ULTRACEMCO30Jan204200PE.NFO,07/01/2020,09:32:32,90,86.7,200,92.6,200,0,16800
ULTRACEMCO30Jan204200PE.NFO,07/01/2020,09:32:39,90,86.3,200,92.6,200,0,16800
ULTRACEMCO30Jan204200PE.NFO,07/01/2020,09:32:45,90,86.3,600,92.3,200,0,16800
ULTRACEMCO30Jan204200PE.NFO,07/01/2020,09:32:51,90,86.7,200,93.2,400,0,16800
ULTRACEMCO30Jan204200PE.NFO,07/01/2020,09:32:57,90,90,400,92.95,600,0,16800
ULTRACEMCO30Jan204200PE.NFO,07/01/2020,09:33:09,90,86.4,200,93.2,200,400,17000
ULTRACEMCO30Jan204200PE.NFO,07/01/2020,09:33:15,90,86.4,200,93.1,200,0,17000
ULTRACEMCO30Jan204200PE.NFO,07/01/2020,09:33:28,90,86.4,200,92.9,200,0,17000
ULTRACEMCO30Jan204200PE.NFO,07/01/2020,09:33:34,90,86.4,200,92.7,200,0,17000
ULTRACEMCO30Jan204200PE.NFO,07/01/2020,09:33:39,90,86.4,200,95.75,1200,0,17000
ULTRACEMCO30Jan204200PE.NFO,07/01/2020,09:33:50,90,86.4,200,95.75,1000,0,17000
ULTRACEMCO30Jan204200PE.NFO,07/01/2020,09:33:55,90,86.45,200,95.75,1000,0,17000
ULTRACEMCO30Jan204200PE.NFO,07/01/2020,09:34:06,90,86.4,200,93.5,200,0,17000
ULTRACEMCO30Jan204200PE.NFO,07/01/2020,09:34:11,90,86.4,200,93.45,200,0,17000
ULTRACEMCO30Jan204200PE.NFO,07/01/2020,09:34:17,90,86.4,200,93.4,200,0,17000
ULTRACEMCO30Jan204200PE.NFO,07/01/2020,09:34:23,90,84.05,200,93.4,200,0,17000
ULTRACEMCO30Jan204200PE.NFO,07/01/2020,09:34:29,90,85.2,1000,95.45,400,0,17000
ULTRACEMCO30Jan204200PE.NFO,07/01/2020,09:34:36,90,85.2,1400,95.35,600,0,17000
ULTRACEMCO30Jan204200PE.NFO,07/01/2020,09:34:42,90,85.2,200,94.6,200,0,17000
ULTRACEMCO30Jan204200PE.NFO,07/01/2020,09:34:48,90,86,200,94.35,600,0,17000
ULTRACEMCO30Jan204200PE.NFO,07/01/2020,09:34:53,90,86,200,94.25,600,0,17000
ULTRACEMCO30Jan204200PE.NFO,07/01/2020,09:35:15,90,86,200,94.15,600,0,17000
ULTRACEMCO30Jan204200PE.NFO,07/01/2020,09:35:31,90,86.05,200,94.15,600,0,17000
ULTRACEMCO30Jan204200PE.NFO,07/01/2020,09:35:45,90,86,200,93.9,200,0,17000
ULTRACEMCO30Jan204200PE.NFO,07/01/2020,09:36:07,90,86.3,200,93.75,600,0,17000
ULTRACEMCO30Jan204200PE.NFO,07/01/2020,09:36:31,90,86.35,200,93.75,600,0,17000
ULTRACEMCO30Jan204200PE.NFO,07/01/2020,09:36:37,90,86.35,200,93.65,600,0,17000
ULTRACEMCO30Jan204200PE.NFO,07/01/2020,09:37:04,90,86.35,200,93.5,200,0,17000
ULTRACEMCO30Jan204200PE.NFO,07/01/2020,09:37:15,90,86.35,200,93.6,200,0,17000
ULTRACEMCO30Jan204200PE.NFO,07/01/2020,09:37:20,90,86.35,200,93.55,200,0,17000
ULTRACEMCO30Jan204200PE.NFO,07/01/2020,09:37:25,90,86.35,200,93.45,200,0,17000
ULTRACEMCO30Jan204200PE.NFO,07/01/2020,09:37:30,90,86.35,200,93.6,200,0,17000
ULTRACEMCO30Jan204200PE.NFO,07/01/2020,09:40:01,90,86.35,200,93.55,200,0,17000
ULTRACEMCO30Jan204200PE.NFO,07/01/2020,09:40:59,86.35,83.35,1000,93.5,600,200,17000
ULTRACEMCO30Jan204200PE.NFO,07/01/2020,09:41:04,86.35,81.9,1200,92.7,400,0,17000
ULTRACEMCO30Jan204200PE.NFO,07/01/2020,09:41:10,86.35,81.9,1200,90.9,200,0,17000
ULTRACEMCO30Jan204200PE.NFO,07/01/2020,09:41:15,86.35,81.9,1200,91.3,200,0,17000
ULTRACEMCO30Jan204200PE.NFO,07/01/2020,09:41:25,86.35,81.9,800,91.3,200,0,17000
ULTRACEMCO30Jan204200PE.NFO,07/01/2020,09:41:40,86.35,81.9,400,91.3,200,0,17000
ULTRACEMCO30Jan204200PE.NFO,07/01/2020,09:42:26,86.35,81.9,400,93.8,1000,0,17000
ULTRACEMCO30Jan204200PE.NFO,07/01/2020,09:42:54,86.35,81.9,800,93.8,1000,0,17000
ULTRACEMCO30Jan204200PE.NFO,07/01/2020,09:43:00,86.35,82,1000,93.8,600,0,17000
ULTRACEMCO30Jan204200PE.NFO,07/01/2020,09:43:06,86.35,82,1800,93.8,200,0,17000
ULTRACEMCO30Jan204200PE.NFO,07/01/2020,09:43:15,86.35,82,2200,93.8,200,0,17000
ULTRACEMCO30Jan204200PE.NFO,07/01/2020,09:43:31,86.35,82,1800,93.8,200,0,17000
ULTRACEMCO30Jan204200PE.NFO,07/01/2020,09:43:36,86.35,82,2200,93.8,200,0,17000
ULTRACEMCO30Jan204200PE.NFO,07/01/2020,09:43:42,86.35,82,1800,93.8,200,0,17000
ULTRACEMCO30Jan204200PE.NFO,07/01/2020,09:43:57,86.35,82,2200,93.8,200,0,17000
ULTRACEMCO30Jan204200PE.NFO,07/01/2020,09:44:15,86.35,82,1800,93.8,200,0,17000
ULTRACEMCO30Jan204200PE.NFO,07/01/2020,09:44:26,86.35,82,2200,93.8,200,0,17000
ULTRACEMCO30Jan204200PE.NFO,07/01/2020,09:44:50,86.35,82,2600,93.8,200,0,17000
ULTRACEMCO30Jan204200PE.NFO,07/01/2020,09:45:01,86.35,82,3400,97.6,600,0,17000
ULTRACEMCO30Jan204200PE.NFO,07/01/2020,09:45:06,86.35,82,2200,97.6,600,0,17000
ULTRACEMCO30Jan204200PE.NFO,07/01/2020,09:45:14,86.35,82,2600,95.6,400,0,17000
ULTRACEMCO30Jan204200PE.NFO,07/01/2020,09:45:21,86.35,82,1800,95.4,400,0,17000
ULTRACEMCO30Jan204200PE.NFO,07/01/2020,09:45:27,86.35,82,2200,95.4,200,0,17000
ULTRACEMCO30Jan204200PE.NFO,07/01/2020,09:46:00,86.35,82,2200,95.2,200,0,17000
ULTRACEMCO30Jan204200PE.NFO,07/01/2020,09:46:06,86.35,82,1400,94.7,400,0,17000
ULTRACEMCO30Jan204200PE.NFO,07/01/2020,09:46:11,86.35,82,1000,94.7,400,0,17000
ULTRACEMCO30Jan204200PE.NFO,07/01/2020,09:46:16,86.35,82,1400,94.7,400,0,17000
ULTRACEMCO30Jan204200PE.NFO,07/01/2020,09:46:27,86.35,82,2200,94.7,400,0,17000
ULTRACEMCO30Jan204200PE.NFO,07/01/2020,09:46:50,86.35,83.05,2200,98.05,800,0,17000
ULTRACEMCO30Jan204200PE.NFO,07/01/2020,09:47:10,86.35,83.05,1200,98.05,800,0,17000
ULTRACEMCO30Jan204200PE.NFO,07/01/2020,09:47:15,86.35,83.05,2000,98.05,600,0,17000
ULTRACEMCO30Jan204200PE.NFO,07/01/2020,09:47:20,86.35,83.1,1800,95.9,200,0,17000
ULTRACEMCO30Jan204200PE.NFO,07/01/2020,09:47:25,86.35,83.1,2200,95.9,200,0,17000
ULTRACEMCO30Jan204200PE.NFO,07/01/2020,09:47:38,86.35,83.1,1000,95.6,200,0,17000
ULTRACEMCO30Jan204200PE.NFO,07/01/2020,09:47:43,86.35,83.1,1000,95.45,200,0,17000
ULTRACEMCO30Jan204200PE.NFO,07/01/2020,09:47:47,86.35,83.1,800,94.6,200,0,17000
ULTRACEMCO30Jan204200PE.NFO,07/01/2020,09:47:52,86.35,83.1,800,94.7,200,0,17000
ULTRACEMCO30Jan204200PE.NFO,07/01/2020,09:47:56,86.35,83.1,2000,94.7,200,0,17000
ULTRACEMCO30Jan204200PE.NFO,07/01/2020,09:48:02,86.35,83.15,2200,97.45,400,0,17000
ULTRACEMCO30Jan204200PE.NFO,07/01/2020,09:48:06,86.35,83.15,2200,96,200,0,17000
ULTRACEMCO30Jan204200PE.NFO,07/01/2020,09:48:11,86.35,83.15,2200,96.65,200,0,17000
ULTRACEMCO30Jan204200PE.NFO,07/01/2020,09:48:15,86.35,83.15,2600,96.1,200,0,17000
ULTRACEMCO30Jan204200PE.NFO,07/01/2020,09:48:20,86.35,83.15,3800,96.4,200,0,17000
ULTRACEMCO30Jan204200PE.NFO,07/01/2020,09:48:26,86.35,83.15,3800,95.2,200,0,17000
ULTRACEMCO30Jan204200PE.NFO,07/01/2020,09:48:31,86.35,83.15,3800,96.05,200,0,17000
ULTRACEMCO30Jan204200PE.NFO,07/01/2020,09:48:37,86.35,83.15,3800,97.2,200,0,17000
ULTRACEMCO30Jan204200PE.NFO,07/01/2020,09:48:43,86.35,83.15,3800,97.7,200,0,17000
ULTRACEMCO30Jan204200PE.NFO,07/01/2020,09:48:49,86.35,83.15,3800,98,200,0,17000
ULTRACEMCO30Jan204200PE.NFO,07/01/2020,09:48:55,86.35,83.15,3800,98.4,400,0,17000
ULTRACEMCO30Jan204200PE.NFO,07/01/2020,09:49:02,86.35,83.15,3800,98.1,200,0,17000
ULTRACEMCO30Jan204200PE.NFO,07/01/2020,09:49:14,86.35,83.15,3800,97.9,200,0,17000
ULTRACEMCO30Jan204200PE.NFO,07/01/2020,09:49:19,86.35,83.15,3800,98.7,400,0,17000
ULTRACEMCO30Jan204200PE.NFO,07/01/2020,09:49:24,86.35,83.15,3800,96.95,200,0,17000
ULTRACEMCO30Jan204200PE.NFO,07/01/2020,09:49:31,86.35,83.15,3800,98.7,400,0,17000
ULTRACEMCO30Jan204200PE.NFO,07/01/2020,09:49:37,86.35,83.15,3800,97.85,200,0,17000
ULTRACEMCO30Jan204200PE.NFO,07/01/2020,09:49:42,86.35,83.15,3600,96.25,200,0,17000
ULTRACEMCO30Jan204200PE.NFO,07/01/2020,09:49:47,86.35,83.15,2400,96.05,200,0,17000
ULTRACEMCO30Jan204200PE.NFO,07/01/2020,09:49:52,86.35,83.15,3600,96.55,200,0,17000
ULTRACEMCO30Jan204200PE.NFO,07/01/2020,09:50:02,86.35,83.15,3200,96.55,200,0,17000
ULTRACEMCO30Jan204200PE.NFO,07/01/2020,09:50:07,86.35,83.15,2000,95.25,200,0,17000
ULTRACEMCO30Jan204200PE.NFO,07/01/2020,09:50:11,86.35,83.15,2400,95.25,200,0,17000
ULTRACEMCO30Jan204200PE.NFO,07/01/2020,09:50:17,86.35,83.15,3600,96.4,200,0,17000
ULTRACEMCO30Jan204200PE.NFO,07/01/2020,09:50:22,86.35,83.15,3600,96.25,200,0,17000
ULTRACEMCO30Jan204200PE.NFO,07/01/2020,09:50:27,86.35,83.15,3600,97.85,600,0,17000
ULTRACEMCO30Jan204200PE.NFO,07/01/2020,09:50:59,86.35,83.45,3600,97.85,400,0,17000
ULTRACEMCO30Jan204200PE.NFO,07/01/2020,09:51:04,86.35,83.45,3600,97.45,200,0,17000
ULTRACEMCO30Jan204200PE.NFO,07/01/2020,09:51:15,86.35,83.45,3600,97.15,200,0,17000
ULTRACEMCO30Jan204200PE.NFO,07/01/2020,09:51:23,86.35,83.45,3600,96.75,200,0,17000
ULTRACEMCO30Jan204200PE.NFO,07/01/2020,09:51:35,86.35,86.35,200,96.45,200,0,17000
ULTRACEMCO30Jan204200PE.NFO,07/01/2020,09:51:40,86.35,86.35,600,98.8,800,0,17000
ULTRACEMCO30Jan204200PE.NFO,07/01/2020,09:51:50,86.35,87,200,98.8,800,0,17000
ULTRACEMCO30Jan204200PE.NFO,07/01/2020,09:51:55,86.35,87.25,200,98.8,800,0,17000
ULTRACEMCO30Jan204200PE.NFO,07/01/2020,09:52:04,86.35,87.55,200,98.8,800,0,17000
ULTRACEMCO30Jan204200PE.NFO,07/01/2020,09:52:10,86.35,87.4,200,98.8,800,0,17000
ULTRACEMCO30Jan204200PE.NFO,07/01/2020,09:52:24,86.35,88.05,200,98.8,400,0,17000
ULTRACEMCO30Jan204200PE.NFO,07/01/2020,09:52:30,86.35,88.2,200,98.8,400,0,17000
ULTRACEMCO30Jan204200PE.NFO,07/01/2020,09:52:36,86.35,88.1,200,98.8,400,0,17000
ULTRACEMCO30Jan204200PE.NFO,07/01/2020,09:52:40,86.35,88.05,600,98.8,400,0,17000
ULTRACEMCO30Jan204200PE.NFO,07/01/2020,09:52:44,86.35,88.05,800,98.8,400,0,17000
ULTRACEMCO30Jan204200PE.NFO,07/01/2020,09:52:53,86.35,88.25,200,98.8,400,0,17000
ULTRACEMCO30Jan204200PE.NFO,07/01/2020,09:52:58,86.35,88.1,200,98.8,400,0,17000
ULTRACEMCO30Jan204200PE.NFO,07/01/2020,09:53:03,86.35,91.8,200,98.85,200,0,17000
ULTRACEMCO30Jan204200PE.NFO,07/01/2020,09:53:10,86.35,91.35,200,98.85,200,0,17000
ULTRACEMCO30Jan204200PE.NFO,07/01/2020,09:53:16,86.35,91.3,200,98.85,200,0,17000
ULTRACEMCO30Jan204200PE.NFO,07/01/2020,09:53:21,86.35,91.25,600,98.85,200,0,17000
ULTRACEMCO30Jan204200PE.NFO,07/01/2020,09:53:26,86.35,91.25,600,98.5,400,0,17000
ULTRACEMCO30Jan204200PE.NFO,07/01/2020,09:53:31,86.35,91.25,600,98.05,200,0,17000
ULTRACEMCO30Jan204200PE.NFO,07/01/2020,09:53:35,86.35,91.25,600,97.85,200,0,17000
ULTRACEMCO30Jan204200PE.NFO,07/01/2020,09:53:41,86.35,91.9,600,99,200,0,17000
ULTRACEMCO30Jan204200PE.NFO,07/01/2020,09:53:46,86.35,91.85,600,99,200,0,17000
ULTRACEMCO30Jan204200PE.NFO,07/01/2020,09:54:06,86.35,92.1,800,99,200,0,17000
ULTRACEMCO30Jan204200PE.NFO,07/01/2020,09:54:12,86.35,92.85,200,99,200,0,17000
ULTRACEMCO30Jan204200PE.NFO,07/01/2020,09:54:17,86.35,92.7,200,99,200,0,17000
ULTRACEMCO30Jan204200PE.NFO,07/01/2020,09:54:22,86.35,92.25,200,99,200,0,17000
ULTRACEMCO30Jan204200PE.NFO,07/01/2020,09:54:33,86.35,92.55,600,99,200,0,17000
ULTRACEMCO30Jan204200PE.NFO,07/01/2020,09:54:37,86.35,92.25,200,99,200,0,17000
ULTRACEMCO30Jan204200PE.NFO,07/01/2020,09:54:47,86.35,92.15,200,99,200,0,17000
ULTRACEMCO30Jan204200PE.NFO,07/01/2020,09:54:52,86.35,92.7,200,99,200,0,17000
ULTRACEMCO30Jan204200PE.NFO,07/01/2020,09:54:57,86.35,90.55,200,98.2,400,0,17000
ULTRACEMCO30Jan204200PE.NFO,07/01/2020,09:55:03,86.35,91,200,98.85,400,0,17000
ULTRACEMCO30Jan204200PE.NFO,07/01/2020,09:55:08,86.35,90.25,600,98.2,200,0,17000
ULTRACEMCO30Jan204200PE.NFO,07/01/2020,09:55:14,86.35,92.45,200,100.05,400,0,17000
ULTRACEMCO30Jan204200PE.NFO,07/01/2020,09:55:20,86.35,92.3,200,99,200,0,17000
ULTRACEMCO30Jan204200PE.NFO,07/01/2020,09:55:31,86.35,91.8,200,98.85,200,0,17000
ULTRACEMCO30Jan204200PE.NFO,07/01/2020,09:55:36,86.35,91.6,600,98.85,200,0,17000
ULTRACEMCO30Jan204200PE.NFO,07/01/2020,09:55:58,99,92.25,800,100.75,400,200,17000
ULTRACEMCO30Jan204200PE.NFO,07/01/2020,09:55:58,99,92.25,800,100.75,400,0,17000
ULTRACEMCO30Jan204200PE.NFO,07/01/2020,09:56:03,99,92.75,200,100.75,400,0,17000
ULTRACEMCO30Jan204200PE.NFO,07/01/2020,09:56:08,99,92.65,200,100.75,400,0,17000
ULTRACEMCO30Jan204200PE.NFO,07/01/2020,09:56:16,99,92.85,200,100.75,400,0,17000
ULTRACEMCO30Jan204200PE.NFO,07/01/2020,09:56:22,99,92.7,600,100.75,400,0,17000
ULTRACEMCO30Jan204200PE.NFO,07/01/2020,09:56:45,99,96.65,600,100.75,400,0,17000
ULTRACEMCO30Jan204200PE.NFO,07/01/2020,09:56:49,99,96.45,600,100.75,400,0,17000
ULTRACEMCO30Jan204200PE.NFO,07/01/2020,09:56:53,99,96.4,600,100.75,400,0,17000
ULTRACEMCO30Jan204200PE.NFO,07/01/2020,09:57:02,99,96.4,600,102.75,200,0,17000
ULTRACEMCO30Jan204200PE.NFO,07/01/2020,09:57:11,99,98.8,600,102.7,200,0,17000
ULTRACEMCO30Jan204200PE.NFO,07/01/2020,09:57:17,99,99.25,600,104.2,200,0,17000
ULTRACEMCO30Jan204200PE.NFO,07/01/2020,09:57:23,99,100.3,600,106.75,400,0,17000
ULTRACEMCO30Jan204200PE.NFO,07/01/2020,09:57:28,99,100.3,600,106.1,200,0,17000
ULTRACEMCO30Jan204200PE.NFO,07/01/2020,09:57:34,99,100.3,600,106.15,200,0,17000
ULTRACEMCO30Jan204200PE.NFO,07/01/2020,09:57:38,99,102.55,600,105.95,200,0,17000
ULTRACEMCO30Jan204200PE.NFO,07/01/2020,09:57:42,99,102.55,600,106.3,200,0,17000
ULTRACEMCO30Jan204200PE.NFO,07/01/2020,09:57:47,99,99.3,600,106.4,400,0,17000
ULTRACEMCO30Jan204200PE.NFO,07/01/2020,09:57:51,105.15,101.85,600,106.4,200,200,16800
ULTRACEMCO30Jan204200PE.NFO,07/01/2020,09:57:51,105.15,101.85,600,106.4,200,0,16800
ULTRACEMCO30Jan204200PE.NFO,07/01/2020,09:57:55,105.15,101.7,600,105.9,200,0,16800
ULTRACEMCO30Jan204200PE.NFO,07/01/2020,09:58:00,105.15,102.95,600,107.2,200,0,16800
ULTRACEMCO30Jan204200PE.NFO,07/01/2020,09:58:05,105.15,102.1,600,106.95,200,0,16800
ULTRACEMCO30Jan204200PE.NFO,07/01/2020,09:58:11,105.15,102.15,200,107.55,400,400,16800
ULTRACEMCO30Jan204200PE.NFO,07/01/2020,09:58:16,105.15,101.1,600,107.55,400,0,16800
ULTRACEMCO30Jan204200PE.NFO,07/01/2020,09:58:26,105.15,101.05,600,107.55,400,0,16800
ULTRACEMCO30Jan204200PE.NFO,07/01/2020,09:58:31,105.15,100.4,600,107.55,400,0,16800
ULTRACEMCO30Jan204200PE.NFO,07/01/2020,09:58:40,105.15,97.3,600,107.55,400,0,16800
ULTRACEMCO30Jan204200PE.NFO,07/01/2020,09:58:50,105.15,99.8,600,107.55,400,0,16800
ULTRACEMCO30Jan204200PE.NFO,07/01/2020,09:58:55,105.15,99.3,600,107.55,400,0,16800
ULTRACEMCO30Jan204200PE.NFO,07/01/2020,09:59:01,105.15,99,600,107.45,400,0,16800
ULTRACEMCO30Jan204200PE.NFO,07/01/2020,09:59:08,105.15,98.35,600,107.35,400,0,16800
ULTRACEMCO30Jan204200PE.NFO,07/01/2020,09:59:13,105.15,98.3,600,107.35,400,0,16800
ULTRACEMCO30Jan204200PE.NFO,07/01/2020,09:59:25,105.15,98.15,600,107.35,400,0,16800
ULTRACEMCO30Jan204200PE.NFO,07/01/2020,09:59:31,105.15,97.5,600,107.35,400,0,16800
ULTRACEMCO30Jan204200PE.NFO,07/01/2020,09:59:45,105.15,96.65,600,107.35,400,0,16800
ULTRACEMCO30Jan204200PE.NFO,07/01/2020,10:00:22,105.15,99,600,107.35,400,0,16800
ULTRACEMCO30Jan204200PE.NFO,07/01/2020,10:00:49,105.15,100.2,200,106,200,0,16800
ULTRACEMCO30Jan204200PE.NFO,07/01/2020,10:00:56,105.15,100.1,200,106,200,0,16800
ULTRACEMCO30Jan204200PE.NFO,07/01/2020,10:01:08,104,100.1,200,106,200,200,17000
ULTRACEMCO30Jan204200PE.NFO,07/01/2020,10:01:14,104,100.1,200,105,200,0,17000
ULTRACEMCO30Jan204200PE.NFO,07/01/2020,10:01:21,104,100.05,600,105,200,0,17000
ULTRACEMCO30Jan204200PE.NFO,07/01/2020,10:01:28,104,100.1,200,105,200,0,17000
ULTRACEMCO30Jan204200PE.NFO,07/01/2020,10:01:33,102,100.05,600,106,200,200,17000
ULTRACEMCO30Jan204200PE.NFO,07/01/2020,10:01:38,102,99.85,600,105.95,200,0,17000
ULTRACEMCO30Jan204200PE.NFO,07/01/2020,10:01:44,102,99.85,600,106.95,400,0,17000
ULTRACEMCO30Jan204200PE.NFO,07/01/2020,10:01:56,102,99.85,1000,106.95,200,0,17000
ULTRACEMCO30Jan204200PE.NFO,07/01/2020,10:02:22,102,99.85,600,106.95,200,0,17000
ULTRACEMCO30Jan204200PE.NFO,07/01/2020,10:02:53,102,99.55,600,106.85,400,0,17000
ULTRACEMCO30Jan204200PE.NFO,07/01/2020,10:02:58,102,100.4,200,106.85,200,0,17000
ULTRACEMCO30Jan204200PE.NFO,07/01/2020,10:03:04,102,100.4,200,106.8,200,0,17000
ULTRACEMCO30Jan204200PE.NFO,07/01/2020,10:03:10,102,100.65,600,107,200,0,17000
ULTRACEMCO30Jan204200PE.NFO,07/01/2020,10:03:16,102,100.65,600,106.95,200,0,17000
ULTRACEMCO30Jan204200PE.NFO,07/01/2020,10:03:21,102,100.65,600,107,200,0,17000
ULTRACEMCO30Jan204200PE.NFO,07/01/2020,10:03:32,102,100.65,600,106.95,200,0,17000
ULTRACEMCO30Jan204200PE.NFO,07/01/2020,10:03:37,107,101.05,600,108.9,200,400,17200
ULTRACEMCO30Jan204200PE.NFO,07/01/2020,10:03:37,107,101.05,600,108.9,200,0,17200
ULTRACEMCO30Jan204200PE.NFO,07/01/2020,10:03:42,107,100.5,600,108.9,200,0,17200
ULTRACEMCO30Jan204200PE.NFO,07/01/2020,10:03:48,107,100.95,200,108.8,200,0,17200
ULTRACEMCO30Jan204200PE.NFO,07/01/2020,10:03:53,107,100.4,200,108.8,800,0,17200
ULTRACEMCO30Jan204200PE.NFO,07/01/2020,10:04:30,107,100.4,200,108.45,200,0,17200
ULTRACEMCO30Jan204200PE.NFO,07/01/2020,10:04:36,107,102.15,200,108.45,200,0,17200
ULTRACEMCO30Jan204200PE.NFO,07/01/2020,10:04:52,107,102.15,200,107.15,800,0,17200
ULTRACEMCO30Jan204200PE.NFO,07/01/2020,10:04:57,107,102.15,200,107.15,200,0,17200
ULTRACEMCO30Jan204200PE.NFO,07/01/2020,10:05:18,107,102.15,200,106.55,200,0,17200
ULTRACEMCO30Jan204200PE.NFO,07/01/2020,10:05:22,107,102.15,200,105.45,200,0,17200
ULTRACEMCO30Jan204200PE.NFO,07/01/2020,10:05:27,107,102.15,200,105.5,400,0,17200
ULTRACEMCO30Jan204200PE.NFO,07/01/2020,10:05:39,107,102.15,200,106.05,200,0,17200
ULTRACEMCO30Jan204200PE.NFO,07/01/2020,10:05:45,107,102.15,200,105.6,200,0,17200
ULTRACEMCO30Jan204200PE.NFO,07/01/2020,10:05:52,107,102.15,200,105.85,200,0,17200
ULTRACEMCO30Jan204200PE.NFO,07/01/2020,10:05:57,107,102.15,200,106.55,200,0,17200
ULTRACEMCO30Jan204200PE.NFO,07/01/2020,10:06:03,107,102.15,200,106.5,200,0,17200
ULTRACEMCO30Jan204200PE.NFO,07/01/2020,10:06:09,107,102.15,200,106.15,600,0,17200
ULTRACEMCO30Jan204200PE.NFO,07/01/2020,10:06:15,107,102.2,200,106.8,200,0,17200
ULTRACEMCO30Jan204200PE.NFO,07/01/2020,10:06:32,107,102.45,200,107.5,200,0,17200
ULTRACEMCO30Jan204200PE.NFO,07/01/2020,10:06:38,107,102.2,200,106.9,200,0,17200
ULTRACEMCO30Jan204200PE.NFO,07/01/2020,10:06:42,107,102.15,200,106,200,0,17200
ULTRACEMCO30Jan204200PE.NFO,07/01/2020,10:06:47,107,102.15,200,105.75,200,0,17200
ULTRACEMCO30Jan204200PE.NFO,07/01/2020,10:06:58,107,102.15,200,105.6,200,0,17200
ULTRACEMCO30Jan204200PE.NFO,07/01/2020,10:07:07,107,102.2,200,105.85,200,0,17200
ULTRACEMCO30Jan204200PE.NFO,07/01/2020,10:07:18,107,102.2,200,107.1,400,0,17200
ULTRACEMCO30Jan204200PE.NFO,07/01/2020,10:07:24,107,102.2,200,106.05,200,0,17200
ULTRACEMCO30Jan204200PE.NFO,07/01/2020,10:07:31,107,102.3,200,107.25,200,0,17200
ULTRACEMCO30Jan204200PE.NFO,07/01/2020,10:07:37,107,102.95,200,106.85,200,0,17200
ULTRACEMCO30Jan204200PE.NFO,07/01/2020,10:07:49,107,102.2,200,105.85,200,0,17200
ULTRACEMCO30Jan204200PE.NFO,07/01/2020,10:07:55,107,102.15,200,105.85,400,0,17200
ULTRACEMCO30Jan204200PE.NFO,07/01/2020,10:08:00,107,102.15,200,105.85,200,0,17200
ULTRACEMCO30Jan204200PE.NFO,07/01/2020,10:08:10,107,102.15,200,105.75,400,0,17200
ULTRACEMCO30Jan204200PE.NFO,07/01/2020,10:08:15,107,102.15,200,105.7,400,0,17200
ULTRACEMCO30Jan204200PE.NFO,07/01/2020,10:08:46,105.6,99.65,200,105.6,200,200,17400
ULTRACEMCO30Jan204200PE.NFO,07/01/2020,10:08:52,105.6,100.4,200,105.65,200,0,17400
ULTRACEMCO30Jan204200PE.NFO,07/01/2020,10:08:57,105.6,100.4,200,106.05,200,0,17400
ULTRACEMCO30Jan204200PE.NFO,07/01/2020,10:09:03,105.6,100.4,200,106.1,200,0,17400
ULTRACEMCO30Jan204200PE.NFO,07/01/2020,10:09:08,105.6,100.4,200,106.05,200,0,17400
ULTRACEMCO30Jan204200PE.NFO,07/01/2020,10:09:13,105.6,99.15,200,104.1,200,0,17400
ULTRACEMCO30Jan204200PE.NFO,07/01/2020,10:09:19,105.6,99.35,200,104.3,200,0,17400
ULTRACEMCO30Jan204200PE.NFO,07/01/2020,10:09:29,105.6,99.85,200,104.15,200,0,17400
ULTRACEMCO30Jan204200PE.NFO,07/01/2020,10:09:35,105.6,99.85,200,104.05,200,0,17400
ULTRACEMCO30Jan204200PE.NFO,07/01/2020,10:09:40,105.6,98.6,200,103.65,200,0,17400
ULTRACEMCO30Jan204200PE.NFO,07/01/2020,10:09:44,105.6,96.95,200,102.2,200,0,17400
ULTRACEMCO30Jan204200PE.NFO,07/01/2020,10:09:54,105.6,96,200,101.2,200,0,17400
ULTRACEMCO30Jan204200PE.NFO,07/01/2020,10:10:00,105.6,96,200,101.1,200,0,17400
ULTRACEMCO30Jan204200PE.NFO,07/01/2020,10:10:08,105.6,96,200,100.8,200,0,17400
ULTRACEMCO30Jan204200PE.NFO,07/01/2020,10:10:14,105.6,96.05,200,100.8,200,0,17400
ULTRACEMCO30Jan204200PE.NFO,07/01/2020,10:10:20,105.6,96,200,100.8,200,0,17400
ULTRACEMCO30Jan204200PE.NFO,07/01/2020,10:10:25,105.6,96.05,200,100.7,200,0,17400
ULTRACEMCO30Jan204200PE.NFO,07/01/2020,10:10:30,105.6,96.05,200,100.85,200,0,17400
ULTRACEMCO30Jan204200PE.NFO,07/01/2020,10:10:35,105.6,96.05,200,100.7,200,0,17400
ULTRACEMCO30Jan204200PE.NFO,07/01/2020,10:10:39,105.6,96,200,100.7,200,0,17400
ULTRACEMCO30Jan204200PE.NFO,07/01/2020,10:12:27,105.6,96.05,200,100.7,200,0,17400
ULTRACEMCO30Jan204200PE.NFO,07/01/2020,10:12:48,100.7,96.05,200,100.85,800,200,17400
ULTRACEMCO30Jan204200PE.NFO,07/01/2020,10:12:54,100.7,96.05,200,100.85,800,0,17400
ULTRACEMCO30Jan204200PE.NFO,07/01/2020,10:14:09,100.7,97,200,100.85,800,0,17400
ULTRACEMCO30Jan204200PE.NFO,07/01/2020,10:14:14,100.7,97.05,200,100.85,200,0,17400
ULTRACEMCO30Jan204200PE.NFO,07/01/2020,10:14:19,100.7,97.05,200,101.3,200,0,17400
ULTRACEMCO30Jan204200PE.NFO,07/01/2020,10:14:26,100.7,97,200,101.3,200,0,17400
ULTRACEMCO30Jan204200PE.NFO,07/01/2020,10:14:38,100.7,97.05,200,101.3,200,0,17400
ULTRACEMCO30Jan204200PE.NFO,07/01/2020,10:14:43,100.7,97.05,200,102.25,200,0,17400
ULTRACEMCO30Jan204200PE.NFO,07/01/2020,10:15:06,100.7,97,200,101.55,200,0,17400
ULTRACEMCO30Jan204200PE.NFO,07/01/2020,10:16:00,100.7,97.05,200,102.35,200,0,17400
ULTRACEMCO30Jan204200PE.NFO,07/01/2020,10:17:02,100.7,97,200,102.35,200,0,17400
ULTRACEMCO30Jan204200PE.NFO,07/01/2020,10:17:28,100.7,97.05,200,102.35,200,0,17400
ULTRACEMCO30Jan204200PE.NFO,07/01/2020,10:18:08,97,94.25,200,100.05,400,200,17600
ULTRACEMCO30Jan204200PE.NFO,07/01/2020,10:18:11,97,94.25,200,99.85,400,0,17600
ULTRACEMCO30Jan204200PE.NFO,07/01/2020,10:18:15,97,91.25,200,99.9,600,0,17600
ULTRACEMCO30Jan204200PE.NFO,07/01/2020,10:18:35,97,91.25,800,99.9,600,0,17600
ULTRACEMCO30Jan204200PE.NFO,07/01/2020,10:19:27,97,96.85,200,99.2,400,0,17600
ULTRACEMCO30Jan204200PE.NFO,07/01/2020,10:19:31,96.85,91.3,600,99.25,200,200,17600
ULTRACEMCO30Jan204200PE.NFO,07/01/2020,10:19:35,96.85,92.1,200,99.75,600,0,17600
ULTRACEMCO30Jan204200PE.NFO,07/01/2020,10:19:43,96.85,92.6,200,100.05,200,0,17600
ULTRACEMCO30Jan204200PE.NFO,07/01/2020,10:19:49,96.85,93,200,100.8,200,0,17600
ULTRACEMCO30Jan204200PE.NFO,07/01/2020,10:19:54,96.85,93,200,99.95,200,0,17600
ULTRACEMCO30Jan204200PE.NFO,07/01/2020,10:20:05,96.85,93.5,800,99.15,200,0,17600
ULTRACEMCO30Jan204200PE.NFO,07/01/2020,10:20:10,96.85,94.6,200,99.3,200,0,17600
ULTRACEMCO30Jan204200PE.NFO,07/01/2020,10:20:14,96.85,94.6,200,98.95,200,0,17600
ULTRACEMCO30Jan204200PE.NFO,07/01/2020,10:20:33,96.85,92.55,200,98.2,200,0,17600
ULTRACEMCO30Jan204200PE.NFO,07/01/2020,10:20:37,96.85,93.25,200,97,200,0,17600
ULTRACEMCO30Jan204200PE.NFO,07/01/2020,10:20:49,96.85,92.7,200,96.75,200,0,17600
ULTRACEMCO30Jan204200PE.NFO,07/01/2020,10:20:54,96.85,92.45,600,96.55,200,0,17600
ULTRACEMCO30Jan204200PE.NFO,07/01/2020,10:20:58,96.85,92.4,600,96.35,200,0,17600
ULTRACEMCO30Jan204200PE.NFO,07/01/2020,10:21:03,96.85,92.25,200,96.2,200,0,17600
ULTRACEMCO30Jan204200PE.NFO,07/01/2020,10:21:08,96.85,93,200,96.2,200,0,17600
ULTRACEMCO30Jan204200PE.NFO,07/01/2020,10:21:12,96.85,93,200,95.65,200,0,17600
ULTRACEMCO30Jan204200PE.NFO,07/01/2020,10:21:17,96.85,93,200,94.5,200,0,17600
ULTRACEMCO30Jan204200PE.NFO,07/01/2020,10:21:27,93,89.8,1000,94.05,200,200,17400
ULTRACEMCO30Jan204200PE.NFO,07/01/2020,10:21:32,93,89.8,400,94.05,200,0,17400
ULTRACEMCO30Jan204200PE.NFO,07/01/2020,10:21:37,93,89.6,200,95.9,200,0,17400
ULTRACEMCO30Jan204200PE.NFO,07/01/2020,10:21:42,93,90.05,200,95.85,200,0,17400
ULTRACEMCO30Jan204200PE.NFO,07/01/2020,10:21:46,93,90.05,200,95.55,200,0,17400
ULTRACEMCO30Jan204200PE.NFO,07/01/2020,10:21:55,93,90.05,200,95.8,200,0,17400
ULTRACEMCO30Jan204200PE.NFO,07/01/2020,10:22:08,93,90.3,200,99.05,400,0,17400
ULTRACEMCO30Jan204200PE.NFO,07/01/2020,10:22:14,93,90.3,200,96.15,200,0,17400
ULTRACEMCO30Jan204200PE.NFO,07/01/2020,10:22:18,93,90.3,200,95.4,200,0,17400
ULTRACEMCO30Jan204200PE.NFO,07/01/2020,10:22:23,93,90.3,200,95.2,200,0,17400
ULTRACEMCO30Jan204200PE.NFO,07/01/2020,10:22:31,93,90.9,800,96.1,200,0,17400
ULTRACEMCO30Jan204200PE.NFO,07/01/2020,10:22:35,93,90.9,200,95.8,800,0,17400
ULTRACEMCO30Jan204200PE.NFO,07/01/2020,10:22:40,93,90.95,200,95,200,0,17400
ULTRACEMCO30Jan204200PE.NFO,07/01/2020,10:22:46,93,91.1,200,96.25,200,0,17400
ULTRACEMCO30Jan204200PE.NFO,07/01/2020,10:23:03,93,88.8,200,96.25,200,0,17400
ULTRACEMCO30Jan204200PE.NFO,07/01/2020,10:23:33,93,89.85,200,96.25,200,0,17400
ULTRACEMCO30Jan204200PE.NFO,07/01/2020,10:23:38,93,90.15,200,96.75,200,0,17400
ULTRACEMCO30Jan204200PE.NFO,07/01/2020,10:23:52,93,90.15,200,96.05,200,0,17400
ULTRACEMCO30Jan204200PE.NFO,07/01/2020,10:23:56,93,90.25,200,95.8,200,0,17400
ULTRACEMCO30Jan204200PE.NFO,07/01/2020,10:24:03,93,90.25,200,95.5,200,0,17400
ULTRACEMCO30Jan204200PE.NFO,07/01/2020,10:24:08,93,90.25,800,95.45,200,0,17400
ULTRACEMCO30Jan204200PE.NFO,07/01/2020,10:24:21,93,90.3,200,94.8,200,0,17400
ULTRACEMCO30Jan204200PE.NFO,07/01/2020,10:24:26,93,90.3,800,94.8,200,0,17400
ULTRACEMCO30Jan204200PE.NFO,07/01/2020,10:24:44,93,90.65,200,94.6,200,0,17400
ULTRACEMCO30Jan204200PE.NFO,07/01/2020,10:24:48,93,90.6,200,94.6,200,0,17400
ULTRACEMCO30Jan204200PE.NFO,07/01/2020,10:24:57,93,91.2,200,94.8,200,0,17400
ULTRACEMCO30Jan204200PE.NFO,07/01/2020,10:25:01,93,91.2,200,95.55,200,0,17400
ULTRACEMCO30Jan204200PE.NFO,07/01/2020,10:25:10,93,90.75,200,95.05,200,0,17400
ULTRACEMCO30Jan204200PE.NFO,07/01/2020,10:25:13,93,90.75,200,94.6,200,0,17400
ULTRACEMCO30Jan204200PE.NFO,07/01/2020,10:25:29,93,90.15,200,94.6,200,0,17400
ULTRACEMCO30Jan204200PE.NFO,07/01/2020,10:25:38,93,90.15,200,95.1,200,0,17400
ULTRACEMCO30Jan204200PE.NFO,07/01/2020,10:25:57,93,90.65,200,95.35,200,0,17400
ULTRACEMCO30Jan204200PE.NFO,07/01/2020,10:26:07,93,90.75,200,97.8,200,0,17400
ULTRACEMCO30Jan204200PE.NFO,07/01/2020,10:26:31,93,90.75,800,96.85,800,0,17400
ULTRACEMCO30Jan204200PE.NFO,07/01/2020,10:26:35,93,90.75,800,96.15,200,0,17400
ULTRACEMCO30Jan204200PE.NFO,07/01/2020,10:26:48,93,90.75,800,95.9,200,0,17400
ULTRACEMCO30Jan204200PE.NFO,07/01/2020,10:26:52,93,91.55,800,94,200,0,17400
ULTRACEMCO30Jan204200PE.NFO,07/01/2020,10:26:56,93,91.55,200,94,200,0,17400
ULTRACEMCO30Jan204200PE.NFO,07/01/2020,10:27:09,94,91.65,200,97.7,200,200,17400
ULTRACEMCO30Jan204200PE.NFO,07/01/2020,10:27:13,94,91.85,200,99,200,0,17400
ULTRACEMCO30Jan204200PE.NFO,07/01/2020,10:27:17,94,91.85,200,98.3,200,0,17400
ULTRACEMCO30Jan204200PE.NFO,07/01/2020,10:27:21,94,94,200,97.45,200,0,17400
ULTRACEMCO30Jan204200PE.NFO,07/01/2020,10:27:25,94,94,200,96.95,200,0,17400
ULTRACEMCO30Jan204200PE.NFO,07/01/2020,10:27:29,94,94,200,96.3,200,0,17400
ULTRACEMCO30Jan204200PE.NFO,07/01/2020,10:27:41,94,94,200,96.85,200,0,17400
ULTRACEMCO30Jan204200PE.NFO,07/01/2020,10:27:46,94,94,200,96.65,200,0,17400
ULTRACEMCO30Jan204200PE.NFO,07/01/2020,10:28:03,94,94,200,99.25,200,0,17400
ULTRACEMCO30Jan204200PE.NFO,07/01/2020,10:28:07,94,94,200,97.8,200,0,17400
ULTRACEMCO30Jan204200PE.NFO,07/01/2020,10:28:21,94,94,200,99.5,400,0,17400
ULTRACEMCO30Jan204200PE.NFO,07/01/2020,10:28:26,94,94,200,97.6,800,0,17400
ULTRACEMCO30Jan204200PE.NFO,07/01/2020,10:28:31,94,94,200,97.5,200,0,17400
ULTRACEMCO30Jan204200PE.NFO,07/01/2020,10:28:35,94,94,200,96.25,200,0,17400
ULTRACEMCO30Jan204200PE.NFO,07/01/2020,10:28:39,94,94,200,96.05,200,0,17400
ULTRACEMCO30Jan204200PE.NFO,07/01/2020,10:28:42,94,94,200,96.2,200,0,17400
ULTRACEMCO30Jan204200PE.NFO,07/01/2020,10:28:46,94,94,200,96.7,200,0,17400
ULTRACEMCO30Jan204200PE.NFO,07/01/2020,10:28:52,94,94,200,97.2,200,0,17400
ULTRACEMCO30Jan204200PE.NFO,07/01/2020,10:29:02,94,94,200,97.05,200,0,17400
ULTRACEMCO30Jan204200PE.NFO,07/01/2020,10:29:06,94,94,200,96.55,200,0,17400
ULTRACEMCO30Jan204200PE.NFO,07/01/2020,10:29:09,94,94,200,96.6,200,0,17400
ULTRACEMCO30Jan204200PE.NFO,07/01/2020,10:29:13,94,94,200,96.4,200,0,17400
ULTRACEMCO30Jan204200PE.NFO,07/01/2020,10:29:16,94,94,200,96.6,200,0,17400
ULTRACEMCO30Jan204200PE.NFO,07/01/2020,10:29:20,94,94,200,96.65,200,0,17400
ULTRACEMCO30Jan204200PE.NFO,07/01/2020,10:29:32,94,94,200,97.25,200,0,17400
ULTRACEMCO30Jan204200PE.NFO,07/01/2020,10:29:39,94,94.05,200,97,200,0,17400
ULTRACEMCO30Jan204200PE.NFO,07/01/2020,10:29:55,94,94.05,200,97.4,200,0,17400
ULTRACEMCO30Jan204200PE.NFO,07/01/2020,10:29:57,94,94.05,200,97.65,200,0,17400
ULTRACEMCO30Jan204200PE.NFO,07/01/2020,10:30:00,94,94.05,200,98.05,200,0,17400
ULTRACEMCO30Jan204200PE.NFO,07/01/2020,10:31:16,94,94.05,200,97.55,200,0,17400
ULTRACEMCO30Jan204200PE.NFO,07/01/2020,10:31:19,94,95,200,98.1,200,0,17400
ULTRACEMCO30Jan204200PE.NFO,07/01/2020,10:31:47,94,95.05,200,98.1,200,0,17400
ULTRACEMCO30Jan204200PE.NFO,07/01/2020,10:31:51,94,95.05,200,97.9,200,0,17400
ULTRACEMCO30Jan204200PE.NFO,07/01/2020,10:31:59,94,95.05,200,98.9,200,0,17400
ULTRACEMCO30Jan204200PE.NFO,07/01/2020,10:32:19,94,95.05,200,99.75,200,0,17400
ULTRACEMCO30Jan204200PE.NFO,07/01/2020,10:32:28,94,95.05,800,99.5,200,0,17400
ULTRACEMCO30Jan204200PE.NFO,07/01/2020,10:32:32,94,95.35,200,100,200,0,17400
ULTRACEMCO30Jan204200PE.NFO,07/01/2020,10:32:36,94,95.35,200,99.85,200,0,17400
ULTRACEMCO30Jan204200PE.NFO,07/01/2020,10:32:46,94,95.35,200,99.75,200,0,17400
ULTRACEMCO30Jan204200PE.NFO,07/01/2020,10:32:51,94,95.35,200,99.45,200,0,17400
ULTRACEMCO30Jan204200PE.NFO,07/01/2020,10:32:55,94,95.35,200,99.25,200,0,17400
ULTRACEMCO30Jan204200PE.NFO,07/01/2020,10:32:59,94,95.35,200,99.8,200,0,17400
ULTRACEMCO30Jan204200PE.NFO,07/01/2020,10:33:03,94,95.35,200,99.75,200,0,17400
ULTRACEMCO30Jan204200PE.NFO,07/01/2020,10:33:25,94,95.35,200,99.55,200,0,17400
ULTRACEMCO30Jan204200PE.NFO,07/01/2020,10:33:32,94,95.35,200,99.35,200,0,17400
ULTRACEMCO30Jan204200PE.NFO,07/01/2020,10:33:40,94,95.35,200,99.75,200,0,17400
ULTRACEMCO30Jan204200PE.NFO,07/01/2020,10:33:43,94,95.35,200,99.55,200,0,17400
ULTRACEMCO30Jan204200PE.NFO,07/01/2020,10:33:49,94,95.35,200,99.3,200,0,17400
ULTRACEMCO30Jan204200PE.NFO,07/01/2020,10:34:06,94,95.35,200,99.55,200,0,17400
ULTRACEMCO30Jan204200PE.NFO,07/01/2020,10:34:25,94,94.05,200,99.15,400,0,17400
ULTRACEMCO30Jan204200PE.NFO,07/01/2020,10:34:29,94,94.05,200,99.7,200,0,17400
ULTRACEMCO30Jan204200PE.NFO,07/01/2020,10:35:20,94,94.05,200,98.55,800,0,17400
ULTRACEMCO30Jan204200PE.NFO,07/01/2020,10:35:23,94,94.05,200,98.55,200,0,17400
ULTRACEMCO30Jan204200PE.NFO,07/01/2020,10:35:26,94,94.05,200,98.9,200,0,17400
ULTRACEMCO30Jan204200PE.NFO,07/01/2020,10:35:30,94,94.05,200,97.9,200,0,17400
ULTRACEMCO30Jan204200PE.NFO,07/01/2020,10:35:34,94,94.05,800,98,400,0,17400
ULTRACEMCO30Jan204200PE.NFO,07/01/2020,10:35:37,94,94.05,200,97.9,200,0,17400
ULTRACEMCO30Jan204200PE.NFO,07/01/2020,10:35:48,94,94.05,800,97.9,200,0,17400
ULTRACEMCO30Jan204200PE.NFO,07/01/2020,10:35:54,94,94.05,200,97.9,200,0,17400
ULTRACEMCO30Jan204200PE.NFO,07/01/2020,10:35:57,94,94.05,800,97.9,200,0,17400
ULTRACEMCO30Jan204200PE.NFO,07/01/2020,10:36:08,94,94.05,200,97.9,200,0,17400
ULTRACEMCO30Jan204200PE.NFO,07/01/2020,10:36:22,94,94.05,200,97.7,200,0,17400
ULTRACEMCO30Jan204200PE.NFO,07/01/2020,10:36:40,94,94.05,800,97.7,200,0,17400
ULTRACEMCO30Jan204200PE.NFO,07/01/2020,10:36:42,94,94.05,800,98,200,0,17400
ULTRACEMCO30Jan204200PE.NFO,07/01/2020,10:36:46,94,94.05,800,97.8,200,0,17400
ULTRACEMCO30Jan204200PE.NFO,07/01/2020,10:36:49,94,94.05,200,97.8,200,0,17400
ULTRACEMCO30Jan204200PE.NFO,07/01/2020,10:37:59,94,94.05,800,97.8,200,0,17400
ULTRACEMCO30Jan204200PE.NFO,07/01/2020,10:38:17,94,94.05,800,98.45,200,0,17400
ULTRACEMCO30Jan204200PE.NFO,07/01/2020,10:38:35,94,95.5,200,98.1,200,0,17400
ULTRACEMCO30Jan204200PE.NFO,07/01/2020,10:39:02,94,95.5,200,98.2,200,0,17400
ULTRACEMCO30Jan204200PE.NFO,07/01/2020,10:39:11,94,95.5,200,98.3,200,0,17400
ULTRACEMCO30Jan204200PE.NFO,07/01/2020,10:39:15,94,95.5,200,99.1,400,0,17400
ULTRACEMCO30Jan204200PE.NFO,07/01/2020,10:39:19,94,95.5,200,98.7,200,0,17400
ULTRACEMCO30Jan204200PE.NFO,07/01/2020,10:39:41,94,94.1,200,98.7,200,0,17400
ULTRACEMCO30Jan204200PE.NFO,07/01/2020,10:40:43,94,94.1,200,98.2,600,0,17400
ULTRACEMCO30Jan204200PE.NFO,07/01/2020,10:40:48,94,94.1,200,98,200,0,17400
ULTRACEMCO30Jan204200PE.NFO,07/01/2020,10:41:00,94,94.1,200,97.75,200,0,17400
ULTRACEMCO30Jan204200PE.NFO,07/01/2020,10:41:06,94,95.5,200,98,200,0,17400
ULTRACEMCO30Jan204200PE.NFO,07/01/2020,10:41:21,94,95.5,200,98.2,200,0,17400
ULTRACEMCO30Jan204200PE.NFO,07/01/2020,10:41:28,94,95.5,200,97.75,200,0,17400
ULTRACEMCO30Jan204200PE.NFO,07/01/2020,10:41:34,94,94.15,200,97.75,200,0,17400
ULTRACEMCO30Jan204200PE.NFO,07/01/2020,10:41:42,94,94.15,200,99.8,200,0,17400
ULTRACEMCO30Jan204200PE.NFO,07/01/2020,10:41:45,94,94.15,200,99.05,200,0,17400
ULTRACEMCO30Jan204200PE.NFO,07/01/2020,10:41:49,94,94.15,200,98.85,200,0,17400
ULTRACEMCO30Jan204200PE.NFO,07/01/2020,10:42:00,94,94.15,200,98.55,200,0,17400
ULTRACEMCO30Jan204200PE.NFO,07/01/2020,10:42:05,94,94.15,200,98.5,200,0,17400
ULTRACEMCO30Jan204200PE.NFO,07/01/2020,10:42:10,94,94.15,200,98,200,0,17400
ULTRACEMCO30Jan204200PE.NFO,07/01/2020,10:43:09,94,96,200,98,200,0,17400
ULTRACEMCO30Jan204200PE.NFO,07/01/2020,10:43:40,94,96,200,98.85,200,0,17400
ULTRACEMCO30Jan204200PE.NFO,07/01/2020,10:43:48,94,94.05,200,98.85,200,0,17400
ULTRACEMCO30Jan204200PE.NFO,07/01/2020,10:44:19,94,94.45,800,99,200,0,17400
ULTRACEMCO30Jan204200PE.NFO,07/01/2020,10:44:27,94,95.15,200,99,200,0,17400
ULTRACEMCO30Jan204200PE.NFO,07/01/2020,10:44:30,94,95.15,800,99,200,0,17400
ULTRACEMCO30Jan204200PE.NFO,07/01/2020,10:44:44,94,97,800,99,200,0,17400
ULTRACEMCO30Jan204200PE.NFO,07/01/2020,10:44:50,94,97,200,99,200,0,17400
ULTRACEMCO30Jan204200PE.NFO,07/01/2020,10:45:02,99,97.15,200,103.95,200,200,17600
ULTRACEMCO30Jan204200PE.NFO,07/01/2020,10:45:07,99,97.15,800,102.5,200,0,17600
ULTRACEMCO30Jan204200PE.NFO,07/01/2020,10:45:12,99,97.15,200,102.55,200,0,17600
ULTRACEMCO30Jan204200PE.NFO,07/01/2020,10:45:17,99,97.15,200,102.7,200,0,17600
ULTRACEMCO30Jan204200PE.NFO,07/01/2020,10:45:22,99,97.15,200,103.25,200,0,17600
ULTRACEMCO30Jan204200PE.NFO,07/01/2020,10:45:26,99,97.15,200,102.8,200,0,17600
ULTRACEMCO30Jan204200PE.NFO,07/01/2020,10:45:30,99,97.15,200,102.35,200,0,17600
ULTRACEMCO30Jan204200PE.NFO,07/01/2020,10:46:03,99,97.15,200,103.2,200,0,17600
ULTRACEMCO30Jan204200PE.NFO,07/01/2020,10:46:06,99,97.15,200,102.4,200,0,17600
ULTRACEMCO30Jan204200PE.NFO,07/01/2020,10:46:12,99,97.15,200,102.55,200,0,17600
ULTRACEMCO30Jan204200PE.NFO,07/01/2020,10:46:20,99,97.15,200,102.5,600,0,17600
ULTRACEMCO30Jan204200PE.NFO,07/01/2020,10:46:23,99,97.15,200,102.6,200,0,17600
ULTRACEMCO30Jan204200PE.NFO,07/01/2020,10:46:26,99,100,200,102.1,200,0,17600
ULTRACEMCO30Jan204200PE.NFO,07/01/2020,10:46:30,99,100,200,102.6,200,0,17600
ULTRACEMCO30Jan204200PE.NFO,07/01/2020,10:46:40,99,100,200,102.85,200,0,17600
ULTRACEMCO30Jan204200PE.NFO,07/01/2020,10:47:41,100,97.15,400,102.85,200,200,17600
ULTRACEMCO30Jan204200PE.NFO,07/01/2020,10:47:46,100,97.15,400,102.85,200,0,17600
ULTRACEMCO30Jan204200PE.NFO,07/01/2020,10:47:49,100,99,200,102.45,200,0,17600
ULTRACEMCO30Jan204200PE.NFO,07/01/2020,10:47:53,100,99,200,102,200,0,17600
ULTRACEMCO30Jan204200PE.NFO,07/01/2020,10:48:09,100,99,200,102.15,200,0,17600
ULTRACEMCO30Jan204200PE.NFO,07/01/2020,10:48:21,100,99,200,102.4,200,0,17600
ULTRACEMCO30Jan204200PE.NFO,07/01/2020,10:48:40,100,99.05,200,102.65,200,0,17600
ULTRACEMCO30Jan204200PE.NFO,07/01/2020,10:48:48,100,99.05,200,104.1,400,0,17600
ULTRACEMCO30Jan204200PE.NFO,07/01/2020,10:48:51,100,99,200,103.95,200,0,17600
ULTRACEMCO30Jan204200PE.NFO,07/01/2020,10:48:55,100,99.05,200,103.25,200,0,17600
ULTRACEMCO30Jan204200PE.NFO,07/01/2020,10:48:59,100,99.05,200,103.1,200,0,17600
ULTRACEMCO30Jan204200PE.NFO,07/01/2020,10:49:07,100,99,200,102.35,200,0,17600
ULTRACEMCO30Jan204200PE.NFO,07/01/2020,10:49:09,100,99,200,102.5,200,0,17600
ULTRACEMCO30Jan204200PE.NFO,07/01/2020,10:49:13,100,99,200,102.65,200,0,17600
ULTRACEMCO30Jan204200PE.NFO,07/01/2020,10:49:17,100,99.05,200,103.55,800,0,17600
ULTRACEMCO30Jan204200PE.NFO,07/01/2020,10:49:20,100,99.05,200,103.35,200,0,17600
ULTRACEMCO30Jan204200PE.NFO,07/01/2020,10:49:26,100,99,200,102.8,200,0,17600
ULTRACEMCO30Jan204200PE.NFO,07/01/2020,10:49:30,100,99.05,200,103.15,400,0,17600
ULTRACEMCO30Jan204200PE.NFO,07/01/2020,10:49:33,100,99.05,200,102.4,200,0,17600
ULTRACEMCO30Jan204200PE.NFO,07/01/2020,10:49:38,100,99,200,102.4,200,0,17600
ULTRACEMCO30Jan204200PE.NFO,07/01/2020,10:49:45,100,99.05,200,102.15,200,0,17600
ULTRACEMCO30Jan204200PE.NFO,07/01/2020,10:49:48,100,99,200,102.3,200,0,17600
ULTRACEMCO30Jan204200PE.NFO,07/01/2020,10:49:56,100,99.05,200,102.3,200,0,17600
ULTRACEMCO30Jan204200PE.NFO,07/01/2020,10:50:02,100,99,200,102.3,200,0,17600
ULTRACEMCO30Jan204200PE.NFO,07/01/2020,10:50:07,100,99.05,200,102.6,200,0,17600
ULTRACEMCO30Jan204200PE.NFO,07/01/2020,10:50:12,100,99,200,102.6,200,0,17600
ULTRACEMCO30Jan204200PE.NFO,07/01/2020,10:50:34,100,99.05,200,102.6,200,0,17600
ULTRACEMCO30Jan204200PE.NFO,07/01/2020,10:50:53,100,99.35,200,107.6,200,0,17600
ULTRACEMCO30Jan204200PE.NFO,07/01/2020,10:50:58,100,99.9,200,107.8,200,0,17600
ULTRACEMCO30Jan204200PE.NFO,07/01/2020,10:51:01,100,99.9,800,106.95,200,0,17600
ULTRACEMCO30Jan204200PE.NFO,07/01/2020,10:51:09,100,99.9,800,106.5,200,0,17600
ULTRACEMCO30Jan204200PE.NFO,07/01/2020,10:51:14,100,99.9,200,106.5,200,0,17600
ULTRACEMCO30Jan204200PE.NFO,07/01/2020,10:51:18,100,99.9,200,106.55,200,0,17600
ULTRACEMCO30Jan204200PE.NFO,07/01/2020,10:51:25,100,100,400,106.55,200,0,17600
ULTRACEMCO30Jan204200PE.NFO,07/01/2020,10:51:50,100,100,400,106.05,200,0,17600
ULTRACEMCO30Jan204200PE.NFO,07/01/2020,10:51:54,100,100,400,104.6,200,0,17600
ULTRACEMCO30Jan204200PE.NFO,07/01/2020,10:51:58,100,100,400,104.95,200,0,17600
ULTRACEMCO30Jan204200PE.NFO,07/01/2020,10:52:02,100,100,400,105.55,200,0,17600
ULTRACEMCO30Jan204200PE.NFO,07/01/2020,10:52:20,100,100,400,106,200,0,17600
ULTRACEMCO30Jan204200PE.NFO,07/01/2020,10:52:25,100,100.3,200,106.3,200,0,17600
ULTRACEMCO30Jan204200PE.NFO,07/01/2020,10:52:54,100,100.5,200,108.05,1000,0,17600
ULTRACEMCO30Jan204200PE.NFO,07/01/2020,10:52:59,100,101,200,107.45,200,0,17600
ULTRACEMCO30Jan204200PE.NFO,07/01/2020,10:53:12,100,101,800,108.2,400,0,17600
ULTRACEMCO30Jan204200PE.NFO,07/01/2020,10:53:19,100,101,800,107.1,200,0,17600
ULTRACEMCO30Jan204200PE.NFO,07/01/2020,10:53:31,100,101,200,106.85,200,0,17600
ULTRACEMCO30Jan204200PE.NFO,07/01/2020,10:53:36,100,101,200,106.35,200,0,17600
ULTRACEMCO30Jan204200PE.NFO,07/01/2020,10:53:41,100,101,800,105.55,200,0,17600
ULTRACEMCO30Jan204200PE.NFO,07/01/2020,10:53:47,100,100.7,200,106.15,400,0,17600
ULTRACEMCO30Jan204200PE.NFO,07/01/2020,10:53:53,100,100.7,200,107.3,200,0,17600
ULTRACEMCO30Jan204200PE.NFO,07/01/2020,10:54:06,100,100.7,200,107.2,200,0,17600
ULTRACEMCO30Jan204200PE.NFO,07/01/2020,10:54:12,100,100.7,200,107.7,400,0,17600
ULTRACEMCO30Jan204200PE.NFO,07/01/2020,10:56:13,100,100.7,200,106.95,200,0,17600
ULTRACEMCO30Jan204200PE.NFO,07/01/2020,10:56:31,100,100.7,200,107.15,200,0,17600
ULTRACEMCO30Jan204200PE.NFO,07/01/2020,10:56:51,100,100.7,200,107.9,200,0,17600
ULTRACEMCO30Jan204200PE.NFO,07/01/2020,10:57:08,100,100.7,200,107.75,200,0,17600
ULTRACEMCO30Jan204200PE.NFO,07/01/2020,10:57:14,100,100.7,200,107.6,200,0,17600
ULTRACEMCO30Jan204200PE.NFO,07/01/2020,10:57:28,100,100.7,200,107.45,200,0,17600
ULTRACEMCO30Jan204200PE.NFO,07/01/2020,10:57:34,100,100.7,200,106.65,200,0,17600
ULTRACEMCO30Jan204200PE.NFO,07/01/2020,10:57:40,100,100.7,200,107.4,200,0,17600
ULTRACEMCO30Jan204200PE.NFO,07/01/2020,10:57:52,100,100.7,200,109.4,200,0,17600
ULTRACEMCO30Jan204200PE.NFO,07/01/2020,10:57:56,100,100.7,200,108.1,200,0,17600
ULTRACEMCO30Jan204200PE.NFO,07/01/2020,10:58:00,100,100.7,200,106.75,200,0,17600
ULTRACEMCO30Jan204200PE.NFO,07/01/2020,10:58:06,100,100.7,200,107,200,0,17600
ULTRACEMCO30Jan204200PE.NFO,07/01/2020,10:58:11,100,100.7,200,106.85,200,0,17600
ULTRACEMCO30Jan204200PE.NFO,07/01/2020,10:58:16,100,100.7,200,110.15,200,0,17600
ULTRACEMCO30Jan204200PE.NFO,07/01/2020,10:58:21,100,102.75,200,110.4,200,0,17600
ULTRACEMCO30Jan204200PE.NFO,07/01/2020,10:58:32,100,102.75,200,110.35,600,0,17600
ULTRACEMCO30Jan204200PE.NFO,07/01/2020,10:58:38,100,102.75,200,110.15,200,0,17600
ULTRACEMCO30Jan204200PE.NFO,07/01/2020,10:58:43,100,102.75,200,110.35,200,0,17600
ULTRACEMCO30Jan204200PE.NFO,07/01/2020,10:58:55,100,102.75,200,109.35,200,0,17600
ULTRACEMCO30Jan204200PE.NFO,07/01/2020,10:59:00,100,102.75,200,108.3,200,0,17600
ULTRACEMCO30Jan204200PE.NFO,07/01/2020,10:59:45,100,101.45,200,107.25,200,0,17600
ULTRACEMCO30Jan204200PE.NFO,07/01/2020,10:59:46,100,101.45,200,107.9,400,0,17600
ULTRACEMCO30Jan204200PE.NFO,07/01/2020,10:59:47,100,101.45,200,107.7,200,0,17600
ULTRACEMCO30Jan204200PE.NFO,07/01/2020,11:00:03,100,100.35,200,107.65,400,0,17600
ULTRACEMCO30Jan204200PE.NFO,07/01/2020,11:00:05,100,100.35,200,107.3,400,0,17600
ULTRACEMCO30Jan204200PE.NFO,07/01/2020,11:00:06,100,100.35,200,106.95,400,0,17600
ULTRACEMCO30Jan204200PE.NFO,07/01/2020,11:00:07,100,100.35,200,106.45,400,0,17600
ULTRACEMCO30Jan204200PE.NFO,07/01/2020,11:00:08,100,100.35,200,106.1,400,0,17600
ULTRACEMCO30Jan204200PE.NFO,07/01/2020,11:00:09,100,100.35,200,105.85,400,0,17600
ULTRACEMCO30Jan204200PE.NFO,07/01/2020,11:00:10,100,100.35,200,105.6,400,0,17600
ULTRACEMCO30Jan204200PE.NFO,07/01/2020,11:00:11,100,100.35,200,105.4,200,0,17600
ULTRACEMCO30Jan204200PE.NFO,07/01/2020,11:00:18,100,100.35,200,107.1,200,0,17600
ULTRACEMCO30Jan204200PE.NFO,07/01/2020,11:00:24,100,100.85,200,107.1,200,0,17600
ULTRACEMCO30Jan204200PE.NFO,07/01/2020,11:01:07,100,100.85,200,108.85,200,0,17600
ULTRACEMCO30Jan204200PE.NFO,07/01/2020,11:01:14,100,100.85,200,106.75,200,0,17600
ULTRACEMCO30Jan204200PE.NFO,07/01/2020,11:01:22,100,102.05,200,109,400,0,17600
ULTRACEMCO30Jan204200PE.NFO,07/01/2020,11:01:29,100,102.05,200,109.3,200,0,17600
ULTRACEMCO30Jan204200PE.NFO,07/01/2020,11:01:36,100,102.05,200,109.1,200,0,17600
ULTRACEMCO30Jan204200PE.NFO,07/01/2020,11:01:44,100,102.05,200,108.9,200,0,17600
ULTRACEMCO30Jan204200PE.NFO,07/01/2020,11:01:52,100,102.05,200,109.3,200,0,17600
ULTRACEMCO30Jan204200PE.NFO,07/01/2020,11:02:07,109.3,104.15,200,115.6,600,200,17400
ULTRACEMCO30Jan204200PE.NFO,07/01/2020,11:02:07,109.3,104.15,200,115.6,600,0,17400
ULTRACEMCO30Jan204200PE.NFO,07/01/2020,11:02:14,109.3,104.6,200,113.55,200,0,17400
ULTRACEMCO30Jan204200PE.NFO,07/01/2020,11:02:20,109.3,104.6,200,113.25,200,0,17400
ULTRACEMCO30Jan204200PE.NFO,07/01/2020,11:02:27,109.3,104.6,800,113.55,200,0,17400
ULTRACEMCO30Jan204200PE.NFO,07/01/2020,11:02:34,109.3,103.1,200,112.3,200,0,17400
ULTRACEMCO30Jan204200PE.NFO,07/01/2020,11:02:41,109.3,103.1,200,112.65,200,0,17400
ULTRACEMCO30Jan204200PE.NFO,07/01/2020,11:02:53,109.3,103.4,200,112.65,200,0,17400
ULTRACEMCO30Jan204200PE.NFO,07/01/2020,11:03:00,109.3,103.4,800,112.65,200,0,17400
ULTRACEMCO30Jan204200PE.NFO,07/01/2020,11:03:07,109.3,103.5,800,112.9,200,0,17400
ULTRACEMCO30Jan204200PE.NFO,07/01/2020,11:03:13,109.3,103.6,200,112.4,600,0,17400
ULTRACEMCO30Jan204200PE.NFO,07/01/2020,11:03:20,109.3,103.85,800,112.85,200,0,17400
ULTRACEMCO30Jan204200PE.NFO,07/01/2020,11:03:26,109.3,104.3,200,113.9,200,0,17400
ULTRACEMCO30Jan204200PE.NFO,07/01/2020,11:03:32,109.3,104.3,800,113.9,200,0,17400
ULTRACEMCO30Jan204200PE.NFO,07/01/2020,11:03:45,109.3,105.25,200,113.25,800,0,17400
ULTRACEMCO30Jan204200PE.NFO,07/01/2020,11:03:52,109.3,105.25,200,113.25,200,0,17400
ULTRACEMCO30Jan204200PE.NFO,07/01/2020,11:04:05,109.3,106.3,200,112.45,200,0,17400
ULTRACEMCO30Jan204200PE.NFO,07/01/2020,11:04:19,113.2,107.85,200,120.15,400,200,17400
ULTRACEMCO30Jan204200PE.NFO,07/01/2020,11:04:19,113.2,107.85,200,120.15,400,0,17400
ULTRACEMCO30Jan204200PE.NFO,07/01/2020,11:04:25,113.2,110.55,200,119.25,400,0,17400
ULTRACEMCO30Jan204200PE.NFO,07/01/2020,11:04:31,113.2,109.55,200,118.1,400,0,17400
ULTRACEMCO30Jan204200PE.NFO,07/01/2020,11:04:38,113.2,110,800,117.1,200,0,17400
ULTRACEMCO30Jan204200PE.NFO,07/01/2020,11:04:45,113.2,110,200,117.1,200,0,17400
ULTRACEMCO30Jan204200PE.NFO,07/01/2020,11:04:59,113.2,110,800,117.15,200,0,17400
ULTRACEMCO30Jan204200PE.NFO,07/01/2020,11:05:12,113.2,110,800,116.25,200,0,17400
ULTRACEMCO30Jan204200PE.NFO,07/01/2020,11:05:19,113.2,109.65,200,116.05,200,0,17400
ULTRACEMCO30Jan204200PE.NFO,07/01/2020,11:05:32,113.2,109.1,200,116.2,200,0,17400
ULTRACEMCO30Jan204200PE.NFO,07/01/2020,11:05:39,113.2,109.1,800,116.2,200,0,17400
ULTRACEMCO30Jan204200PE.NFO,07/01/2020,11:05:52,113.2,109.1,200,116.2,200,0,17400
ULTRACEMCO30Jan204200PE.NFO,07/01/2020,11:05:59,113.2,107,200,116.2,200,0,17400
ULTRACEMCO30Jan204200PE.NFO,07/01/2020,11:06:13,113.2,107,200,114.15,200,0,17400
ULTRACEMCO30Jan204200PE.NFO,07/01/2020,11:06:19,113.2,107,200,114.45,200,0,17400
ULTRACEMCO30Jan204200PE.NFO,07/01/2020,11:06:37,113.2,107,200,114.6,600,0,17400
ULTRACEMCO30Jan204200PE.NFO,07/01/2020,11:06:42,113.2,107,200,114.65,200,0,17400
ULTRACEMCO30Jan204200PE.NFO,07/01/2020,11:06:48,113.2,107,200,115.65,200,0,17400
ULTRACEMCO30Jan204200PE.NFO,07/01/2020,11:07:25,113.2,107,200,115.8,200,0,17400
ULTRACEMCO30Jan204200PE.NFO,07/01/2020,11:07:46,113.2,107,200,113.65,600,0,17400
ULTRACEMCO30Jan204200PE.NFO,07/01/2020,11:07:51,113.2,107,200,114.15,200,0,17400
ULTRACEMCO30Jan204200PE.NFO,07/01/2020,11:08:45,106.95,107.05,200,112.8,200,400,17400
ULTRACEMCO30Jan204200PE.NFO,07/01/2020,11:08:50,106.95,107.05,200,112.55,200,0,17400
ULTRACEMCO30Jan204200PE.NFO,07/01/2020,11:08:54,106.95,107.05,200,110,200,0,17400
ULTRACEMCO30Jan204200PE.NFO,07/01/2020,11:09:03,106.95,107.05,200,109.6,200,0,17400
ULTRACEMCO30Jan204200PE.NFO,07/01/2020,11:09:12,106.95,106.55,200,109.8,200,0,17400
ULTRACEMCO30Jan204200PE.NFO,07/01/2020,11:09:48,106.95,106.55,200,111.75,1200,0,17400
ULTRACEMCO30Jan204200PE.NFO,07/01/2020,11:09:52,106.95,106.55,200,110.75,200,0,17400
ULTRACEMCO30Jan204200PE.NFO,07/01/2020,11:09:56,106.95,106.55,200,110.05,200,0,17400
ULTRACEMCO30Jan204200PE.NFO,07/01/2020,11:10:05,106.95,106.55,200,109.8,200,0,17400
ULTRACEMCO30Jan204200PE.NFO,07/01/2020,11:10:10,106.95,106.55,200,110,200,0,17400
ULTRACEMCO30Jan204200PE.NFO,07/01/2020,11:10:15,106.95,106.55,200,109.9,200,0,17400
ULTRACEMCO30Jan204200PE.NFO,07/01/2020,11:10:25,106.95,106.6,200,109.9,200,0,17400
ULTRACEMCO30Jan204200PE.NFO,07/01/2020,11:10:29,106.95,106.6,200,110.75,200,0,17400
ULTRACEMCO30Jan204200PE.NFO,07/01/2020,11:10:32,106.95,106.6,200,110.55,200,0,17400
ULTRACEMCO30Jan204200PE.NFO,07/01/2020,11:10:36,106.95,106.6,800,110.25,200,0,17400
ULTRACEMCO30Jan204200PE.NFO,07/01/2020,11:10:39,106.95,106.6,200,111,200,0,17400
ULTRACEMCO30Jan204200PE.NFO,07/01/2020,11:10:43,106.95,106.6,800,110.5,200,0,17400
ULTRACEMCO30Jan204200PE.NFO,07/01/2020,11:10:46,106.95,106.6,800,110.3,200,0,17400
ULTRACEMCO30Jan204200PE.NFO,07/01/2020,11:10:50,106.95,106.6,800,112.55,400,0,17400
ULTRACEMCO30Jan204200PE.NFO,07/01/2020,11:10:53,106.95,106.6,200,109,200,0,17400
ULTRACEMCO30Jan204200PE.NFO,07/01/2020,11:10:57,106.95,106.6,800,109,200,0,17400
ULTRACEMCO30Jan204200PE.NFO,07/01/2020,11:11:14,109,106.85,200,113.2,200,200,17400
ULTRACEMCO30Jan204200PE.NFO,07/01/2020,11:11:22,109,106.85,200,113.4,200,0,17400
ULTRACEMCO30Jan204200PE.NFO,07/01/2020,11:11:30,109,108.65,200,114.5,200,0,17400
ULTRACEMCO30Jan204200PE.NFO,07/01/2020,11:11:38,109,110.5,800,114.8,200,0,17400
ULTRACEMCO30Jan204200PE.NFO,07/01/2020,11:11:45,109,111.05,200,114.8,200,0,17400
ULTRACEMCO30Jan204200PE.NFO,07/01/2020,11:11:51,109,111,200,113.65,200,0,17400
ULTRACEMCO30Jan204200PE.NFO,07/01/2020,11:11:57,109,111,200,114.75,400,0,17400
ULTRACEMCO30Jan204200PE.NFO,07/01/2020,11:12:06,109,111.05,200,114.75,200,0,17400
ULTRACEMCO30Jan204200PE.NFO,07/01/2020,11:12:14,109,111,200,113.9,200,0,17400
ULTRACEMCO30Jan204200PE.NFO,07/01/2020,11:12:21,109,111,200,113.6,200,0,17400
ULTRACEMCO30Jan204200PE.NFO,07/01/2020,11:12:26,109,111,200,114.25,400,0,17400
ULTRACEMCO30Jan204200PE.NFO,07/01/2020,11:12:32,109,111,200,113.65,200,0,17400
ULTRACEMCO30Jan204200PE.NFO,07/01/2020,11:12:38,109,111,200,113.45,200,0,17400
ULTRACEMCO30Jan204200PE.NFO,07/01/2020,11:12:54,109,111,200,113.8,400,0,17400
ULTRACEMCO30Jan204200PE.NFO,07/01/2020,11:12:59,109,111,200,113.1,200,0,17400
ULTRACEMCO30Jan204200PE.NFO,07/01/2020,11:13:26,109,111,200,114.45,400,0,17400
ULTRACEMCO30Jan204200PE.NFO,07/01/2020,11:13:31,109,111,200,113.45,200,0,17400
ULTRACEMCO30Jan204200PE.NFO,07/01/2020,11:13:38,109,111,200,114.75,400,0,17400
ULTRACEMCO30Jan204200PE.NFO,07/01/2020,11:13:43,109,111,200,113.35,200,0,17400
ULTRACEMCO30Jan204200PE.NFO,07/01/2020,11:13:50,111,107.9,200,113.5,200,200,17400
ULTRACEMCO30Jan204200PE.NFO,07/01/2020,11:13:55,111,109,200,114.05,400,0,17400
ULTRACEMCO30Jan204200PE.NFO,07/01/2020,11:14:00,111,109,200,112.45,200,0,17400
ULTRACEMCO30Jan204200PE.NFO,07/01/2020,11:14:05,111,109,200,112.5,200,0,17400
ULTRACEMCO30Jan204200PE.NFO,07/01/2020,11:14:10,111,107.65,200,111,200,0,17400
ULTRACEMCO30Jan204200PE.NFO,07/01/2020,11:14:15,111,106.35,600,111,200,0,17400
ULTRACEMCO30Jan204200PE.NFO,07/01/2020,11:14:21,111,107.85,800,111,200,0,17400
ULTRACEMCO30Jan204200PE.NFO,07/01/2020,11:14:26,111,107.9,200,111,200,0,17400
ULTRACEMCO30Jan204200PE.NFO,07/01/2020,11:14:35,111,107.9,200,110.9,200,0,17400
ULTRACEMCO30Jan204200PE.NFO,07/01/2020,11:15:12,111,107.65,200,111,400,0,17400
ULTRACEMCO30Jan204200PE.NFO,07/01/2020,11:15:18,111,108.2,200,110.9,200,0,17400
ULTRACEMCO30Jan204200PE.NFO,07/01/2020,11:15:24,111,107.95,200,110.85,200,0,17400
ULTRACEMCO30Jan204200PE.NFO,07/01/2020,11:15:29,111,107.95,200,111,200,0,17400
ULTRACEMCO30Jan204200PE.NFO,07/01/2020,11:15:34,111,108.7,200,111,200,0,17400
ULTRACEMCO30Jan204200PE.NFO,07/01/2020,11:15:39,111,108.65,600,111,200,0,17400
ULTRACEMCO30Jan204200PE.NFO,07/01/2020,11:16:01,111,108.7,200,111,200,0,17400
ULTRACEMCO30Jan204200PE.NFO,07/01/2020,11:16:07,111,109.7,200,111,200,0,17400
ULTRACEMCO30Jan204200PE.NFO,07/01/2020,11:16:13,111,109.45,200,113,200,200,17200
ULTRACEMCO30Jan204200PE.NFO,07/01/2020,11:16:19,111,109.45,200,113,200,0,17200
ULTRACEMCO30Jan204200PE.NFO,07/01/2020,11:16:36,111,109.1,200,113,200,0,17200
ULTRACEMCO30Jan204200PE.NFO,07/01/2020,11:16:41,111,107.95,400,112.7,200,0,17200
ULTRACEMCO30Jan204200PE.NFO,07/01/2020,11:16:46,111,108.8,200,114.45,200,0,17200
ULTRACEMCO30Jan204200PE.NFO,07/01/2020,11:17:07,111,109,200,114.45,200,0,17200
ULTRACEMCO30Jan204200PE.NFO,07/01/2020,11:17:12,111,109,800,114.45,200,0,17200
ULTRACEMCO30Jan204200PE.NFO,07/01/2020,11:17:18,111,109,200,114.45,200,0,17200
ULTRACEMCO30Jan204200PE.NFO,07/01/2020,11:17:24,111,109,800,114.45,200,0,17200
ULTRACEMCO30Jan204200PE.NFO,07/01/2020,11:17:29,111,109.1,200,114.45,200,0,17200
ULTRACEMCO30Jan204200PE.NFO,07/01/2020,11:17:40,111,108.05,200,114.05,200,0,17200
ULTRACEMCO30Jan204200PE.NFO,07/01/2020,11:17:47,111,108.6,200,113.95,200,0,17200
ULTRACEMCO30Jan204200PE.NFO,07/01/2020,11:17:57,111,108.6,800,113.95,200,0,17200
ULTRACEMCO30Jan204200PE.NFO,07/01/2020,11:18:06,111,108.6,200,113.95,200,0,17200
ULTRACEMCO30Jan204200PE.NFO,07/01/2020,11:18:41,111,108.6,200,113.4,400,0,17200
ULTRACEMCO30Jan204200PE.NFO,07/01/2020,11:18:49,111,108.65,600,113.4,200,0,17200
ULTRACEMCO30Jan204200PE.NFO,07/01/2020,11:18:55,111,108.2,600,113.4,200,0,17200
ULTRACEMCO30Jan204200PE.NFO,07/01/2020,11:19:01,111,108.65,200,113.4,200,0,17200
ULTRACEMCO30Jan204200PE.NFO,07/01/2020,11:19:07,111,108.65,600,113.3,200,0,17200
ULTRACEMCO30Jan204200PE.NFO,07/01/2020,11:19:12,111,108.6,600,113.3,200,0,17200
ULTRACEMCO30Jan204200PE.NFO,07/01/2020,11:19:19,111,108.85,200,113.8,200,0,17200
ULTRACEMCO30Jan204200PE.NFO,07/01/2020,11:19:28,111,109.15,200,114.8,200,0,17200
ULTRACEMCO30Jan204200PE.NFO,07/01/2020,11:19:35,111,109.15,800,114.8,200,0,17200
ULTRACEMCO30Jan204200PE.NFO,07/01/2020,11:19:40,111,109.15,200,114.8,200,0,17200
ULTRACEMCO30Jan204200PE.NFO,07/01/2020,11:19:46,111,109.15,800,114.8,200,0,17200
ULTRACEMCO30Jan204200PE.NFO,07/01/2020,11:19:59,111,109.15,800,114.5,200,0,17200
ULTRACEMCO30Jan204200PE.NFO,07/01/2020,11:20:26,111,109.15,200,114.5,200,0,17200
ULTRACEMCO30Jan204200PE.NFO,07/01/2020,11:20:32,111,109.15,800,114.5,200,0,17200
ULTRACEMCO30Jan204200PE.NFO,07/01/2020,11:20:37,111,108,800,114.1,200,0,17200
ULTRACEMCO30Jan204200PE.NFO,07/01/2020,11:20:43,111,108.4,200,114.1,200,0,17200
ULTRACEMCO30Jan204200PE.NFO,07/01/2020,11:20:48,111,108.6,800,113.5,200,0,17200
ULTRACEMCO30Jan204200PE.NFO,07/01/2020,11:20:54,111,108.45,600,113.4,200,0,17200
ULTRACEMCO30Jan204200PE.NFO,07/01/2020,11:21:00,111,108.45,600,113.3,200,0,17200
ULTRACEMCO30Jan204200PE.NFO,07/01/2020,11:21:05,111,108.4,600,113.3,200,0,17200
ULTRACEMCO30Jan204200PE.NFO,07/01/2020,11:21:10,111,108.35,600,113.3,200,0,17200
ULTRACEMCO30Jan204200PE.NFO,07/01/2020,11:21:28,111,108.7,1000,113.3,200,0,17200
ULTRACEMCO30Jan204200PE.NFO,07/01/2020,11:21:39,111,108.75,200,113.3,200,0,17200
ULTRACEMCO30Jan204200PE.NFO,07/01/2020,11:21:44,111,108.5,200,113.3,200,0,17200
ULTRACEMCO30Jan204200PE.NFO,07/01/2020,11:21:49,111,108.75,600,113.3,200,0,17200
ULTRACEMCO30Jan204200PE.NFO,07/01/2020,11:21:58,111,108.45,600,113.2,200,0,17200
ULTRACEMCO30Jan204200PE.NFO,07/01/2020,11:22:07,111,108.85,200,113.2,200,0,17200
ULTRACEMCO30Jan204200PE.NFO,07/01/2020,11:22:57,111,108.85,800,113.2,200,0,17200
ULTRACEMCO30Jan204200PE.NFO,07/01/2020,11:23:11,111,108.85,800,113.7,200,0,17200
ULTRACEMCO30Jan204200PE.NFO,07/01/2020,11:23:16,111,108.85,800,114,200,0,17200
ULTRACEMCO30Jan204200PE.NFO,07/01/2020,11:23:35,111,108.85,200,114,200,0,17200
ULTRACEMCO30Jan204200PE.NFO,07/01/2020,11:23:40,111,108.8,600,113,200,0,17200
ULTRACEMCO30Jan204200PE.NFO,07/01/2020,11:23:52,111,108.55,200,113,200,0,17200
ULTRACEMCO30Jan204200PE.NFO,07/01/2020,11:23:56,111,106.6,200,113,200,0,17200
ULTRACEMCO30Jan204200PE.NFO,07/01/2020,11:24:06,111,107.4,800,112.9,200,0,17200
ULTRACEMCO30Jan204200PE.NFO,07/01/2020,11:24:16,111,108.25,200,112.9,200,0,17200
ULTRACEMCO30Jan204200PE.NFO,07/01/2020,11:24:20,111,108.25,800,112.9,200,0,17200
ULTRACEMCO30Jan204200PE.NFO,07/01/2020,11:24:25,111,107.8,200,112.9,200,0,17200
ULTRACEMCO30Jan204200PE.NFO,07/01/2020,11:24:44,111,106.85,800,112.9,200,0,17200
ULTRACEMCO30Jan204200PE.NFO,07/01/2020,11:24:53,111,107.45,200,112.9,200,0,17200
ULTRACEMCO30Jan204200PE.NFO,07/01/2020,11:25:07,111,107.45,800,112.9,200,0,17200
ULTRACEMCO30Jan204200PE.NFO,07/01/2020,11:25:20,111,107.45,200,112.9,200,0,17200
ULTRACEMCO30Jan204200PE.NFO,07/01/2020,11:26:01,111,105.95,600,112.9,200,0,17200
ULTRACEMCO30Jan204200PE.NFO,07/01/2020,11:26:05,111,105.95,1000,112.9,800,0,17200
ULTRACEMCO30Jan204200PE.NFO,07/01/2020,11:26:13,111,105.95,800,112.9,800,0,17200
ULTRACEMCO30Jan204200PE.NFO,07/01/2020,11:26:25,111,105.95,200,112.9,800,0,17200
ULTRACEMCO30Jan204200PE.NFO,07/01/2020,11:26:59,111,106.45,200,112.9,800,0,17200
ULTRACEMCO30Jan204200PE.NFO,07/01/2020,11:27:06,111,106.45,200,112.9,200,0,17200
ULTRACEMCO30Jan204200PE.NFO,07/01/2020,11:27:29,111,107.05,200,112.9,800,0,17200
ULTRACEMCO30Jan204200PE.NFO,07/01/2020,11:27:55,111,105.95,200,112.9,800,0,17200
ULTRACEMCO30Jan204200PE.NFO,07/01/2020,11:31:55,111,104.4,200,112.9,800,0,17200
ULTRACEMCO30Jan204200PE.NFO,07/01/2020,11:32:32,111,104.4,800,112.9,800,0,17200
ULTRACEMCO30Jan204200PE.NFO,07/01/2020,11:32:37,111,104.4,200,112.9,800,0,17200
ULTRACEMCO30Jan204200PE.NFO,07/01/2020,11:32:42,111,105.9,200,112.9,800,0,17200
ULTRACEMCO30Jan204200PE.NFO,07/01/2020,11:33:32,111,104.7,200,112.9,800,0,17200
ULTRACEMCO30Jan204200PE.NFO,07/01/2020,11:34:31,111,104.7,200,110.7,200,0,17200
ULTRACEMCO30Jan204200PE.NFO,07/01/2020,11:34:38,111,104.7,200,111,200,0,17200
ULTRACEMCO30Jan204200PE.NFO,07/01/2020,11:34:44,111,104.7,200,111,800,0,17200
ULTRACEMCO30Jan204200PE.NFO,07/01/2020,11:34:50,111,104.7,200,111.5,200,0,17200
ULTRACEMCO30Jan204200PE.NFO,07/01/2020,11:34:56,111,104.7,200,111.35,200,0,17200
ULTRACEMCO30Jan204200PE.NFO,07/01/2020,11:35:02,111,104.7,200,111.35,800,0,17200
ULTRACEMCO30Jan204200PE.NFO,07/01/2020,11:35:14,111,104.7,200,111.35,200,0,17200
ULTRACEMCO30Jan204200PE.NFO,07/01/2020,11:35:32,111,102.65,200,111.35,200,0,17200
ULTRACEMCO30Jan204200PE.NFO,07/01/2020,11:35:51,111,104.85,200,111.35,200,0,17200
ULTRACEMCO30Jan204200PE.NFO,07/01/2020,11:35:56,111,104.45,200,111.35,200,0,17200
ULTRACEMCO30Jan204200PE.NFO,07/01/2020,11:36:01,111,106.35,200,112.35,200,0,17200
ULTRACEMCO30Jan204200PE.NFO,07/01/2020,11:36:10,111,104.2,200,112.35,200,0,17200
ULTRACEMCO30Jan204200PE.NFO,07/01/2020,11:36:15,111,106.45,200,112.35,200,0,17200
ULTRACEMCO30Jan204200PE.NFO,07/01/2020,11:36:20,111,106.6,200,112.35,200,0,17200
ULTRACEMCO30Jan204200PE.NFO,07/01/2020,11:36:47,111,106.5,200,113.3,200,0,17200
ULTRACEMCO30Jan204200PE.NFO,07/01/2020,11:36:53,111,107,200,113.3,200,0,17200
ULTRACEMCO30Jan204200PE.NFO,07/01/2020,11:37:06,111,107.5,200,113.3,200,0,17200
ULTRACEMCO30Jan204200PE.NFO,07/01/2020,11:37:13,111,106.45,200,113.3,200,0,17200
ULTRACEMCO30Jan204200PE.NFO,07/01/2020,11:37:15,111,106.45,800,113.2,200,0,17200
ULTRACEMCO30Jan204200PE.NFO,07/01/2020,11:37:16,111,106.65,200,113.2,200,0,17200
ULTRACEMCO30Jan204200PE.NFO,07/01/2020,11:37:21,111,106.65,200,112.8,200,0,17200
ULTRACEMCO30Jan204200PE.NFO,07/01/2020,11:37:22,111,106.65,200,112.75,200,0,17200
ULTRACEMCO30Jan204200PE.NFO,07/01/2020,11:37:23,111,106.65,200,113.3,200,0,17200
ULTRACEMCO30Jan204200PE.NFO,07/01/2020,11:37:24,111,106.65,200,113.2,200,0,17200
ULTRACEMCO30Jan204200PE.NFO,07/01/2020,11:37:30,111,106.65,200,112.8,200,0,17200
ULTRACEMCO30Jan204200PE.NFO,07/01/2020,11:37:31,111,106.65,800,112.8,200,0,17200
ULTRACEMCO30Jan204200PE.NFO,07/01/2020,11:37:32,111,106.65,200,112.8,200,0,17200
ULTRACEMCO30Jan204200PE.NFO,07/01/2020,11:37:34,111,106.65,800,112.8,200,0,17200
ULTRACEMCO30Jan204200PE.NFO,07/01/2020,11:37:37,111,106.65,200,112.8,200,0,17200
ULTRACEMCO30Jan204200PE.NFO,07/01/2020,11:37:38,111,106.65,200,112.7,200,0,17200
ULTRACEMCO30Jan204200PE.NFO,07/01/2020,11:37:47,111,106.65,200,112.7,800,0,17200
ULTRACEMCO30Jan204200PE.NFO,07/01/2020,11:37:48,111,106.65,200,112.7,200,0,17200
ULTRACEMCO30Jan204200PE.NFO,07/01/2020,11:37:50,111,106.65,200,112.7,800,0,17200
ULTRACEMCO30Jan204200PE.NFO,07/01/2020,11:38:29,111,107.15,200,112.7,200,0,17200
ULTRACEMCO30Jan204200PE.NFO,07/01/2020,11:38:43,111,107.15,200,112.7,800,0,17200
ULTRACEMCO30Jan204200PE.NFO,07/01/2020,11:38:55,111,107.95,200,112.8,600,0,17200
ULTRACEMCO30Jan204200PE.NFO,07/01/2020,11:38:58,111,107.8,200,112.8,200,0,17200
ULTRACEMCO30Jan204200PE.NFO,07/01/2020,11:39:20,111,107.8,200,113.45,200,0,17200
ULTRACEMCO30Jan204200PE.NFO,07/01/2020,11:39:21,111,108.2,200,113.45,200,0,17200
ULTRACEMCO30Jan204200PE.NFO,07/01/2020,11:39:22,111,108.2,200,114.9,400,0,17200
ULTRACEMCO30Jan204200PE.NFO,07/01/2020,11:39:24,111,108.2,200,114.8,400,0,17200
ULTRACEMCO30Jan204200PE.NFO,07/01/2020,11:39:25,111,108.2,800,114.8,200,0,17200
ULTRACEMCO30Jan204200PE.NFO,07/01/2020,11:39:26,111,108.2,200,114.8,200,0,17200
ULTRACEMCO30Jan204200PE.NFO,07/01/2020,11:39:28,111,108.2,800,114.3,200,0,17200
ULTRACEMCO30Jan204200PE.NFO,07/01/2020,11:39:29,111,108.2,800,114.75,200,0,17200
ULTRACEMCO30Jan204200PE.NFO,07/01/2020,11:39:30,111,108.2,800,114.3,600,0,17200
ULTRACEMCO30Jan204200PE.NFO,07/01/2020,11:39:31,111,108.2,800,114.35,600,0,17200
ULTRACEMCO30Jan204200PE.NFO,07/01/2020,11:39:35,111,108.2,800,114.25,200,0,17200
ULTRACEMCO30Jan204200PE.NFO,07/01/2020,11:39:35,111,108.2,800,114.35,200,0,17200
ULTRACEMCO30Jan204200PE.NFO,07/01/2020,11:39:37,111,108.2,200,114.35,200,0,17200
ULTRACEMCO30Jan204200PE.NFO,07/01/2020,11:39:41,111,108.2,200,114.25,200,0,17200
ULTRACEMCO30Jan204200PE.NFO,07/01/2020,11:39:44,111,108.2,200,114.1,200,0,17200
ULTRACEMCO30Jan204200PE.NFO,07/01/2020,11:39:45,111,108.2,800,114.1,200,0,17200
ULTRACEMCO30Jan204200PE.NFO,07/01/2020,11:39:48,111,108.2,200,114.1,200,0,17200
ULTRACEMCO30Jan204200PE.NFO,07/01/2020,11:39:50,111,108.2,200,114.35,200,0,17200
ULTRACEMCO30Jan204200PE.NFO,07/01/2020,11:39:51,111,108.2,200,114.3,600,0,17200
ULTRACEMCO30Jan204200PE.NFO,07/01/2020,11:39:52,111,108.2,200,114.35,200,0,17200
ULTRACEMCO30Jan204200PE.NFO,07/01/2020,11:39:55,111,108.2,200,114.25,200,0,17200
ULTRACEMCO30Jan204200PE.NFO,07/01/2020,11:39:58,111,108.2,200,113.75,200,0,17200
ULTRACEMCO30Jan204200PE.NFO,07/01/2020,11:39:59,111,108.2,200,113.7,200,0,17200
ULTRACEMCO30Jan204200PE.NFO,07/01/2020,11:40:00,111,108.2,200,113.65,200,0,17200
ULTRACEMCO30Jan204200PE.NFO,07/01/2020,11:40:01,111,108.3,200,113.65,200,0,17200
ULTRACEMCO30Jan204200PE.NFO,07/01/2020,11:40:02,111,105.9,400,113.65,200,0,17200
ULTRACEMCO30Jan204200PE.NFO,07/01/2020,11:40:03,111,107.65,200,113.65,200,0,17200
ULTRACEMCO30Jan204200PE.NFO,07/01/2020,11:40:04,111,107.65,200,113.55,200,0,17200
ULTRACEMCO30Jan204200PE.NFO,07/01/2020,11:40:29,111,107.6,200,113.55,800,0,17200
ULTRACEMCO30Jan204200PE.NFO,07/01/2020,11:40:33,111,106.35,400,113.55,800,0,17200
ULTRACEMCO30Jan204200PE.NFO,07/01/2020,11:40:37,111,106.8,200,113.55,800,0,17200
ULTRACEMCO30Jan204200PE.NFO,07/01/2020,11:40:45,111,106.8,800,113.55,800,0,17200
ULTRACEMCO30Jan204200PE.NFO,07/01/2020,11:41:05,111,106.8,200,113.55,800,0,17200
ULTRACEMCO30Jan204200PE.NFO,07/01/2020,11:41:35,111,107.35,400,113.55,800,0,17200
ULTRACEMCO30Jan204200PE.NFO,07/01/2020,11:41:44,111,107.3,200,113.55,800,0,17200
ULTRACEMCO30Jan204200PE.NFO,07/01/2020,11:41:47,111,107.65,200,113.55,800,0,17200
ULTRACEMCO30Jan204200PE.NFO,07/01/2020,11:41:51,111,107.6,200,113.55,800,0,17200
ULTRACEMCO30Jan204200PE.NFO,07/01/2020,11:41:53,111,107.65,200,113.55,800,0,17200
ULTRACEMCO30Jan204200PE.NFO,07/01/2020,11:42:01,111,107.7,200,113.55,800,0,17200
ULTRACEMCO30Jan204200PE.NFO,07/01/2020,11:42:05,111,107.35,400,113.55,800,0,17200
ULTRACEMCO30Jan204200PE.NFO,07/01/2020,11:42:53,111,105,400,113.55,800,0,17200
ULTRACEMCO30Jan204200PE.NFO,07/01/2020,11:42:57,111,106.45,200,113.55,800,0,17200
ULTRACEMCO30Jan204200PE.NFO,07/01/2020,11:44:06,111,106.45,800,113.55,800,0,17200
ULTRACEMCO30Jan204200PE.NFO,07/01/2020,11:44:09,111,106.65,200,113.55,800,0,17200
ULTRACEMCO30Jan204200PE.NFO,07/01/2020,11:44:26,111,106.85,200,113.55,800,0,17200
ULTRACEMCO30Jan204200PE.NFO,07/01/2020,11:44:43,111,106.95,200,113.55,800,0,17200
ULTRACEMCO30Jan204200PE.NFO,07/01/2020,11:44:57,111,107.4,200,113.55,800,0,17200
ULTRACEMCO30Jan204200PE.NFO,07/01/2020,11:46:06,111,105.9,200,113.55,800,0,17200
ULTRACEMCO30Jan204200PE.NFO,07/01/2020,11:47:53,111,106.15,400,113.45,200,0,17200
ULTRACEMCO30Jan204200PE.NFO,07/01/2020,11:47:57,111,107.1,200,113.45,200,0,17200
ULTRACEMCO30Jan204200PE.NFO,07/01/2020,11:48:13,111,107.3,200,113.45,200,0,17200
ULTRACEMCO30Jan204200PE.NFO,07/01/2020,11:48:19,111,106.4,200,113.15,200,0,17200
ULTRACEMCO30Jan204200PE.NFO,07/01/2020,11:48:24,111,108.1,200,113.05,200,0,17200
ULTRACEMCO30Jan204200PE.NFO,07/01/2020,11:48:28,111,107.95,200,113.05,800,0,17200
ULTRACEMCO30Jan204200PE.NFO,07/01/2020,11:48:40,111,108.65,400,113.05,200,0,17200
ULTRACEMCO30Jan204200PE.NFO,07/01/2020,11:48:48,111,108.65,200,113.4,200,0,17200
ULTRACEMCO30Jan204200PE.NFO,07/01/2020,11:48:56,111,107.35,200,113.4,200,0,17200
ULTRACEMCO30Jan204200PE.NFO,07/01/2020,11:49:09,113.4,109.9,200,113.7,200,200,17400
ULTRACEMCO30Jan204200PE.NFO,07/01/2020,11:49:09,113.4,109.9,200,113.7,200,0,17400
ULTRACEMCO30Jan204200PE.NFO,07/01/2020,11:49:11,113.4,110,200,114.95,200,0,17400
ULTRACEMCO30Jan204200PE.NFO,07/01/2020,11:49:12,113.4,109.95,200,114.95,200,0,17400
ULTRACEMCO30Jan204200PE.NFO,07/01/2020,11:49:14,113.4,109.95,200,114.95,800,0,17400
ULTRACEMCO30Jan204200PE.NFO,07/01/2020,11:49:33,113.4,107.35,200,114.95,800,0,17400
ULTRACEMCO30Jan204200PE.NFO,07/01/2020,11:49:35,113.4,108.25,200,114.95,800,0,17400
ULTRACEMCO30Jan204200PE.NFO,07/01/2020,11:49:36,113.4,108.5,200,114.95,800,0,17400
ULTRACEMCO30Jan204200PE.NFO,07/01/2020,11:49:37,113.4,108.55,200,114.95,800,0,17400
ULTRACEMCO30Jan204200PE.NFO,07/01/2020,11:49:46,113.4,108.55,800,114.95,800,0,17400
ULTRACEMCO30Jan204200PE.NFO,07/01/2020,11:50:02,113.4,108.55,200,114.95,800,0,17400
ULTRACEMCO30Jan204200PE.NFO,07/01/2020,11:50:27,113.4,109.55,200,114.95,200,0,17400
ULTRACEMCO30Jan204200PE.NFO,07/01/2020,11:50:32,113.4,108.5,200,114.75,600,0,17400
ULTRACEMCO30Jan204200PE.NFO,07/01/2020,11:50:37,113.4,109.4,200,114.75,600,0,17400
ULTRACEMCO30Jan204200PE.NFO,07/01/2020,11:50:42,113.4,108.45,800,114.55,200,0,17400
ULTRACEMCO30Jan204200PE.NFO,07/01/2020,11:50:45,113.4,108.45,200,114.55,200,0,17400
ULTRACEMCO30Jan204200PE.NFO,07/01/2020,11:50:58,113.4,108.45,800,114.55,200,0,17400
ULTRACEMCO30Jan204200PE.NFO,07/01/2020,11:51:02,113.4,108.45,200,114.55,200,0,17400
ULTRACEMCO30Jan204200PE.NFO,07/01/2020,11:51:17,113.4,107.45,200,114.75,200,0,17400
ULTRACEMCO30Jan204200PE.NFO,07/01/2020,11:51:21,113.4,106.45,200,114.75,200,0,17400
ULTRACEMCO30Jan204200PE.NFO,07/01/2020,11:51:41,113.4,106.45,200,112.9,200,0,17400
ULTRACEMCO30Jan204200PE.NFO,07/01/2020,11:51:50,113.4,106.45,200,113.15,200,0,17400
ULTRACEMCO30Jan204200PE.NFO,07/01/2020,11:52:43,113.4,106.45,200,113.8,200,0,17400
ULTRACEMCO30Jan204200PE.NFO,07/01/2020,11:56:05,113.4,106.45,200,114.6,200,0,17400
ULTRACEMCO30Jan204200PE.NFO,07/01/2020,11:57:57,113.4,105.85,200,114.6,200,0,17400
ULTRACEMCO30Jan204200PE.NFO,07/01/2020,11:58:01,113.4,105.85,800,114.6,200,0,17400
ULTRACEMCO30Jan204200PE.NFO,07/01/2020,11:58:18,113.4,105.85,200,114.6,200,0,17400
ULTRACEMCO30Jan204200PE.NFO,07/01/2020,11:58:21,113.4,105.85,800,114.6,200,0,17400
ULTRACEMCO30Jan204200PE.NFO,07/01/2020,11:58:33,113.4,105.85,200,114.6,200,0,17400
ULTRACEMCO30Jan204200PE.NFO,07/01/2020,11:58:49,113.4,105.85,800,114.6,200,0,17400
ULTRACEMCO30Jan204200PE.NFO,07/01/2020,11:58:53,113.4,105.85,200,114.6,200,0,17400
ULTRACEMCO30Jan204200PE.NFO,07/01/2020,11:58:59,113.4,105.85,200,112.5,200,0,17400
ULTRACEMCO30Jan204200PE.NFO,07/01/2020,11:59:03,113.4,105.85,800,112.5,200,0,17400
ULTRACEMCO30Jan204200PE.NFO,07/01/2020,11:59:52,113.4,105.85,800,113.45,200,0,17400
ULTRACEMCO30Jan204200PE.NFO,07/01/2020,12:02:31,113.4,105.85,200,113.45,200,0,17400
ULTRACEMCO30Jan204200PE.NFO,07/01/2020,12:03:12,113.4,105.85,200,111.9,200,0,17400
ULTRACEMCO30Jan204200PE.NFO,07/01/2020,12:03:18,113.4,105.85,200,111.65,200,0,17400
ULTRACEMCO30Jan204200PE.NFO,07/01/2020,12:03:24,113.4,105.85,800,111.65,200,0,17400
ULTRACEMCO30Jan204200PE.NFO,07/01/2020,12:03:35,113.4,105.85,200,111.65,200,0,17400
ULTRACEMCO30Jan204200PE.NFO,07/01/2020,12:03:44,113.4,105.85,200,111.95,800,0,17400
ULTRACEMCO30Jan204200PE.NFO,07/01/2020,12:03:51,113.4,105.85,200,111.95,200,0,17400
ULTRACEMCO30Jan204200PE.NFO,07/01/2020,12:03:58,113.4,105.85,200,111.95,800,0,17400
ULTRACEMCO30Jan204200PE.NFO,07/01/2020,12:04:15,113.4,105.85,200,111.95,200,0,17400
ULTRACEMCO30Jan204200PE.NFO,07/01/2020,12:04:42,113.4,105.85,800,112.9,200,0,17400
ULTRACEMCO30Jan204200PE.NFO,07/01/2020,12:04:45,113.4,105.85,800,113.3,600,0,17400
ULTRACEMCO30Jan204200PE.NFO,07/01/2020,12:04:47,113.4,105.85,800,113.1,200,0,17400
ULTRACEMCO30Jan204200PE.NFO,07/01/2020,12:05:16,113.4,105.85,800,113.4,200,0,17400
ULTRACEMCO30Jan204200PE.NFO,07/01/2020,12:05:19,113.4,107,200,113.9,200,0,17400
ULTRACEMCO30Jan204200PE.NFO,07/01/2020,12:05:57,113.4,107.65,200,114.75,200,0,17400
ULTRACEMCO30Jan204200PE.NFO,07/01/2020,12:06:10,113.4,107.65,200,114.45,200,0,17400
ULTRACEMCO30Jan204200PE.NFO,07/01/2020,12:06:46,113.4,107.65,200,114.7,200,0,17400
ULTRACEMCO30Jan204200PE.NFO,07/01/2020,12:06:50,113.4,109,200,114.7,200,0,17400
ULTRACEMCO30Jan204200PE.NFO,07/01/2020,12:06:52,113.4,107.7,400,114.7,800,0,17400
ULTRACEMCO30Jan204200PE.NFO,07/01/2020,12:07:04,113.4,107.7,400,114.5,200,0,17400
ULTRACEMCO30Jan204200PE.NFO,07/01/2020,12:07:17,113.4,107.7,200,114.5,200,0,17400
ULTRACEMCO30Jan204200PE.NFO,07/01/2020,12:07:20,113.4,107.8,200,112.4,200,0,17400
ULTRACEMCO30Jan204200PE.NFO,07/01/2020,12:07:22,113.4,108,200,112.4,200,0,17400
ULTRACEMCO30Jan204200PE.NFO,07/01/2020,12:07:36,113.4,106.8,200,112.4,200,0,17400
ULTRACEMCO30Jan204200PE.NFO,07/01/2020,12:07:39,108,106.9,200,112.1,200,200,17600
ULTRACEMCO30Jan204200PE.NFO,07/01/2020,12:07:42,108,106.9,200,111.9,200,0,17600
ULTRACEMCO30Jan204200PE.NFO,07/01/2020,12:07:54,108,104.5,200,111.6,200,0,17600
ULTRACEMCO30Jan204200PE.NFO,07/01/2020,12:08:01,108,105.25,800,110.85,200,0,17600
ULTRACEMCO30Jan204200PE.NFO,07/01/2020,12:08:04,108,105.35,200,110.95,200,0,17600
ULTRACEMCO30Jan204200PE.NFO,07/01/2020,12:08:07,108,105.35,200,108.95,200,0,17600
ULTRACEMCO30Jan204200PE.NFO,07/01/2020,12:08:11,108,105.2,200,108.95,200,0,17600
ULTRACEMCO30Jan204200PE.NFO,07/01/2020,12:08:16,108,103.65,200,108.95,200,0,17600
ULTRACEMCO30Jan204200PE.NFO,07/01/2020,12:08:23,108,104.7,200,108.95,200,0,17600
ULTRACEMCO30Jan204200PE.NFO,07/01/2020,12:08:28,108,104.75,400,108.95,200,0,17600
ULTRACEMCO30Jan204200PE.NFO,07/01/2020,12:08:38,108,104.75,1000,108.95,200,0,17600
ULTRACEMCO30Jan204200PE.NFO,07/01/2020,12:08:41,108,102.5,200,108.45,200,0,17600
ULTRACEMCO30Jan204200PE.NFO,07/01/2020,12:08:44,108,103.5,200,108.75,200,0,17600
ULTRACEMCO30Jan204200PE.NFO,07/01/2020,12:08:48,108,103.75,200,108.75,200,0,17600
ULTRACEMCO30Jan204200PE.NFO,07/01/2020,12:08:55,108,103.55,200,108.75,400,0,17600
ULTRACEMCO30Jan204200PE.NFO,07/01/2020,12:08:59,108,103.65,200,108.75,200,0,17600
ULTRACEMCO30Jan204200PE.NFO,07/01/2020,12:09:27,108,103.65,200,108.7,600,0,17600
ULTRACEMCO30Jan204200PE.NFO,07/01/2020,12:09:28,108,103.65,200,108.5,200,0,17600
ULTRACEMCO30Jan204200PE.NFO,07/01/2020,12:09:50,108,103.65,200,108.75,200,0,17600
ULTRACEMCO30Jan204200PE.NFO,07/01/2020,12:09:51,108,103.75,600,108.75,200,0,17600
ULTRACEMCO30Jan204200PE.NFO,07/01/2020,12:09:55,108,103.75,600,108.7,600,0,17600
ULTRACEMCO30Jan204200PE.NFO,07/01/2020,12:09:56,108,103.75,600,108.5,200,0,17600
ULTRACEMCO30Jan204200PE.NFO,07/01/2020,12:10:02,108,103.75,200,108.5,200,0,17600
ULTRACEMCO30Jan204200PE.NFO,07/01/2020,12:10:15,108,103.75,800,108.5,200,0,17600
ULTRACEMCO30Jan204200PE.NFO,07/01/2020,12:10:37,108,103.75,800,108.75,200,0,17600
ULTRACEMCO30Jan204200PE.NFO,07/01/2020,12:10:46,108,103.75,200,108.75,200,0,17600
ULTRACEMCO30Jan204200PE.NFO,07/01/2020,12:11:36,108,103.75,800,108.75,200,0,17600
ULTRACEMCO30Jan204200PE.NFO,07/01/2020,12:11:40,108,103.8,200,108.75,200,0,17600
ULTRACEMCO30Jan204200PE.NFO,07/01/2020,12:12:41,108,104.65,200,108.95,200,0,17600
ULTRACEMCO30Jan204200PE.NFO,07/01/2020,12:12:44,108,105,200,108.95,200,0,17600
ULTRACEMCO30Jan204200PE.NFO,07/01/2020,12:13:02,108,105.65,200,108.95,200,0,17600
ULTRACEMCO30Jan204200PE.NFO,07/01/2020,12:13:06,108,105.7,200,108.95,200,0,17600
ULTRACEMCO30Jan204200PE.NFO,07/01/2020,12:13:30,108,105.7,200,110.05,200,0,17600
ULTRACEMCO30Jan204200PE.NFO,07/01/2020,12:13:39,108,105.7,200,110.05,800,0,17600
ULTRACEMCO30Jan204200PE.NFO,07/01/2020,12:13:43,108,103.95,200,110.05,800,0,17600
ULTRACEMCO30Jan204200PE.NFO,07/01/2020,12:13:48,108,103.95,200,110.05,200,0,17600
ULTRACEMCO30Jan204200PE.NFO,07/01/2020,12:14:00,108,105,200,111.5,400,0,17600
ULTRACEMCO30Jan204200PE.NFO,07/01/2020,12:14:06,108,105.1,200,110.7,200,0,17600
ULTRACEMCO30Jan204200PE.NFO,07/01/2020,12:14:12,108,105.4,200,111.9,400,0,17600
ULTRACEMCO30Jan204200PE.NFO,07/01/2020,12:14:17,108,105.4,200,110.5,200,0,17600
ULTRACEMCO30Jan204200PE.NFO,07/01/2020,12:14:41,105.4,103.65,600,110.7,200,200,17600
ULTRACEMCO30Jan204200PE.NFO,07/01/2020,12:14:44,105.4,103.65,600,110.2,200,0,17600
ULTRACEMCO30Jan204200PE.NFO,07/01/2020,12:15:29,105.4,103.6,600,110.2,200,0,17600
ULTRACEMCO30Jan204200PE.NFO,07/01/2020,12:15:32,105.4,103.55,600,110.2,200,0,17600
ULTRACEMCO30Jan204200PE.NFO,07/01/2020,12:15:36,105.4,103.45,600,110.05,200,0,17600
ULTRACEMCO30Jan204200PE.NFO,07/01/2020,12:15:40,105.4,103.35,600,110.05,200,0,17600
ULTRACEMCO30Jan204200PE.NFO,07/01/2020,12:15:44,105.4,102.85,600,110.05,200,0,17600
ULTRACEMCO30Jan204200PE.NFO,07/01/2020,12:15:47,105.4,102.85,600,109.8,200,0,17600
ULTRACEMCO30Jan204200PE.NFO,07/01/2020,12:16:19,106.6,103.55,600,109.85,200,200,17400
ULTRACEMCO30Jan204200PE.NFO,07/01/2020,12:16:22,106.6,103.45,200,109.85,200,0,17400
ULTRACEMCO30Jan204200PE.NFO,07/01/2020,12:16:25,106.6,103.75,200,109.85,200,0,17400
ULTRACEMCO30Jan204200PE.NFO,07/01/2020,12:16:42,106.6,103.75,800,109.85,200,0,17400
ULTRACEMCO30Jan204200PE.NFO,07/01/2020,12:16:48,106.6,103.75,200,109.85,200,0,17400
ULTRACEMCO30Jan204200PE.NFO,07/01/2020,12:16:51,106.6,103.75,800,109.85,200,0,17400
ULTRACEMCO30Jan204200PE.NFO,07/01/2020,12:17:26,106.6,103.75,200,109.6,200,0,17400
ULTRACEMCO30Jan204200PE.NFO,07/01/2020,12:19:20,106.6,103.75,800,109.6,200,0,17400
ULTRACEMCO30Jan204200PE.NFO,07/01/2020,12:19:23,106.6,103.85,200,109.4,200,0,17400
ULTRACEMCO30Jan204200PE.NFO,07/01/2020,12:19:33,106.6,103.85,800,109.4,200,0,17400
ULTRACEMCO30Jan204200PE.NFO,07/01/2020,12:19:43,106.6,103.85,200,109.4,200,0,17400
ULTRACEMCO30Jan204200PE.NFO,07/01/2020,12:20:11,106.6,103.85,200,109.65,200,0,17400
ULTRACEMCO30Jan204200PE.NFO,07/01/2020,12:21:58,106.6,103.85,200,110.5,200,0,17400
ULTRACEMCO30Jan204200PE.NFO,07/01/2020,12:22:54,106.6,104.15,800,110.5,200,0,17400
ULTRACEMCO30Jan204200PE.NFO,07/01/2020,12:23:19,106.6,104.15,200,110.25,200,0,17400
ULTRACEMCO30Jan204200PE.NFO,07/01/2020,12:23:35,106.6,104.15,800,110.25,200,0,17400
ULTRACEMCO30Jan204200PE.NFO,07/01/2020,12:23:44,106.6,104.15,800,110,200,0,17400
ULTRACEMCO30Jan204200PE.NFO,07/01/2020,12:23:47,106.6,104.15,800,110,800,0,17400
ULTRACEMCO30Jan204200PE.NFO,07/01/2020,12:23:49,106.6,104.15,800,110,200,0,17400
ULTRACEMCO30Jan204200PE.NFO,07/01/2020,12:23:56,106.6,104.15,800,110,800,0,17400
ULTRACEMCO30Jan204200PE.NFO,07/01/2020,12:24:02,106.6,104.15,800,110,200,0,17400
ULTRACEMCO30Jan204200PE.NFO,07/01/2020,12:24:16,106.6,104.15,200,109.8,200,0,17400
ULTRACEMCO30Jan204200PE.NFO,07/01/2020,12:25:46,106.6,104.15,200,109.8,400,0,17400
ULTRACEMCO30Jan204200PE.NFO,07/01/2020,12:25:59,106.6,104.15,200,109.8,200,0,17400
ULTRACEMCO30Jan204200PE.NFO,07/01/2020,12:26:45,106.6,104.15,200,110.7,200,0,17400
ULTRACEMCO30Jan204200PE.NFO,07/01/2020,12:26:47,106.6,104.15,200,110.45,200,0,17400
ULTRACEMCO30Jan204200PE.NFO,07/01/2020,12:28:09,106.6,104.45,200,111.15,200,0,17400
ULTRACEMCO30Jan204200PE.NFO,07/01/2020,12:28:50,106.6,105,200,112.4,200,0,17400
ULTRACEMCO30Jan204200PE.NFO,07/01/2020,12:29:01,106.6,106.75,800,113.4,200,0,17400
ULTRACEMCO30Jan204200PE.NFO,07/01/2020,12:29:12,106.6,107,200,113.4,200,0,17400
ULTRACEMCO30Jan204200PE.NFO,07/01/2020,12:29:16,106.6,107.1,200,113.4,200,0,17400
ULTRACEMCO30Jan204200PE.NFO,07/01/2020,12:29:49,106.6,108.2,200,113.4,200,0,17400
ULTRACEMCO30Jan204200PE.NFO,07/01/2020,12:30:03,106.6,108.2,200,114.55,200,0,17400
ULTRACEMCO30Jan204200PE.NFO,07/01/2020,12:30:09,106.6,108.9,200,114.55,200,0,17400
ULTRACEMCO30Jan204200PE.NFO,07/01/2020,12:30:14,106.6,109.55,200,114.95,200,0,17400
ULTRACEMCO30Jan204200PE.NFO,07/01/2020,12:30:39,106.6,108.4,200,114.55,200,0,17400
ULTRACEMCO30Jan204200PE.NFO,07/01/2020,12:30:43,106.6,107.75,200,113.8,200,0,17400
ULTRACEMCO30Jan204200PE.NFO,07/01/2020,12:30:54,106.6,106.75,800,112.65,200,0,17400
ULTRACEMCO30Jan204200PE.NFO,07/01/2020,12:30:59,106.6,107.45,200,112.65,200,0,17400
ULTRACEMCO30Jan204200PE.NFO,07/01/2020,12:31:04,106.6,107.4,200,112.65,200,0,17400
ULTRACEMCO30Jan204200PE.NFO,07/01/2020,12:31:09,106.6,107.35,600,112.65,200,0,17400
ULTRACEMCO30Jan204200PE.NFO,07/01/2020,12:31:30,106.6,107.4,200,112.65,200,0,17400
ULTRACEMCO30Jan204200PE.NFO,07/01/2020,12:31:41,106.6,107.4,200,114.15,200,0,17400
ULTRACEMCO30Jan204200PE.NFO,07/01/2020,12:32:38,106.6,108.75,600,114.15,200,0,17400
ULTRACEMCO30Jan204200PE.NFO,07/01/2020,12:32:56,106.6,108.25,200,114.15,200,0,17400
ULTRACEMCO30Jan204200PE.NFO,07/01/2020,12:33:51,106.6,108.25,800,114.15,200,0,17400
ULTRACEMCO30Jan204200PE.NFO,07/01/2020,12:33:59,106.6,108.25,600,114.15,200,0,17400
ULTRACEMCO30Jan204200PE.NFO,07/01/2020,12:34:03,106.6,108.25,600,113.75,200,0,17400
ULTRACEMCO30Jan204200PE.NFO,07/01/2020,12:34:07,106.6,108.3,200,113.75,200,0,17400
ULTRACEMCO30Jan204200PE.NFO,07/01/2020,12:34:11,106.6,108.6,200,113.75,200,0,17400
ULTRACEMCO30Jan204200PE.NFO,07/01/2020,12:34:34,106.6,107.8,200,113.75,200,0,17400
ULTRACEMCO30Jan204200PE.NFO,07/01/2020,12:34:40,106.6,105.5,200,113.05,200,0,17400
ULTRACEMCO30Jan204200PE.NFO,07/01/2020,12:34:44,106.6,107.1,200,113.05,200,0,17400
ULTRACEMCO30Jan204200PE.NFO,07/01/2020,12:36:48,106.6,106.75,200,112.5,400,0,17400
ULTRACEMCO30Jan204200PE.NFO,07/01/2020,12:36:54,106.6,106.75,200,114,200,0,17400
ULTRACEMCO30Jan204200PE.NFO,07/01/2020,12:36:57,106.6,106.75,200,113.85,200,0,17400
ULTRACEMCO30Jan204200PE.NFO,07/01/2020,12:37:41,106.6,106.75,200,113.05,200,0,17400
ULTRACEMCO30Jan204200PE.NFO,07/01/2020,12:37:51,106.6,105.75,200,111.2,200,0,17400
ULTRACEMCO30Jan204200PE.NFO,07/01/2020,12:38:35,106.6,105.75,200,111.9,600,0,17400
ULTRACEMCO30Jan204200PE.NFO,07/01/2020,12:38:39,106.6,105.75,200,111.8,600,0,17400
ULTRACEMCO30Jan204200PE.NFO,07/01/2020,12:38:46,106.6,105.75,200,111.7,200,0,17400
ULTRACEMCO30Jan204200PE.NFO,07/01/2020,12:38:51,106.6,105.75,200,111.65,200,0,17400
ULTRACEMCO30Jan204200PE.NFO,07/01/2020,12:38:55,106.6,105.75,200,111.55,200,0,17400
ULTRACEMCO30Jan204200PE.NFO,07/01/2020,12:39:00,106.6,105.3,200,111.1,200,0,17400
ULTRACEMCO30Jan204200PE.NFO,07/01/2020,12:39:04,106.6,105.3,200,111.65,200,0,17400
ULTRACEMCO30Jan204200PE.NFO,07/01/2020,12:39:07,106.6,105.3,200,111.45,200,0,17400
ULTRACEMCO30Jan204200PE.NFO,07/01/2020,12:39:11,106.6,105.3,200,111.25,200,0,17400
ULTRACEMCO30Jan204200PE.NFO,07/01/2020,12:39:15,106.6,105.45,200,111.15,200,0,17400
ULTRACEMCO30Jan204200PE.NFO,07/01/2020,12:39:23,106.6,105.45,200,111.25,200,0,17400
ULTRACEMCO30Jan204200PE.NFO,07/01/2020,12:39:49,106.6,105.45,200,111.2,200,0,17400
ULTRACEMCO30Jan204200PE.NFO,07/01/2020,12:39:53,106.6,105.45,200,111.4,200,0,17400
ULTRACEMCO30Jan204200PE.NFO,07/01/2020,12:40:08,106.6,105.45,200,111.05,400,0,17400
ULTRACEMCO30Jan204200PE.NFO,07/01/2020,12:40:11,106.6,105.45,200,110.65,400,0,17400
ULTRACEMCO30Jan204200PE.NFO,07/01/2020,12:40:23,106.6,103,200,110.3,200,0,17400
ULTRACEMCO30Jan204200PE.NFO,07/01/2020,12:40:26,106.6,103.5,200,110.3,200,0,17400
ULTRACEMCO30Jan204200PE.NFO,07/01/2020,12:40:49,106.6,103.5,200,110.25,400,0,17400
ULTRACEMCO30Jan204200PE.NFO,07/01/2020,12:40:53,106.6,103.5,200,110.65,200,0,17400
ULTRACEMCO30Jan204200PE.NFO,07/01/2020,12:40:57,106.6,103.5,200,110.55,200,0,17400
ULTRACEMCO30Jan204200PE.NFO,07/01/2020,12:41:05,106.6,103.5,200,110.35,200,0,17400
ULTRACEMCO30Jan204200PE.NFO,07/01/2020,12:42:53,106.6,103.5,200,110.25,600,0,17400
ULTRACEMCO30Jan204200PE.NFO,07/01/2020,12:43:03,106.6,104.35,600,110.25,200,0,17400
ULTRACEMCO30Jan204200PE.NFO,07/01/2020,12:43:06,106.6,104.1,600,110.1,200,0,17400
ULTRACEMCO30Jan204200PE.NFO,07/01/2020,12:43:08,106.6,104.1,600,110.2,200,0,17400
ULTRACEMCO30Jan204200PE.NFO,07/01/2020,12:43:09,106.6,104.1,600,110.25,200,0,17400
ULTRACEMCO30Jan204200PE.NFO,07/01/2020,12:43:11,106.6,104.15,200,110.35,200,0,17400
ULTRACEMCO30Jan204200PE.NFO,07/01/2020,12:43:15,106.6,104.15,200,110.25,200,0,17400
ULTRACEMCO30Jan204200PE.NFO,07/01/2020,12:43:17,106.6,104.15,200,110.2,200,0,17400
ULTRACEMCO30Jan204200PE.NFO,07/01/2020,12:43:19,106.6,104.15,200,110.05,200,0,17400
ULTRACEMCO30Jan204200PE.NFO,07/01/2020,12:43:20,106.6,104.3,200,110.2,200,0,17400
ULTRACEMCO30Jan204200PE.NFO,07/01/2020,12:43:36,106.6,104.3,800,109.9,200,0,17400
ULTRACEMCO30Jan204200PE.NFO,07/01/2020,12:43:36,106.6,104.3,200,109.9,200,0,17400
ULTRACEMCO30Jan204200PE.NFO,07/01/2020,12:43:37,106.6,104.3,800,109.9,200,0,17400
ULTRACEMCO30Jan204200PE.NFO,07/01/2020,12:43:42,106.6,104.3,200,109.9,200,0,17400
ULTRACEMCO30Jan204200PE.NFO,07/01/2020,12:43:53,106.6,104.3,200,110.2,200,0,17400
ULTRACEMCO30Jan204200PE.NFO,07/01/2020,12:44:00,106.6,104.3,200,110.15,200,0,17400
ULTRACEMCO30Jan204200PE.NFO,07/01/2020,12:44:01,106.6,104.3,200,110.2,200,0,17400
ULTRACEMCO30Jan204200PE.NFO,07/01/2020,12:44:03,106.6,104.3,200,110.1,200,0,17400
ULTRACEMCO30Jan204200PE.NFO,07/01/2020,12:44:05,106.6,104.3,200,110.2,200,0,17400
ULTRACEMCO30Jan204200PE.NFO,07/01/2020,12:44:05,106.6,104.1,600,109.7,200,0,17400
ULTRACEMCO30Jan204200PE.NFO,07/01/2020,12:44:07,106.6,104.15,200,110.5,200,0,17400
ULTRACEMCO30Jan204200PE.NFO,07/01/2020,12:45:54,106.6,104.15,200,109.75,400,0,17400
ULTRACEMCO30Jan204200PE.NFO,07/01/2020,12:45:57,106.6,104.15,200,109.7,200,0,17400
ULTRACEMCO30Jan204200PE.NFO,07/01/2020,12:46:08,106.6,104.15,200,109.7,400,0,17400
ULTRACEMCO30Jan204200PE.NFO,07/01/2020,12:46:36,106.6,104.15,800,109,200,0,17400
ULTRACEMCO30Jan204200PE.NFO,07/01/2020,12:46:39,106.6,104.15,600,109,200,0,17400
ULTRACEMCO30Jan204200PE.NFO,07/01/2020,12:46:43,106.6,104.1,200,109.55,200,0,17400
ULTRACEMCO30Jan204200PE.NFO,07/01/2020,12:46:50,106.6,103.9,200,109.25,200,0,17400
ULTRACEMCO30Jan204200PE.NFO,07/01/2020,12:46:54,106.6,103.9,200,109.35,200,0,17400
ULTRACEMCO30Jan204200PE.NFO,07/01/2020,12:46:58,106.6,103.9,200,109.55,200,0,17400
ULTRACEMCO30Jan204200PE.NFO,07/01/2020,12:47:01,106.6,103.9,200,109.45,400,0,17400
ULTRACEMCO30Jan204200PE.NFO,07/01/2020,12:47:06,106.6,103.7,200,109.45,200,0,17400
ULTRACEMCO30Jan204200PE.NFO,07/01/2020,12:47:12,106.6,103.7,200,109.45,400,0,17400
ULTRACEMCO30Jan204200PE.NFO,07/01/2020,12:47:13,106.6,103.7,200,109.45,200,0,17400
ULTRACEMCO30Jan204200PE.NFO,07/01/2020,12:47:23,106.6,103,200,108.95,400,0,17400
ULTRACEMCO30Jan204200PE.NFO,07/01/2020,12:47:24,106.6,103,200,108.9,200,0,17400
ULTRACEMCO30Jan204200PE.NFO,07/01/2020,12:47:25,106.6,103,200,108.75,200,0,17400
ULTRACEMCO30Jan204200PE.NFO,07/01/2020,12:47:27,106.6,103,200,108.75,400,0,17400
ULTRACEMCO30Jan204200PE.NFO,07/01/2020,12:47:54,106.6,102.85,400,108.7,400,0,17400
ULTRACEMCO30Jan204200PE.NFO,07/01/2020,12:47:55,106.6,102.5,600,108.7,400,0,17400
ULTRACEMCO30Jan204200PE.NFO,07/01/2020,12:47:56,106.6,102.55,200,108.7,400,0,17400
ULTRACEMCO30Jan204200PE.NFO,07/01/2020,12:48:02,106.6,102.55,800,108.7,400,0,17400
ULTRACEMCO30Jan204200PE.NFO,07/01/2020,12:48:05,106.6,102.55,200,108.7,400,0,17400
ULTRACEMCO30Jan204200PE.NFO,07/01/2020,12:48:07,106.6,102.55,800,108.7,400,0,17400
ULTRACEMCO30Jan204200PE.NFO,07/01/2020,12:48:08,106.6,102.55,200,108.7,400,0,17400
ULTRACEMCO30Jan204200PE.NFO,07/01/2020,12:48:10,106.6,102.55,800,108.7,400,0,17400
ULTRACEMCO30Jan204200PE.NFO,07/01/2020,12:48:48,106.6,102.55,200,108.7,400,0,17400
ULTRACEMCO30Jan204200PE.NFO,07/01/2020,12:49:37,106.6,102.95,200,108.6,200,0,17400
ULTRACEMCO30Jan204200PE.NFO,07/01/2020,12:49:40,106.6,102.95,200,108.2,200,0,17400
ULTRACEMCO30Jan204200PE.NFO,07/01/2020,12:49:47,106.6,102.95,200,108.25,400,0,17400
ULTRACEMCO30Jan204200PE.NFO,07/01/2020,12:49:55,106.6,102.95,200,108.05,200,0,17400
ULTRACEMCO30Jan204200PE.NFO,07/01/2020,12:49:57,106.6,102.95,200,107.55,200,0,17400
ULTRACEMCO30Jan204200PE.NFO,07/01/2020,12:50:03,106.6,102.85,200,107.95,200,0,17400
ULTRACEMCO30Jan204200PE.NFO,07/01/2020,12:50:06,106.6,103,800,107.55,200,0,17400
ULTRACEMCO30Jan204200PE.NFO,07/01/2020,12:50:08,106.6,103.05,200,107.55,200,0,17400
ULTRACEMCO30Jan204200PE.NFO,07/01/2020,12:50:11,106.6,103.05,800,108.2,400,0,17400
ULTRACEMCO30Jan204200PE.NFO,07/01/2020,12:50:14,106.6,102.65,600,107.65,400,0,17400
ULTRACEMCO30Jan204200PE.NFO,07/01/2020,12:50:16,106.6,102.65,600,107.45,200,0,17400
ULTRACEMCO30Jan204200PE.NFO,07/01/2020,12:50:19,106.6,100.9,600,107.2,200,0,17400
ULTRACEMCO30Jan204200PE.NFO,07/01/2020,12:50:24,106.6,101.25,600,107.2,200,0,17400
ULTRACEMCO30Jan204200PE.NFO,07/01/2020,12:50:28,106.6,101.7,200,107.55,200,0,17400
ULTRACEMCO30Jan204200PE.NFO,07/01/2020,12:50:32,106.6,102.8,200,108.6,200,0,17400
ULTRACEMCO30Jan204200PE.NFO,07/01/2020,12:50:36,106.6,102.8,200,107.8,200,0,17400
ULTRACEMCO30Jan204200PE.NFO,07/01/2020,12:50:42,106.6,101.9,200,107,200,0,17400
ULTRACEMCO30Jan204200PE.NFO,07/01/2020,12:50:45,106.6,101.55,600,106.45,200,0,17400
ULTRACEMCO30Jan204200PE.NFO,07/01/2020,12:50:47,106.6,101.6,200,106.25,200,0,17400
ULTRACEMCO30Jan204200PE.NFO,07/01/2020,12:50:52,106.6,101.6,200,108.6,200,0,17400
ULTRACEMCO30Jan204200PE.NFO,07/01/2020,12:50:55,106.6,100.2,200,106.15,200,0,17400
ULTRACEMCO30Jan204200PE.NFO,07/01/2020,12:50:58,106.6,100.35,800,105.4,200,0,17400
ULTRACEMCO30Jan204200PE.NFO,07/01/2020,12:51:01,106.6,100.4,200,105.2,200,0,17400
ULTRACEMCO30Jan204200PE.NFO,07/01/2020,12:51:04,106.6,100.35,600,105.05,200,0,17400
ULTRACEMCO30Jan204200PE.NFO,07/01/2020,12:51:08,106.6,100.55,600,105.45,400,0,17400
ULTRACEMCO30Jan204200PE.NFO,07/01/2020,12:51:11,106.6,100.55,600,105.25,200,0,17400
ULTRACEMCO30Jan204200PE.NFO,07/01/2020,12:51:14,106.6,100.55,600,105.25,400,0,17400
ULTRACEMCO30Jan204200PE.NFO,07/01/2020,12:51:15,106.6,100.65,200,105.25,200,0,17400
ULTRACEMCO30Jan204200PE.NFO,07/01/2020,12:51:15,106.6,100.45,600,105.25,400,0,17400
ULTRACEMCO30Jan204200PE.NFO,07/01/2020,12:51:18,106.6,100.45,600,105.2,200,0,17400
ULTRACEMCO30Jan204200PE.NFO,07/01/2020,12:51:18,106.6,100.45,600,105,200,0,17400
ULTRACEMCO30Jan204200PE.NFO,07/01/2020,12:51:19,106.6,100.5,200,105,200,0,17400
ULTRACEMCO30Jan204200PE.NFO,07/01/2020,12:51:20,106.6,100.5,400,105,200,0,17400
ULTRACEMCO30Jan204200PE.NFO,07/01/2020,12:51:21,106.6,100.55,200,105.3,200,0,17400
ULTRACEMCO30Jan204200PE.NFO,07/01/2020,12:51:22,106.6,100.5,200,105.1,200,0,17400
ULTRACEMCO30Jan204200PE.NFO,07/01/2020,12:51:26,106.6,100.7,600,105.5,200,0,17400
ULTRACEMCO30Jan204200PE.NFO,07/01/2020,12:51:26,106.6,101,800,105.5,200,0,17400
ULTRACEMCO30Jan204200PE.NFO,07/01/2020,12:51:27,106.6,100.7,200,105.45,400,0,17400
ULTRACEMCO30Jan204200PE.NFO,07/01/2020,12:51:29,106.6,100.7,200,105.45,200,0,17400
ULTRACEMCO30Jan204200PE.NFO,07/01/2020,12:51:29,106.6,100.7,200,105.45,400,0,17400
ULTRACEMCO30Jan204200PE.NFO,07/01/2020,12:51:31,106.6,101,200,105.45,200,0,17400
ULTRACEMCO30Jan204200PE.NFO,07/01/2020,12:51:32,106.6,101,200,105.75,200,0,17400
ULTRACEMCO30Jan204200PE.NFO,07/01/2020,12:51:33,106.6,101,200,105.45,200,0,17400
ULTRACEMCO30Jan204200PE.NFO,07/01/2020,12:51:35,106.6,101,200,105.5,200,0,17400
ULTRACEMCO30Jan204200PE.NFO,07/01/2020,12:51:35,106.6,101.25,200,105.65,200,0,17400
ULTRACEMCO30Jan204200PE.NFO,07/01/2020,12:51:41,106.6,101.25,200,105.5,200,0,17400
ULTRACEMCO30Jan204200PE.NFO,07/01/2020,12:51:43,106.6,101.35,200,105.55,200,0,17400
ULTRACEMCO30Jan204200PE.NFO,07/01/2020,12:51:44,106.6,101.95,200,106.2,200,0,17400
ULTRACEMCO30Jan204200PE.NFO,07/01/2020,12:51:45,106.6,101.3,200,105.85,200,0,17400
ULTRACEMCO30Jan204200PE.NFO,07/01/2020,12:51:47,106.6,101.3,200,105.9,200,0,17400
ULTRACEMCO30Jan204200PE.NFO,07/01/2020,12:51:48,106.6,101.3,200,105.95,200,0,17400
ULTRACEMCO30Jan204200PE.NFO,07/01/2020,12:51:49,106.6,101.3,200,106.1,200,0,17400
ULTRACEMCO30Jan204200PE.NFO,07/01/2020,12:51:54,106.6,101.3,200,105.95,200,0,17400
ULTRACEMCO30Jan204200PE.NFO,07/01/2020,12:51:56,106.6,100.55,800,105.7,400,0,17400
ULTRACEMCO30Jan204200PE.NFO,07/01/2020,12:51:59,106.6,101.2,400,105.7,200,0,17400
ULTRACEMCO30Jan204200PE.NFO,07/01/2020,12:51:59,106.6,101.7,200,106.35,200,0,17400
ULTRACEMCO30Jan204200PE.NFO,07/01/2020,12:52:00,106.6,101.75,800,106.3,200,0,17400
ULTRACEMCO30Jan204200PE.NFO,07/01/2020,12:52:02,106.6,101.75,800,106.3,400,0,17400
ULTRACEMCO30Jan204200PE.NFO,07/01/2020,12:52:04,106.6,102.75,200,107.5,200,0,17400
ULTRACEMCO30Jan204200PE.NFO,07/01/2020,12:52:07,106.6,102.75,800,107.75,200,0,17400
ULTRACEMCO30Jan204200PE.NFO,07/01/2020,12:52:09,106.6,103.25,400,107.95,400,0,17400
ULTRACEMCO30Jan204200PE.NFO,07/01/2020,12:52:11,106.6,103.25,200,107.9,200,0,17400
ULTRACEMCO30Jan204200PE.NFO,07/01/2020,12:52:13,106.6,103.25,200,107.95,400,0,17400
ULTRACEMCO30Jan204200PE.NFO,07/01/2020,12:52:18,106.6,103.25,200,107.7,200,0,17400
ULTRACEMCO30Jan204200PE.NFO,07/01/2020,12:52:21,106.6,103.25,200,107.7,400,0,17400
ULTRACEMCO30Jan204200PE.NFO,07/01/2020,12:52:25,106.6,103.25,200,107.6,200,0,17400
ULTRACEMCO30Jan204200PE.NFO,07/01/2020,12:52:38,106.6,103.65,200,107.65,200,0,17400
ULTRACEMCO30Jan204200PE.NFO,07/01/2020,12:52:45,106.6,103.65,200,107.8,200,0,17400
ULTRACEMCO30Jan204200PE.NFO,07/01/2020,12:53:01,106.6,103.65,200,107.9,200,0,17400
ULTRACEMCO30Jan204200PE.NFO,07/01/2020,12:53:08,106.6,103.65,200,107.95,200,0,17400
ULTRACEMCO30Jan204200PE.NFO,07/01/2020,12:53:14,106.6,103.65,200,108.1,200,0,17400
ULTRACEMCO30Jan204200PE.NFO,07/01/2020,12:53:23,106.6,103.65,200,107.9,200,0,17400
ULTRACEMCO30Jan204200PE.NFO,07/01/2020,12:53:26,106.6,102.5,200,107,200,0,17400
ULTRACEMCO30Jan204200PE.NFO,07/01/2020,12:53:28,106.6,102.5,200,109.7,200,0,17400
ULTRACEMCO30Jan204200PE.NFO,07/01/2020,12:53:31,106.6,102.25,600,107.1,200,0,17400
ULTRACEMCO30Jan204200PE.NFO,07/01/2020,12:53:36,106.6,100.95,600,106.65,200,0,17400
ULTRACEMCO30Jan204200PE.NFO,07/01/2020,12:53:38,106.6,101.2,200,105.95,200,0,17400
ULTRACEMCO30Jan204200PE.NFO,07/01/2020,12:53:41,106.6,101.55,800,106,200,0,17400
ULTRACEMCO30Jan204200PE.NFO,07/01/2020,12:53:43,106.6,101.85,200,107.55,200,0,17400
ULTRACEMCO30Jan204200PE.NFO,07/01/2020,12:53:46,106.6,101.85,800,106.65,400,0,17400
ULTRACEMCO30Jan204200PE.NFO,07/01/2020,12:53:48,106.6,101.85,800,106.4,200,0,17400
ULTRACEMCO30Jan204200PE.NFO,07/01/2020,12:53:53,106.6,101.9,200,106.15,200,0,17400
ULTRACEMCO30Jan204200PE.NFO,07/01/2020,12:53:56,106.6,101.8,600,107.35,200,0,17400
ULTRACEMCO30Jan204200PE.NFO,07/01/2020,12:53:59,106.6,101.85,200,106.55,200,0,17400
ULTRACEMCO30Jan204200PE.NFO,07/01/2020,12:54:01,106.6,101.85,200,107.65,200,0,17400
ULTRACEMCO30Jan204200PE.NFO,07/01/2020,12:54:02,106.6,101.85,200,106.65,200,0,17400
ULTRACEMCO30Jan204200PE.NFO,07/01/2020,12:54:04,106.6,102,200,106.7,200,0,17400
ULTRACEMCO30Jan204200PE.NFO,07/01/2020,12:54:06,106.6,102.15,200,106.25,200,0,17400
ULTRACEMCO30Jan204200PE.NFO,07/01/2020,12:54:08,106.6,102.15,200,106.45,200,0,17400
ULTRACEMCO30Jan204200PE.NFO,07/01/2020,12:54:10,106.6,102.15,200,107.55,200,0,17400
ULTRACEMCO30Jan204200PE.NFO,07/01/2020,12:54:13,106.6,102.15,200,106.35,200,0,17400
ULTRACEMCO30Jan204200PE.NFO,07/01/2020,12:54:15,106.6,102.05,600,106.35,200,0,17400
ULTRACEMCO30Jan204200PE.NFO,07/01/2020,12:54:19,106.6,101.9,200,106.3,200,0,17400
ULTRACEMCO30Jan204200PE.NFO,07/01/2020,12:54:22,106.6,101.9,200,108.1,200,0,17400
ULTRACEMCO30Jan204200PE.NFO,07/01/2020,12:54:24,106.6,101.9,200,106.6,200,0,17400
ULTRACEMCO30Jan204200PE.NFO,07/01/2020,12:54:28,106.6,102.75,200,109.05,400,0,17400
ULTRACEMCO30Jan204200PE.NFO,07/01/2020,12:54:33,106.6,102.75,200,107.55,200,0,17400
ULTRACEMCO30Jan204200PE.NFO,07/01/2020,12:54:36,106.6,103.35,200,107.75,200,0,17400
ULTRACEMCO30Jan204200PE.NFO,07/01/2020,12:54:38,106.6,103.05,200,107.8,200,0,17400
ULTRACEMCO30Jan204200PE.NFO,07/01/2020,12:54:41,106.6,103.05,200,107.75,200,0,17400
ULTRACEMCO30Jan204200PE.NFO,07/01/2020,12:54:43,106.6,103.05,200,107.8,200,0,17400
ULTRACEMCO30Jan204200PE.NFO,07/01/2020,12:54:46,106.6,103.05,200,107.75,200,0,17400
ULTRACEMCO30Jan204200PE.NFO,07/01/2020,12:54:49,106.6,103.05,200,107.55,200,0,17400
ULTRACEMCO30Jan204200PE.NFO,07/01/2020,12:54:57,106.6,103.05,200,107.4,200,0,17400
ULTRACEMCO30Jan204200PE.NFO,07/01/2020,12:55:00,106.6,103.05,200,108.65,400,0,17400
