Ticker,Date,Time,LTP,BuyPrice,BuyQty,SellPrice,SellQty,LTQ,OpenInterest
ULTRACEMCO30Jan203900PE.NFO,07/01/2020,09:41:40,16.5,16.15,200,18.95,200,200,20200
ULTRACEMCO30Jan203900PE.NFO,07/01/2020,09:41:40,16.5,16.15,200,18.95,200,0,20200
ULTRACEMCO30Jan203900PE.NFO,07/01/2020,09:41:40,16.5,16.15,200,18.95,200,0,20200
ULTRACEMCO30Jan203900PE.NFO,07/01/2020,09:41:40,16.5,16.15,200,18.95,200,0,20200
ULTRACEMCO30Jan203900PE.NFO,07/01/2020,09:42:06,16.5,16.15,200,18.95,200,0,20200
ULTRACEMCO30Jan203900PE.NFO,07/01/2020,09:43:06,16.5,16.4,200,18.95,200,0,20200
ULTRACEMCO30Jan203900PE.NFO,07/01/2020,09:43:11,16.5,16.4,400,18.95,200,0,20200
ULTRACEMCO30Jan203900PE.NFO,07/01/2020,09:43:42,16.5,16.5,200,18.95,200,0,20200
ULTRACEMCO30Jan203900PE.NFO,07/01/2020,09:44:50,16.5,16.65,400,18.95,200,0,20200
ULTRACEMCO30Jan203900PE.NFO,07/01/2020,09:45:01,16.5,17.3,200,18.95,200,0,20200
ULTRACEMCO30Jan203900PE.NFO,07/01/2020,09:45:06,16.5,17.1,200,18.95,200,0,20200
ULTRACEMCO30Jan203900PE.NFO,07/01/2020,09:45:27,16.5,17,200,18.95,200,0,20200
ULTRACEMCO30Jan203900PE.NFO,07/01/2020,09:45:38,16.5,17.05,200,18.95,200,0,20200
ULTRACEMCO30Jan203900PE.NFO,07/01/2020,09:46:50,16.5,17.25,200,18.95,200,0,20200
ULTRACEMCO30Jan203900PE.NFO,07/01/2020,09:46:55,16.5,17.4,200,18.95,200,0,20200
ULTRACEMCO30Jan203900PE.NFO,07/01/2020,09:47:01,16.5,17.15,200,18.95,200,0,20200
ULTRACEMCO30Jan203900PE.NFO,07/01/2020,09:47:20,16.5,17.3,200,18.95,200,0,20200
ULTRACEMCO30Jan203900PE.NFO,07/01/2020,09:48:15,16.5,17.3,200,19,200,0,20200
ULTRACEMCO30Jan203900PE.NFO,07/01/2020,09:49:42,16.5,17.3,200,18.95,200,0,20200
ULTRACEMCO30Jan203900PE.NFO,07/01/2020,09:50:07,16.5,15.05,200,18.95,200,0,20200
ULTRACEMCO30Jan203900PE.NFO,07/01/2020,09:50:11,16.5,17.35,200,18.95,200,0,20200
ULTRACEMCO30Jan203900PE.NFO,07/01/2020,09:50:54,16.5,18,200,18.95,200,0,20200
ULTRACEMCO30Jan203900PE.NFO,07/01/2020,09:51:10,16.5,18,200,19,200,0,20200
ULTRACEMCO30Jan203900PE.NFO,07/01/2020,09:51:15,16.5,18,200,18.95,200,0,20200
ULTRACEMCO30Jan203900PE.NFO,07/01/2020,09:52:24,16.5,18,200,19,200,0,20200
ULTRACEMCO30Jan203900PE.NFO,07/01/2020,09:53:03,16.5,18.05,200,19,200,0,20200
ULTRACEMCO30Jan203900PE.NFO,07/01/2020,09:53:16,16.5,18.5,200,19,200,0,20200
ULTRACEMCO30Jan203900PE.NFO,07/01/2020,09:53:41,19,18.55,200,23.9,200,200,20000
ULTRACEMCO30Jan203900PE.NFO,07/01/2020,09:53:41,19,18.55,200,23.9,200,0,20000
ULTRACEMCO30Jan203900PE.NFO,07/01/2020,09:53:46,19,18.55,200,23.9,200,0,20000
ULTRACEMCO30Jan203900PE.NFO,07/01/2020,09:55:31,19,18.65,200,23.9,200,0,20000
ULTRACEMCO30Jan203900PE.NFO,07/01/2020,09:55:53,19,18.95,200,23.9,200,0,20000
ULTRACEMCO30Jan203900PE.NFO,07/01/2020,09:56:08,19,19.05,200,23.9,200,0,20000
ULTRACEMCO30Jan203900PE.NFO,07/01/2020,09:57:23,19,19.05,200,23.95,200,0,20000
ULTRACEMCO30Jan203900PE.NFO,07/01/2020,09:57:38,19,19.55,200,23.95,200,0,20000
ULTRACEMCO30Jan203900PE.NFO,07/01/2020,09:57:47,19,19.55,200,23.9,200,0,20000
ULTRACEMCO30Jan203900PE.NFO,07/01/2020,10:01:14,19,19.55,200,31.05,3800,0,20000
ULTRACEMCO30Jan203900PE.NFO,07/01/2020,10:04:16,19.55,15,2200,31.05,3800,200,20000
ULTRACEMCO30Jan203900PE.NFO,07/01/2020,10:04:16,19.55,15,2200,31.05,3800,0,20000
ULTRACEMCO30Jan203900PE.NFO,07/01/2020,10:04:20,19.55,15.05,600,30.75,3800,0,20000
ULTRACEMCO30Jan203900PE.NFO,07/01/2020,10:04:25,19.55,15.05,600,29.4,3800,0,20000
ULTRACEMCO30Jan203900PE.NFO,07/01/2020,10:04:30,19.55,15.05,600,27.2,1800,0,20000
ULTRACEMCO30Jan203900PE.NFO,07/01/2020,10:04:41,19.55,15.05,600,27.1,1800,0,20000
ULTRACEMCO30Jan203900PE.NFO,07/01/2020,10:04:46,19.55,15.05,600,27,1400,0,20000
ULTRACEMCO30Jan203900PE.NFO,07/01/2020,10:04:52,19.55,15.05,600,26.9,1400,0,20000
ULTRACEMCO30Jan203900PE.NFO,07/01/2020,10:04:57,19.55,15.05,600,26.8,1000,0,20000
ULTRACEMCO30Jan203900PE.NFO,07/01/2020,10:05:02,19.55,15.05,600,26.7,1000,0,20000
ULTRACEMCO30Jan203900PE.NFO,07/01/2020,10:05:08,19.55,15.05,600,26.6,600,0,20000
ULTRACEMCO30Jan203900PE.NFO,07/01/2020,10:05:13,19.55,15.05,600,26.4,600,0,20000
ULTRACEMCO30Jan203900PE.NFO,07/01/2020,10:05:18,19.55,15.05,600,26.3,600,0,20000
ULTRACEMCO30Jan203900PE.NFO,07/01/2020,10:05:22,19.55,15.05,600,26.2,600,0,20000
ULTRACEMCO30Jan203900PE.NFO,07/01/2020,10:05:27,19.55,15.05,600,26.1,600,0,20000
ULTRACEMCO30Jan203900PE.NFO,07/01/2020,10:05:39,19.55,15.05,600,26,600,0,20000
ULTRACEMCO30Jan203900PE.NFO,07/01/2020,10:05:45,19.55,15.05,600,25.8,600,0,20000
ULTRACEMCO30Jan203900PE.NFO,07/01/2020,10:05:52,19.55,15.05,600,25.7,600,0,20000
ULTRACEMCO30Jan203900PE.NFO,07/01/2020,10:05:57,19.55,15.05,600,25.6,600,0,20000
ULTRACEMCO30Jan203900PE.NFO,07/01/2020,10:06:03,19.55,15.05,600,25.5,600,0,20000
ULTRACEMCO30Jan203900PE.NFO,07/01/2020,10:06:09,19.55,15.05,600,25.3,600,0,20000
ULTRACEMCO30Jan203900PE.NFO,07/01/2020,10:06:32,19.55,15.05,600,25.2,600,0,20000
ULTRACEMCO30Jan203900PE.NFO,07/01/2020,10:06:38,19.55,15.05,600,25,600,0,20000
ULTRACEMCO30Jan203900PE.NFO,07/01/2020,10:06:42,19.55,15.05,600,24.6,600,0,20000
ULTRACEMCO30Jan203900PE.NFO,07/01/2020,10:06:53,19.55,15.05,600,24.5,600,0,20000
ULTRACEMCO30Jan203900PE.NFO,07/01/2020,10:06:58,19.55,15.05,600,24.3,600,0,20000
ULTRACEMCO30Jan203900PE.NFO,07/01/2020,10:07:02,19.55,15.05,600,24.2,600,0,20000
ULTRACEMCO30Jan203900PE.NFO,07/01/2020,10:07:18,19.55,15.05,600,24.1,600,0,20000
ULTRACEMCO30Jan203900PE.NFO,07/01/2020,10:07:24,19.55,15.05,600,23.9,600,0,20000
ULTRACEMCO30Jan203900PE.NFO,07/01/2020,10:07:49,19.55,15.05,600,23.5,600,0,20000
ULTRACEMCO30Jan203900PE.NFO,07/01/2020,10:07:55,19.55,15.05,600,23.3,600,0,20000
ULTRACEMCO30Jan203900PE.NFO,07/01/2020,10:08:00,19.55,15.05,600,23.2,600,0,20000
ULTRACEMCO30Jan203900PE.NFO,07/01/2020,10:08:05,19.55,15.05,600,23.1,600,0,20000
ULTRACEMCO30Jan203900PE.NFO,07/01/2020,10:08:10,19.55,15.05,600,22.9,600,0,20000
ULTRACEMCO30Jan203900PE.NFO,07/01/2020,10:08:20,19.55,15.05,600,22.8,600,0,20000
ULTRACEMCO30Jan203900PE.NFO,07/01/2020,10:08:26,19.55,15.05,600,22.7,600,0,20000
ULTRACEMCO30Jan203900PE.NFO,07/01/2020,10:08:33,19.55,15.05,600,22.6,600,0,20000
ULTRACEMCO30Jan203900PE.NFO,07/01/2020,10:08:46,19.55,15.05,600,22.5,600,0,20000
ULTRACEMCO30Jan203900PE.NFO,07/01/2020,10:08:52,19.55,15.05,600,22.4,600,0,20000
ULTRACEMCO30Jan203900PE.NFO,07/01/2020,10:08:57,19.55,15.05,600,22.3,600,0,20000
ULTRACEMCO30Jan203900PE.NFO,07/01/2020,10:09:08,19.55,15.05,600,22.2,600,0,20000
ULTRACEMCO30Jan203900PE.NFO,07/01/2020,10:09:13,19.55,15.05,600,21.4,600,0,20000
ULTRACEMCO30Jan203900PE.NFO,07/01/2020,10:09:18,19.55,15.05,600,21.4,400,0,20000
ULTRACEMCO30Jan203900PE.NFO,07/01/2020,10:09:29,19.55,15.05,600,21.4,200,0,20000
ULTRACEMCO30Jan203900PE.NFO,07/01/2020,10:09:40,19.55,15.05,600,21.2,200,0,20000
ULTRACEMCO30Jan203900PE.NFO,07/01/2020,10:09:44,19.55,15.05,600,20.85,200,0,20000
ULTRACEMCO30Jan203900PE.NFO,07/01/2020,10:09:49,19.55,15.05,600,20.85,400,0,20000
ULTRACEMCO30Jan203900PE.NFO,07/01/2020,10:09:54,19.55,15.05,600,27,1400,0,20000
ULTRACEMCO30Jan203900PE.NFO,07/01/2020,10:10:00,19.55,15.05,600,24,200,0,20000
ULTRACEMCO30Jan203900PE.NFO,07/01/2020,10:10:08,19.55,15.05,600,21.15,600,0,20000
ULTRACEMCO30Jan203900PE.NFO,07/01/2020,10:10:14,19.55,15.05,600,20.85,600,0,20000
ULTRACEMCO30Jan203900PE.NFO,07/01/2020,10:10:20,19.55,15.05,600,20.75,600,0,20000
ULTRACEMCO30Jan203900PE.NFO,07/01/2020,10:10:35,19.55,15.05,600,20.65,600,0,20000
ULTRACEMCO30Jan203900PE.NFO,07/01/2020,10:10:39,19.55,15.05,600,20.55,600,0,20000
ULTRACEMCO30Jan203900PE.NFO,07/01/2020,10:10:54,19.55,15.05,600,20.45,600,0,20000
ULTRACEMCO30Jan203900PE.NFO,07/01/2020,10:10:59,19.55,15.05,600,20.35,600,0,20000
ULTRACEMCO30Jan203900PE.NFO,07/01/2020,10:11:03,19.55,15.05,600,20.25,600,0,20000
ULTRACEMCO30Jan203900PE.NFO,07/01/2020,10:11:08,19.55,15.05,600,20.15,400,0,20000
ULTRACEMCO30Jan203900PE.NFO,07/01/2020,10:11:30,19.55,15.05,600,20.05,200,0,20000
ULTRACEMCO30Jan203900PE.NFO,07/01/2020,10:11:53,19.55,15.05,600,20.05,400,0,20000
ULTRACEMCO30Jan203900PE.NFO,07/01/2020,10:12:05,19.55,15.7,200,20.05,400,0,20000
ULTRACEMCO30Jan203900PE.NFO,07/01/2020,10:12:11,19.55,16.75,800,20.05,400,0,20000
ULTRACEMCO30Jan203900PE.NFO,07/01/2020,10:12:27,19.55,16.85,800,20.05,400,0,20000
ULTRACEMCO30Jan203900PE.NFO,07/01/2020,10:12:32,19.55,16.85,600,20.05,400,0,20000
ULTRACEMCO30Jan203900PE.NFO,07/01/2020,10:13:04,19.55,16.95,600,20.05,400,0,20000
ULTRACEMCO30Jan203900PE.NFO,07/01/2020,10:13:30,19.55,16.95,600,20.05,200,0,20000
ULTRACEMCO30Jan203900PE.NFO,07/01/2020,10:13:58,19.55,16.95,600,20.05,400,0,20000
ULTRACEMCO30Jan203900PE.NFO,07/01/2020,10:14:09,19.55,16.95,600,20.05,200,0,20000
ULTRACEMCO30Jan203900PE.NFO,07/01/2020,10:14:14,19.55,17.05,600,20.05,200,0,20000
ULTRACEMCO30Jan203900PE.NFO,07/01/2020,10:14:43,19.55,17.15,800,20.05,200,0,20000
ULTRACEMCO30Jan203900PE.NFO,07/01/2020,10:14:54,19.55,17.15,600,20.05,200,0,20000
ULTRACEMCO30Jan203900PE.NFO,07/01/2020,10:15:06,19.55,17.15,600,20.05,400,0,20000
ULTRACEMCO30Jan203900PE.NFO,07/01/2020,10:16:05,19.55,17.15,600,20,200,0,20000
ULTRACEMCO30Jan203900PE.NFO,07/01/2020,10:16:09,19.55,17.15,600,19.95,200,0,20000
ULTRACEMCO30Jan203900PE.NFO,07/01/2020,10:16:14,19.55,17.15,600,20.05,200,0,20000
ULTRACEMCO30Jan203900PE.NFO,07/01/2020,10:16:32,19.55,17.15,600,20,400,0,20000
ULTRACEMCO30Jan203900PE.NFO,07/01/2020,10:16:37,19.55,17.15,600,20,200,0,20000
ULTRACEMCO30Jan203900PE.NFO,07/01/2020,10:16:51,19.55,17.15,600,20.05,200,0,20000
ULTRACEMCO30Jan203900PE.NFO,07/01/2020,10:16:57,19.55,17.15,600,20.05,400,0,20000
ULTRACEMCO30Jan203900PE.NFO,07/01/2020,10:20:37,19.55,15.05,200,20.05,200,0,20000
ULTRACEMCO30Jan203900PE.NFO,07/01/2020,10:23:37,19.55,15.05,200,25.5,2200,0,20000
ULTRACEMCO30Jan203900PE.NFO,07/01/2020,10:24:57,19.55,15.15,200,25.5,2200,0,20000
ULTRACEMCO30Jan203900PE.NFO,07/01/2020,10:26:07,19.55,15.15,200,25.5,1800,0,20000
ULTRACEMCO30Jan203900PE.NFO,07/01/2020,10:26:17,19.55,15.15,200,25.5,2200,0,20000
ULTRACEMCO30Jan203900PE.NFO,07/01/2020,10:26:25,19.55,15.15,200,25.5,1800,0,20000
ULTRACEMCO30Jan203900PE.NFO,07/01/2020,10:26:31,19.55,15.15,200,25.5,2200,0,20000
ULTRACEMCO30Jan203900PE.NFO,07/01/2020,10:26:35,19.55,15.15,200,25.5,1800,0,20000
ULTRACEMCO30Jan203900PE.NFO,07/01/2020,10:27:05,19.55,15.15,200,25.5,1400,0,20000
ULTRACEMCO30Jan203900PE.NFO,07/01/2020,10:27:41,19.55,15.15,200,25.5,1800,0,20000
ULTRACEMCO30Jan203900PE.NFO,07/01/2020,10:27:46,19.55,15.15,200,25.5,1400,0,20000
ULTRACEMCO30Jan203900PE.NFO,07/01/2020,10:28:21,19.55,15.15,200,25.5,1800,0,20000
ULTRACEMCO30Jan203900PE.NFO,07/01/2020,10:28:31,19.55,15.15,200,25.5,1400,0,20000
ULTRACEMCO30Jan203900PE.NFO,07/01/2020,10:28:35,19.55,15.15,200,25.5,1800,0,20000
ULTRACEMCO30Jan203900PE.NFO,07/01/2020,10:28:49,19.55,15.15,200,25.5,2200,0,20000
ULTRACEMCO30Jan203900PE.NFO,07/01/2020,10:28:52,19.55,15.15,200,25.5,1400,0,20000
ULTRACEMCO30Jan203900PE.NFO,07/01/2020,10:28:56,19.55,15.15,200,25.5,1800,0,20000
ULTRACEMCO30Jan203900PE.NFO,07/01/2020,10:28:59,19.55,15.15,200,25.5,1400,0,20000
ULTRACEMCO30Jan203900PE.NFO,07/01/2020,10:29:06,19.55,15.15,200,25.5,1800,0,20000
ULTRACEMCO30Jan203900PE.NFO,07/01/2020,10:29:32,19.55,15.15,200,25.5,1400,0,20000
ULTRACEMCO30Jan203900PE.NFO,07/01/2020,10:31:23,19.55,15.15,200,24.95,600,0,20200
ULTRACEMCO30Jan203900PE.NFO,07/01/2020,10:31:31,19.55,15.15,200,24.95,1000,0,20200
ULTRACEMCO30Jan203900PE.NFO,07/01/2020,10:31:42,19.55,15.15,200,24.95,600,0,20200
ULTRACEMCO30Jan203900PE.NFO,07/01/2020,10:31:59,19.55,15.15,200,24.95,200,0,20200
ULTRACEMCO30Jan203900PE.NFO,07/01/2020,10:32:04,19.55,15.15,200,24.95,600,0,20200
ULTRACEMCO30Jan203900PE.NFO,07/01/2020,10:32:09,19.55,15.15,200,24.95,200,0,20200
ULTRACEMCO30Jan203900PE.NFO,07/01/2020,10:33:09,19.55,15.15,200,23.95,200,0,20200
ULTRACEMCO30Jan203900PE.NFO,07/01/2020,10:36:01,19.55,18.5,200,23.95,200,0,20200
ULTRACEMCO30Jan203900PE.NFO,07/01/2020,10:36:08,19.55,19,200,23.95,200,0,20200
ULTRACEMCO30Jan203900PE.NFO,07/01/2020,10:41:09,19.55,19.1,200,23.95,200,0,20200
ULTRACEMCO30Jan203900PE.NFO,07/01/2020,10:57:34,23.95,19,200,23.95,200,200,20200
ULTRACEMCO30Jan203900PE.NFO,07/01/2020,10:57:34,23.95,19,200,23.95,200,0,20200
ULTRACEMCO30Jan203900PE.NFO,07/01/2020,10:57:40,23.95,19.05,600,23.45,200,0,20200
ULTRACEMCO30Jan203900PE.NFO,07/01/2020,10:57:46,23.95,19.05,600,22.9,600,0,20200
ULTRACEMCO30Jan203900PE.NFO,07/01/2020,10:57:52,23.95,19.05,600,22.8,600,0,20200
ULTRACEMCO30Jan203900PE.NFO,07/01/2020,10:58:00,23.95,19.05,600,22.7,600,0,20200
ULTRACEMCO30Jan203900PE.NFO,07/01/2020,10:58:15,23.95,19.2,200,22.7,600,0,20200
ULTRACEMCO30Jan203900PE.NFO,07/01/2020,10:58:21,23.95,19.55,800,22.7,600,0,20200
ULTRACEMCO30Jan203900PE.NFO,07/01/2020,10:58:27,23.95,19.55,600,22.7,600,0,20200
ULTRACEMCO30Jan203900PE.NFO,07/01/2020,10:58:32,23.95,19.55,800,22.7,600,0,20200
ULTRACEMCO30Jan203900PE.NFO,07/01/2020,10:58:43,23.95,19.65,600,22.7,600,0,20200
ULTRACEMCO30Jan203900PE.NFO,07/01/2020,10:59:00,23.95,19.65,600,22.6,600,0,20200
ULTRACEMCO30Jan203900PE.NFO,07/01/2020,10:59:31,23.95,19.65,600,22.4,600,0,20200
ULTRACEMCO30Jan203900PE.NFO,07/01/2020,10:59:37,23.95,19.65,600,22.3,600,0,20200
ULTRACEMCO30Jan203900PE.NFO,07/01/2020,10:59:43,23.95,19.65,600,22.3,200,0,20200
ULTRACEMCO30Jan203900PE.NFO,07/01/2020,10:59:49,23.95,19.65,600,23.1,600,0,20200
ULTRACEMCO30Jan203900PE.NFO,07/01/2020,10:59:54,23.95,19.65,600,22.2,200,0,20200
ULTRACEMCO30Jan203900PE.NFO,07/01/2020,10:59:59,23.95,19.65,600,22.15,400,0,20200
ULTRACEMCO30Jan203900PE.NFO,07/01/2020,11:02:07,22,19.8,200,23.95,200,200,20000
ULTRACEMCO30Jan203900PE.NFO,07/01/2020,11:02:14,22,20.05,600,22.75,200,0,20000
ULTRACEMCO30Jan203900PE.NFO,07/01/2020,11:02:20,22,20.05,600,22.55,400,0,20000
ULTRACEMCO30Jan203900PE.NFO,07/01/2020,11:02:27,22,20.05,600,22.55,200,0,20000
ULTRACEMCO30Jan203900PE.NFO,07/01/2020,11:02:34,22,20.05,600,22.25,200,0,20000
ULTRACEMCO30Jan203900PE.NFO,07/01/2020,11:03:26,22,20.05,600,23.7,600,0,20000
ULTRACEMCO30Jan203900PE.NFO,07/01/2020,11:03:32,22,20.05,600,22.85,200,0,20000
ULTRACEMCO30Jan203900PE.NFO,07/01/2020,11:03:45,22,20.05,600,22.85,400,0,20000
ULTRACEMCO30Jan203900PE.NFO,07/01/2020,11:03:58,22,20.05,600,22.85,200,0,20000
ULTRACEMCO30Jan203900PE.NFO,07/01/2020,11:04:05,22,20.15,600,22.85,200,0,20000
ULTRACEMCO30Jan203900PE.NFO,07/01/2020,11:04:19,22,21.3,200,23.95,200,0,20000
ULTRACEMCO30Jan203900PE.NFO,07/01/2020,11:04:25,22,21.45,600,23.75,400,0,20000
ULTRACEMCO30Jan203900PE.NFO,07/01/2020,11:04:31,22,21.45,600,23.75,200,0,20000
ULTRACEMCO30Jan203900PE.NFO,07/01/2020,11:04:38,22,23.15,600,23.75,200,0,20000
ULTRACEMCO30Jan203900PE.NFO,07/01/2020,11:04:45,22,23.8,1600,24,1200,0,20000
ULTRACEMCO30Jan203900PE.NFO,07/01/2020,11:04:52,22,23.55,1600,24,1200,0,20000
ULTRACEMCO30Jan203900PE.NFO,07/01/2020,11:04:59,24,23.7,1600,24,800,200,20200
ULTRACEMCO30Jan203900PE.NFO,07/01/2020,11:04:59,24,23.7,1600,24,800,0,20200
ULTRACEMCO30Jan203900PE.NFO,07/01/2020,11:05:06,24,23.6,1600,24,800,0,20200
ULTRACEMCO30Jan203900PE.NFO,07/01/2020,11:05:12,24,23.65,1600,24,1000,0,20200
ULTRACEMCO30Jan203900PE.NFO,07/01/2020,11:05:19,24,23.6,1600,23.95,200,0,20200
ULTRACEMCO30Jan203900PE.NFO,07/01/2020,11:05:26,24,23.6,1600,24,1000,0,20200
ULTRACEMCO30Jan203900PE.NFO,07/01/2020,11:05:32,23.6,23.5,1600,24,1000,200,20200
ULTRACEMCO30Jan203900PE.NFO,07/01/2020,11:05:39,23.6,23.5,1600,24,1000,0,20200
ULTRACEMCO30Jan203900PE.NFO,07/01/2020,11:05:45,23.6,23.2,1800,24,200,0,20200
ULTRACEMCO30Jan203900PE.NFO,07/01/2020,11:05:52,23.6,23.2,1600,24,200,0,20200
ULTRACEMCO30Jan203900PE.NFO,07/01/2020,11:05:59,23.6,22.95,200,23.9,600,0,20200
ULTRACEMCO30Jan203900PE.NFO,07/01/2020,11:06:06,23.6,22.85,200,23.8,600,0,20200
ULTRACEMCO30Jan203900PE.NFO,07/01/2020,11:06:13,23.6,22.75,200,23.7,600,0,20200
ULTRACEMCO30Jan203900PE.NFO,07/01/2020,11:06:19,23.6,22.75,1800,23.6,400,0,20200
ULTRACEMCO30Jan203900PE.NFO,07/01/2020,11:06:48,23.6,22.95,200,23.6,200,0,20200
ULTRACEMCO30Jan203900PE.NFO,07/01/2020,11:06:53,23.6,22.9,1800,23.6,200,0,20200
ULTRACEMCO30Jan203900PE.NFO,07/01/2020,11:06:58,23.6,22.85,1800,23.6,200,0,20200
ULTRACEMCO30Jan203900PE.NFO,07/01/2020,11:07:09,23.6,22.85,1800,23.5,400,0,20200
ULTRACEMCO30Jan203900PE.NFO,07/01/2020,11:07:14,23.6,22.9,1600,23.5,400,0,20200
ULTRACEMCO30Jan203900PE.NFO,07/01/2020,11:07:30,23.6,22.65,200,23.4,400,0,20200
ULTRACEMCO30Jan203900PE.NFO,07/01/2020,11:07:35,23.6,22.6,200,23.4,400,0,20200
ULTRACEMCO30Jan203900PE.NFO,07/01/2020,11:07:46,23.6,22.6,200,23.3,400,0,20200
ULTRACEMCO30Jan203900PE.NFO,07/01/2020,11:07:51,23.6,22.65,1800,23.3,400,0,20200
ULTRACEMCO30Jan203900PE.NFO,07/01/2020,11:08:05,23.6,22.65,1800,23.3,200,0,20200
ULTRACEMCO30Jan203900PE.NFO,07/01/2020,11:08:20,23.2,22.7,200,23.25,200,200,20600
ULTRACEMCO30Jan203900PE.NFO,07/01/2020,11:08:25,23.2,22.7,200,23.25,200,0,20600
ULTRACEMCO30Jan203900PE.NFO,07/01/2020,11:08:45,23.2,22.7,1800,23.65,200,0,20600
ULTRACEMCO30Jan203900PE.NFO,07/01/2020,11:08:50,23.2,22.95,400,23.65,200,0,20600
ULTRACEMCO30Jan203900PE.NFO,07/01/2020,11:08:54,23.2,22.95,200,23.65,200,0,20600
ULTRACEMCO30Jan203900PE.NFO,07/01/2020,11:09:03,23.2,22.75,200,23.35,200,0,20600
ULTRACEMCO30Jan203900PE.NFO,07/01/2020,11:09:12,23.2,22.7,200,23.35,200,0,20600
ULTRACEMCO30Jan203900PE.NFO,07/01/2020,11:09:23,23.2,22.6,200,23.25,400,0,20600
ULTRACEMCO30Jan203900PE.NFO,07/01/2020,11:09:33,23.2,22.7,200,23.3,200,0,20600
ULTRACEMCO30Jan203900PE.NFO,07/01/2020,11:09:39,23.2,22.65,200,23.3,200,0,20600
ULTRACEMCO30Jan203900PE.NFO,07/01/2020,11:10:10,23.2,22.65,1800,23.55,200,0,20600
ULTRACEMCO30Jan203900PE.NFO,07/01/2020,11:10:15,23.2,22.65,200,23.5,400,0,20600
ULTRACEMCO30Jan203900PE.NFO,07/01/2020,11:10:46,23.2,22.65,1800,23.5,400,0,20600
ULTRACEMCO30Jan203900PE.NFO,07/01/2020,11:11:04,23.2,22.8,1600,23.5,400,0,20600
ULTRACEMCO30Jan203900PE.NFO,07/01/2020,11:11:09,23.2,22.85,1800,23.5,200,0,20600
ULTRACEMCO30Jan203900PE.NFO,07/01/2020,11:11:14,23.2,23.2,1800,23.8,200,0,20600
ULTRACEMCO30Jan203900PE.NFO,07/01/2020,11:11:22,23.2,23.2,1800,23.85,200,0,20600
ULTRACEMCO30Jan203900PE.NFO,07/01/2020,11:11:29,23.2,23.5,1600,24,200,0,20600
ULTRACEMCO30Jan203900PE.NFO,07/01/2020,11:11:38,23.2,23.7,1600,24.1,200,0,20600
ULTRACEMCO30Jan203900PE.NFO,07/01/2020,11:11:45,23.2,23.95,1600,24.15,200,0,20600
ULTRACEMCO30Jan203900PE.NFO,07/01/2020,11:11:51,23.2,23.5,1600,24.15,200,0,20600
ULTRACEMCO30Jan203900PE.NFO,07/01/2020,11:11:57,23.2,23.55,1600,24.15,200,0,20600
ULTRACEMCO30Jan203900PE.NFO,07/01/2020,11:12:06,23.2,23.75,1600,24.15,200,0,20600
ULTRACEMCO30Jan203900PE.NFO,07/01/2020,11:12:14,23.2,23.45,1600,24.05,600,0,20600
ULTRACEMCO30Jan203900PE.NFO,07/01/2020,11:12:21,23.2,23.4,1600,24.05,400,0,20600
ULTRACEMCO30Jan203900PE.NFO,07/01/2020,11:12:26,23.2,23.45,1600,24.05,400,0,20600
ULTRACEMCO30Jan203900PE.NFO,07/01/2020,11:12:32,23.2,23.4,1600,24.05,400,0,20600
ULTRACEMCO30Jan203900PE.NFO,07/01/2020,11:12:49,23.2,23.45,1600,24.05,400,0,20600
ULTRACEMCO30Jan203900PE.NFO,07/01/2020,11:12:54,23.2,23.4,1600,24.05,400,0,20600
ULTRACEMCO30Jan203900PE.NFO,07/01/2020,11:12:59,23.2,23.3,1600,23.85,400,0,20600
ULTRACEMCO30Jan203900PE.NFO,07/01/2020,11:13:04,23.2,23.35,1600,23.85,200,0,20600
ULTRACEMCO30Jan203900PE.NFO,07/01/2020,11:13:09,23.2,23.6,1600,23.85,200,0,20600
ULTRACEMCO30Jan203900PE.NFO,07/01/2020,11:13:15,23.2,23.45,1600,23.85,200,0,20600
ULTRACEMCO30Jan203900PE.NFO,07/01/2020,11:13:20,23.2,23.6,1600,23.85,200,0,20600
ULTRACEMCO30Jan203900PE.NFO,07/01/2020,11:13:26,23.2,23.4,1600,23.85,200,0,20600
ULTRACEMCO30Jan203900PE.NFO,07/01/2020,11:13:38,23.2,23.65,1600,23.85,200,0,20600
ULTRACEMCO30Jan203900PE.NFO,07/01/2020,11:13:43,23.2,23.5,1600,23.85,200,0,20600
ULTRACEMCO30Jan203900PE.NFO,07/01/2020,11:13:50,23.2,23.15,200,23.65,200,0,20600
ULTRACEMCO30Jan203900PE.NFO,07/01/2020,11:13:55,23.2,23.1,200,23.65,200,0,20600
ULTRACEMCO30Jan203900PE.NFO,07/01/2020,11:14:05,23.2,23.05,200,23.6,400,0,20600
ULTRACEMCO30Jan203900PE.NFO,07/01/2020,11:14:15,23.2,23.15,1600,23.65,200,0,20600
ULTRACEMCO30Jan203900PE.NFO,07/01/2020,11:14:26,23.2,23,200,23.55,400,0,20600
ULTRACEMCO30Jan203900PE.NFO,07/01/2020,11:14:30,23.2,22.95,1800,23.5,200,0,20600
ULTRACEMCO30Jan203900PE.NFO,07/01/2020,11:14:35,23.2,22.95,200,23.5,400,0,20600
ULTRACEMCO30Jan203900PE.NFO,07/01/2020,11:14:39,23.2,22.95,1600,23.45,200,0,20600
ULTRACEMCO30Jan203900PE.NFO,07/01/2020,11:14:44,23.2,22.95,1600,23.5,200,0,20600
ULTRACEMCO30Jan203900PE.NFO,07/01/2020,11:14:49,23.2,22.95,1600,23.45,200,0,20600
ULTRACEMCO30Jan203900PE.NFO,07/01/2020,11:14:53,23.2,22.9,1800,23.45,200,0,20600
ULTRACEMCO30Jan203900PE.NFO,07/01/2020,11:14:59,23.2,22.95,1800,23.5,200,0,20600
ULTRACEMCO30Jan203900PE.NFO,07/01/2020,11:15:06,23.2,23.05,1600,23.55,200,0,20600
ULTRACEMCO30Jan203900PE.NFO,07/01/2020,11:15:12,23.2,23.15,1600,23.6,400,0,20600
ULTRACEMCO30Jan203900PE.NFO,07/01/2020,11:15:18,23.2,23.1,1800,23.6,400,0,20600
ULTRACEMCO30Jan203900PE.NFO,07/01/2020,11:15:29,23.2,23.15,1600,23.65,200,0,20600
ULTRACEMCO30Jan203900PE.NFO,07/01/2020,11:15:34,23.2,23.35,1600,23.85,200,0,20600
ULTRACEMCO30Jan203900PE.NFO,07/01/2020,11:15:39,23.2,23.4,1600,23.9,200,0,20600
ULTRACEMCO30Jan203900PE.NFO,07/01/2020,11:15:43,23.2,23.3,1600,23.8,400,0,20600
ULTRACEMCO30Jan203900PE.NFO,07/01/2020,11:15:56,23.2,23.3,1600,23.8,200,0,20600
ULTRACEMCO30Jan203900PE.NFO,07/01/2020,11:16:01,23.8,23.8,1400,23.95,200,200,20400
ULTRACEMCO30Jan203900PE.NFO,07/01/2020,11:16:07,23.95,24.1,1600,32.55,2600,200,20400
ULTRACEMCO30Jan203900PE.NFO,07/01/2020,11:16:13,23.95,23.9,1600,29.15,600,0,20400
ULTRACEMCO30Jan203900PE.NFO,07/01/2020,11:16:19,23.95,24,1800,26.95,600,0,20400
ULTRACEMCO30Jan203900PE.NFO,07/01/2020,11:16:25,23.95,23.9,1600,26.15,600,0,20400
ULTRACEMCO30Jan203900PE.NFO,07/01/2020,11:16:36,23.95,23.8,1800,26.05,600,0,20400
ULTRACEMCO30Jan203900PE.NFO,07/01/2020,11:16:41,23.95,23.55,1800,25.75,600,0,20400
ULTRACEMCO30Jan203900PE.NFO,07/01/2020,11:16:46,23.95,24.05,200,25.75,600,0,20400
ULTRACEMCO30Jan203900PE.NFO,07/01/2020,11:16:51,23.95,24,1800,25.75,600,0,20400
ULTRACEMCO30Jan203900PE.NFO,07/01/2020,11:16:57,23.95,24.1,1800,25.75,600,0,20400
ULTRACEMCO30Jan203900PE.NFO,07/01/2020,11:17:02,23.95,24.3,1600,25.75,600,0,20400
ULTRACEMCO30Jan203900PE.NFO,07/01/2020,11:17:07,23.95,24.3,1800,25.75,600,0,20400
ULTRACEMCO30Jan203900PE.NFO,07/01/2020,11:17:12,23.95,24.3,1600,25.75,600,0,20400
ULTRACEMCO30Jan203900PE.NFO,07/01/2020,11:17:24,23.95,24.1,1600,25.75,600,0,20400
ULTRACEMCO30Jan203900PE.NFO,07/01/2020,11:17:29,23.95,24,1600,25.75,600,0,20400
ULTRACEMCO30Jan203900PE.NFO,07/01/2020,11:17:40,23.95,23.85,1600,25.65,600,0,20400
ULTRACEMCO30Jan203900PE.NFO,07/01/2020,11:17:47,23.95,23.9,200,25.65,600,0,20400
ULTRACEMCO30Jan203900PE.NFO,07/01/2020,11:17:52,23.95,23.9,1800,25.65,600,0,20400
ULTRACEMCO30Jan203900PE.NFO,07/01/2020,11:17:57,23.95,23.85,1600,25.55,600,0,20400
ULTRACEMCO30Jan203900PE.NFO,07/01/2020,11:18:02,23.95,23.85,1800,25.55,600,0,20400
ULTRACEMCO30Jan203900PE.NFO,07/01/2020,11:18:10,23.95,24.15,1600,25.55,600,0,20400
ULTRACEMCO30Jan203900PE.NFO,07/01/2020,11:18:24,23.95,23.85,1800,25.55,600,0,20400
ULTRACEMCO30Jan203900PE.NFO,07/01/2020,11:18:29,23.95,23.85,1600,25.55,600,0,20400
ULTRACEMCO30Jan203900PE.NFO,07/01/2020,11:18:34,23.95,23.85,1800,25.55,600,0,20400
ULTRACEMCO30Jan203900PE.NFO,07/01/2020,11:18:55,23.95,23.75,200,25.55,600,0,20400
ULTRACEMCO30Jan203900PE.NFO,07/01/2020,11:19:01,23.8,23.6,200,25.45,600,200,20800
ULTRACEMCO30Jan203900PE.NFO,07/01/2020,11:19:07,23.8,23.7,1600,25.45,600,0,20800
ULTRACEMCO30Jan203900PE.NFO,07/01/2020,11:19:12,23.8,23.6,1600,25.45,600,0,20800
ULTRACEMCO30Jan203900PE.NFO,07/01/2020,11:19:19,23.8,24.05,1600,25.45,600,0,20800
ULTRACEMCO30Jan203900PE.NFO,07/01/2020,11:19:28,23.8,24.2,1600,25.45,600,0,20800
ULTRACEMCO30Jan203900PE.NFO,07/01/2020,11:19:35,23.8,24.1,1600,25.45,600,0,20800
ULTRACEMCO30Jan203900PE.NFO,07/01/2020,11:19:40,23.8,24.05,1600,25.45,600,0,20800
ULTRACEMCO30Jan203900PE.NFO,07/01/2020,11:19:46,23.8,24,1600,25.45,600,0,20800
ULTRACEMCO30Jan203900PE.NFO,07/01/2020,11:19:59,23.8,24.15,1600,25.45,600,0,20800
ULTRACEMCO30Jan203900PE.NFO,07/01/2020,11:20:10,23.8,24.2,1600,25.45,600,0,20800
ULTRACEMCO30Jan203900PE.NFO,07/01/2020,11:20:15,23.8,24.15,1600,25.45,600,0,20800
ULTRACEMCO30Jan203900PE.NFO,07/01/2020,11:20:37,23.8,23.9,1600,25.35,600,0,20800
ULTRACEMCO30Jan203900PE.NFO,07/01/2020,11:20:43,23.8,23.85,1600,25.35,600,0,20800
ULTRACEMCO30Jan203900PE.NFO,07/01/2020,11:20:54,23.8,23.7,200,25.15,600,0,20800
ULTRACEMCO30Jan203900PE.NFO,07/01/2020,11:21:00,23.8,23.6,200,25.05,600,0,20800
ULTRACEMCO30Jan203900PE.NFO,07/01/2020,11:21:19,23.8,23.55,1800,25.05,600,0,20800
ULTRACEMCO30Jan203900PE.NFO,07/01/2020,11:21:28,23.8,23.65,1800,25.05,600,0,20800
ULTRACEMCO30Jan203900PE.NFO,07/01/2020,11:21:34,23.8,23.7,1600,25.05,600,0,20800
ULTRACEMCO30Jan203900PE.NFO,07/01/2020,11:21:53,23.8,23.65,1800,25.05,600,0,20800
ULTRACEMCO30Jan203900PE.NFO,07/01/2020,11:21:57,23.8,23.6,200,24.95,600,0,20800
ULTRACEMCO30Jan203900PE.NFO,07/01/2020,11:22:02,23.8,23.65,200,24.95,600,0,20800
ULTRACEMCO30Jan203900PE.NFO,07/01/2020,11:22:07,23.8,23.7,200,24.95,600,0,20800
ULTRACEMCO30Jan203900PE.NFO,07/01/2020,11:22:11,23.8,23.65,1800,24.95,600,0,20800
ULTRACEMCO30Jan203900PE.NFO,07/01/2020,11:22:18,23.8,23.7,1600,24.95,600,0,20800
ULTRACEMCO30Jan203900PE.NFO,07/01/2020,11:22:27,23.8,23.85,1600,24.95,600,0,20800
ULTRACEMCO30Jan203900PE.NFO,07/01/2020,11:22:35,23.8,23.9,1600,24.95,600,0,20800
ULTRACEMCO30Jan203900PE.NFO,07/01/2020,11:22:43,23.8,23.85,1600,24.95,600,0,20800
ULTRACEMCO30Jan203900PE.NFO,07/01/2020,11:23:01,23.8,23.9,1600,24.95,600,0,20800
ULTRACEMCO30Jan203900PE.NFO,07/01/2020,11:23:11,23.8,24.05,1600,24.95,600,0,20800
ULTRACEMCO30Jan203900PE.NFO,07/01/2020,11:23:16,23.8,24,1600,24.95,600,0,20800
ULTRACEMCO30Jan203900PE.NFO,07/01/2020,11:23:26,23.8,23.85,1600,24.95,600,0,20800
ULTRACEMCO30Jan203900PE.NFO,07/01/2020,11:23:40,23.8,23.65,200,24.75,600,0,20800
ULTRACEMCO30Jan203900PE.NFO,07/01/2020,11:23:52,23.8,23.6,1800,24.75,600,0,20800
ULTRACEMCO30Jan203900PE.NFO,07/01/2020,11:23:56,23.8,23.55,1800,24.55,600,0,20800
ULTRACEMCO30Jan203900PE.NFO,07/01/2020,11:24:06,23.55,23.4,200,24.45,600,200,20800
ULTRACEMCO30Jan203900PE.NFO,07/01/2020,11:24:12,23.55,23.6,1800,24.45,600,0,20800
ULTRACEMCO30Jan203900PE.NFO,07/01/2020,11:24:20,23.55,23.6,1600,24.45,600,0,20800
ULTRACEMCO30Jan203900PE.NFO,07/01/2020,11:24:25,23.55,23.55,1600,24.45,600,0,20800
ULTRACEMCO30Jan203900PE.NFO,07/01/2020,11:24:35,23.55,23.4,1800,24.4,200,0,20800
ULTRACEMCO30Jan203900PE.NFO,07/01/2020,11:24:39,23.55,23.5,1600,24.35,600,0,20800
ULTRACEMCO30Jan203900PE.NFO,07/01/2020,11:24:44,23.55,23.35,1600,24.25,600,0,20800
ULTRACEMCO30Jan203900PE.NFO,07/01/2020,11:24:48,23.55,23.3,200,24.25,600,0,20800
ULTRACEMCO30Jan203900PE.NFO,07/01/2020,11:25:07,23.55,23.25,200,24.25,600,0,20800
ULTRACEMCO30Jan203900PE.NFO,07/01/2020,11:25:11,23.55,23.3,1800,24.25,600,0,20800
ULTRACEMCO30Jan203900PE.NFO,07/01/2020,11:25:20,23.55,23.3,1800,24.15,600,0,20800
ULTRACEMCO30Jan203900PE.NFO,07/01/2020,11:25:39,23.55,23.35,200,24.15,600,0,20800
ULTRACEMCO30Jan203900PE.NFO,07/01/2020,11:25:44,23.55,23.3,1800,24.05,600,0,20800
ULTRACEMCO30Jan203900PE.NFO,07/01/2020,11:25:50,23.55,23.3,1800,24.05,400,0,20800
ULTRACEMCO30Jan203900PE.NFO,07/01/2020,11:26:01,23.55,23.3,1600,23.95,400,0,20800
ULTRACEMCO30Jan203900PE.NFO,07/01/2020,11:26:05,23.55,23.15,200,23.95,400,0,20800
ULTRACEMCO30Jan203900PE.NFO,07/01/2020,11:26:13,23.55,23.15,200,23.85,400,0,20800
ULTRACEMCO30Jan203900PE.NFO,07/01/2020,11:26:20,23.55,23.1,200,23.85,400,0,20800
ULTRACEMCO30Jan203900PE.NFO,07/01/2020,11:26:25,23.55,23.05,200,23.75,400,0,20800
ULTRACEMCO30Jan203900PE.NFO,07/01/2020,11:26:33,23.55,22.95,1600,23.75,400,0,20800
ULTRACEMCO30Jan203900PE.NFO,07/01/2020,11:26:42,23.55,22.95,1600,23.65,600,0,20800
ULTRACEMCO30Jan203900PE.NFO,07/01/2020,11:26:47,23.55,23,1600,23.65,400,0,20800
ULTRACEMCO30Jan203900PE.NFO,07/01/2020,11:26:59,23.55,23.05,1600,23.65,400,0,20800
ULTRACEMCO30Jan203900PE.NFO,07/01/2020,11:27:02,23.55,23,1800,23.65,400,0,20800
ULTRACEMCO30Jan203900PE.NFO,07/01/2020,11:27:06,23.55,23.05,1600,23.65,400,0,20800
ULTRACEMCO30Jan203900PE.NFO,07/01/2020,11:27:18,23.55,23.25,1600,23.65,200,0,20800
ULTRACEMCO30Jan203900PE.NFO,07/01/2020,11:27:55,23.55,22.9,1600,23.55,400,0,20800
ULTRACEMCO30Jan203900PE.NFO,07/01/2020,11:27:59,23.55,22.9,1800,23.55,400,0,20800
ULTRACEMCO30Jan203900PE.NFO,07/01/2020,11:28:05,23.55,22.9,1800,23.55,200,0,20800
ULTRACEMCO30Jan203900PE.NFO,07/01/2020,11:28:21,23.55,22.95,200,23.55,200,0,20800
ULTRACEMCO30Jan203900PE.NFO,07/01/2020,11:28:33,23.55,22.95,200,23.5,400,0,20800
ULTRACEMCO30Jan203900PE.NFO,07/01/2020,11:28:35,23.55,22.95,200,23.5,200,0,20800
ULTRACEMCO30Jan203900PE.NFO,07/01/2020,11:28:37,23.55,22.95,200,23.5,400,0,20800
ULTRACEMCO30Jan203900PE.NFO,07/01/2020,11:28:40,23.55,22.95,200,23.5,200,0,20800
ULTRACEMCO30Jan203900PE.NFO,07/01/2020,11:28:42,23.55,23.1,1600,23.55,200,0,20800
ULTRACEMCO30Jan203900PE.NFO,07/01/2020,11:28:46,23.55,23.1,1600,23.6,200,0,20800
ULTRACEMCO30Jan203900PE.NFO,07/01/2020,11:28:59,23.55,23.1,1800,23.6,200,0,20800
ULTRACEMCO30Jan203900PE.NFO,07/01/2020,11:29:03,23.55,23.1,1600,23.6,200,0,20800
ULTRACEMCO30Jan203900PE.NFO,07/01/2020,11:29:07,23.55,23.1,1800,23.65,200,0,20800
ULTRACEMCO30Jan203900PE.NFO,07/01/2020,11:29:11,23.55,23.1,1800,23.7,200,0,20800
ULTRACEMCO30Jan203900PE.NFO,07/01/2020,11:29:18,23.55,22.95,200,23.55,200,0,20800
ULTRACEMCO30Jan203900PE.NFO,07/01/2020,11:29:22,23.55,23.05,200,23.6,200,0,20800
ULTRACEMCO30Jan203900PE.NFO,07/01/2020,11:29:25,23.55,23.05,200,23.6,400,0,20800
ULTRACEMCO30Jan203900PE.NFO,07/01/2020,11:29:33,23.55,23,200,23.6,400,0,20800
ULTRACEMCO30Jan203900PE.NFO,07/01/2020,11:29:37,23.55,23,1800,23.6,400,0,20800
ULTRACEMCO30Jan203900PE.NFO,07/01/2020,11:29:39,23.55,23.25,1600,23.6,200,0,20800
ULTRACEMCO30Jan203900PE.NFO,07/01/2020,11:29:43,23.55,23.05,200,23.6,200,0,20800
ULTRACEMCO30Jan203900PE.NFO,07/01/2020,11:29:47,23.55,23.05,1600,23.6,200,0,20800
ULTRACEMCO30Jan203900PE.NFO,07/01/2020,11:30:11,23.55,22.95,1600,23.5,400,0,20800
ULTRACEMCO30Jan203900PE.NFO,07/01/2020,11:30:14,23.55,22.95,1600,23.5,200,0,20800
ULTRACEMCO30Jan203900PE.NFO,07/01/2020,11:30:18,23.55,22.9,1600,23.45,400,0,20800
ULTRACEMCO30Jan203900PE.NFO,07/01/2020,11:30:32,23.55,22.9,1800,23.45,400,0,20800
ULTRACEMCO30Jan203900PE.NFO,07/01/2020,11:30:35,23.55,22.9,1600,23.45,400,0,20800
ULTRACEMCO30Jan203900PE.NFO,07/01/2020,11:30:38,23.55,22.85,1800,23.45,400,0,20800
ULTRACEMCO30Jan203900PE.NFO,07/01/2020,11:30:42,23.55,22.85,200,23.45,400,0,20800
ULTRACEMCO30Jan203900PE.NFO,07/01/2020,11:30:44,23.55,22.95,200,23.45,200,0,20800
ULTRACEMCO30Jan203900PE.NFO,07/01/2020,11:30:47,23.55,23,1600,23.45,200,0,20800
ULTRACEMCO30Jan203900PE.NFO,07/01/2020,11:30:50,23.55,22.95,1800,23.45,200,0,20800
ULTRACEMCO30Jan203900PE.NFO,07/01/2020,11:30:53,23.55,22.9,200,23.45,200,0,20800
ULTRACEMCO30Jan203900PE.NFO,07/01/2020,11:31:12,23.55,22.9,1600,23.45,200,0,20800
ULTRACEMCO30Jan203900PE.NFO,07/01/2020,11:31:17,23.55,22.9,1600,23.4,200,0,20800
ULTRACEMCO30Jan203900PE.NFO,07/01/2020,11:31:22,23.55,22.8,1800,23.35,200,0,20800
ULTRACEMCO30Jan203900PE.NFO,07/01/2020,11:31:27,23.55,22.85,1800,23.4,200,0,20800
ULTRACEMCO30Jan203900PE.NFO,07/01/2020,11:31:32,23.55,22.85,1800,23.4,400,0,20800
ULTRACEMCO30Jan203900PE.NFO,07/01/2020,11:31:36,23.55,22.85,1600,23.4,400,0,20800
ULTRACEMCO30Jan203900PE.NFO,07/01/2020,11:31:40,23.55,22.85,1800,23.4,400,0,20800
ULTRACEMCO30Jan203900PE.NFO,07/01/2020,11:31:44,23.55,22.8,1800,23.4,400,0,20800
ULTRACEMCO30Jan203900PE.NFO,07/01/2020,11:31:48,23.55,22.85,1600,23.4,400,0,20800
ULTRACEMCO30Jan203900PE.NFO,07/01/2020,11:31:55,23.55,22.6,200,23.4,400,0,20800
ULTRACEMCO30Jan203900PE.NFO,07/01/2020,11:32:07,23.55,22.6,1800,23.4,400,0,20800
ULTRACEMCO30Jan203900PE.NFO,07/01/2020,11:32:13,23.55,22.7,200,23.4,400,0,20800
ULTRACEMCO30Jan203900PE.NFO,07/01/2020,11:32:23,23.55,22.65,200,23.4,400,0,20800
ULTRACEMCO30Jan203900PE.NFO,07/01/2020,11:32:37,23.55,22.65,200,23.4,200,0,20800
ULTRACEMCO30Jan203900PE.NFO,07/01/2020,11:32:42,23.55,22.75,600,23.55,200,0,20800
ULTRACEMCO30Jan203900PE.NFO,07/01/2020,11:32:46,23.55,22.75,2200,23.55,400,0,20800
ULTRACEMCO30Jan203900PE.NFO,07/01/2020,11:32:50,23.55,22.75,2000,23.55,400,0,20800
ULTRACEMCO30Jan203900PE.NFO,07/01/2020,11:32:53,23.55,22.9,1800,23.55,400,0,20800
ULTRACEMCO30Jan203900PE.NFO,07/01/2020,11:32:57,23.55,22.95,1800,23.55,200,0,20800
ULTRACEMCO30Jan203900PE.NFO,07/01/2020,11:33:01,23.55,23,1600,23.55,200,0,20800
ULTRACEMCO30Jan203900PE.NFO,07/01/2020,11:33:05,23.55,22.9,1800,23.55,200,0,20800
ULTRACEMCO30Jan203900PE.NFO,07/01/2020,11:33:08,23.55,22.95,1600,23.55,200,0,20800
ULTRACEMCO30Jan203900PE.NFO,07/01/2020,11:33:12,23.55,22.85,1600,23.5,200,0,20800
ULTRACEMCO30Jan203900PE.NFO,07/01/2020,11:33:15,23.55,22.85,1600,23.45,400,0,20800
ULTRACEMCO30Jan203900PE.NFO,07/01/2020,11:33:19,23.55,22.95,1600,23.45,200,0,20800
ULTRACEMCO30Jan203900PE.NFO,07/01/2020,11:33:25,23.55,22.65,200,23.25,200,0,20800
ULTRACEMCO30Jan203900PE.NFO,07/01/2020,11:33:29,23.55,22.65,200,23.3,200,0,20800
ULTRACEMCO30Jan203900PE.NFO,07/01/2020,11:33:32,23.55,22.65,200,23.25,400,0,20800
ULTRACEMCO30Jan203900PE.NFO,07/01/2020,11:33:41,23.55,22.6,200,23.25,400,0,20800
ULTRACEMCO30Jan203900PE.NFO,07/01/2020,11:34:11,23.55,22.55,200,23.25,400,0,20800
ULTRACEMCO30Jan203900PE.NFO,07/01/2020,11:34:50,23.55,22.55,200,29,1400,0,20800
ULTRACEMCO30Jan203900PE.NFO,07/01/2020,11:34:56,23.55,22.55,200,26.95,600,0,20800
ULTRACEMCO30Jan203900PE.NFO,07/01/2020,11:35:02,23.55,22.55,200,25.05,600,0,20800
ULTRACEMCO30Jan203900PE.NFO,07/01/2020,11:35:08,23.55,22.55,200,24.95,600,0,20800
ULTRACEMCO30Jan203900PE.NFO,07/01/2020,11:35:14,23.55,22.55,200,24.85,600,0,20800
ULTRACEMCO30Jan203900PE.NFO,07/01/2020,11:35:21,22.55,22.6,200,24.85,600,200,20800
ULTRACEMCO30Jan203900PE.NFO,07/01/2020,11:35:27,22.55,22.5,200,24.75,600,0,20800
ULTRACEMCO30Jan203900PE.NFO,07/01/2020,11:35:32,22.55,22.25,200,24.45,600,0,20800
ULTRACEMCO30Jan203900PE.NFO,07/01/2020,11:35:39,22.55,22.2,200,24.45,600,0,20800
ULTRACEMCO30Jan203900PE.NFO,07/01/2020,11:35:51,22.55,22.35,600,24.45,600,0,20800
ULTRACEMCO30Jan203900PE.NFO,07/01/2020,11:35:56,22.55,22.35,1600,24.45,600,0,20800
ULTRACEMCO30Jan203900PE.NFO,07/01/2020,11:36:01,22.55,22.55,200,24.45,600,0,20800
ULTRACEMCO30Jan203900PE.NFO,07/01/2020,11:36:06,22.55,22.55,1800,24.45,600,0,20800
ULTRACEMCO30Jan203900PE.NFO,07/01/2020,11:36:10,22.55,22.6,200,24.45,600,0,20800
ULTRACEMCO30Jan203900PE.NFO,07/01/2020,11:36:15,22.55,22.45,400,24.45,600,0,20800
ULTRACEMCO30Jan203900PE.NFO,07/01/2020,11:36:20,22.55,22.65,1800,24.45,600,0,20800
ULTRACEMCO30Jan203900PE.NFO,07/01/2020,11:36:26,22.55,22.8,1600,24.45,600,0,20800
ULTRACEMCO30Jan203900PE.NFO,07/01/2020,11:36:31,22.55,22.9,1600,24.45,600,0,20800
ULTRACEMCO30Jan203900PE.NFO,07/01/2020,11:36:36,22.55,22.75,1800,24.45,600,0,20800
ULTRACEMCO30Jan203900PE.NFO,07/01/2020,11:36:41,22.55,22.95,1600,24.45,600,0,20800
ULTRACEMCO30Jan203900PE.NFO,07/01/2020,11:36:53,22.55,23,200,24.45,600,0,20800
ULTRACEMCO30Jan203900PE.NFO,07/01/2020,11:37:00,22.55,23.05,1600,24.45,600,0,20800
ULTRACEMCO30Jan203900PE.NFO,07/01/2020,11:37:06,22.55,23,1600,24.45,600,0,20800
ULTRACEMCO30Jan203900PE.NFO,07/01/2020,11:37:16,22.55,22.95,1600,24.45,600,0,20800
ULTRACEMCO30Jan203900PE.NFO,07/01/2020,11:37:25,22.55,23.05,1600,24.45,600,0,20800
ULTRACEMCO30Jan203900PE.NFO,07/01/2020,11:37:29,22.55,22.95,1600,24.45,600,0,20800
ULTRACEMCO30Jan203900PE.NFO,07/01/2020,11:38:29,22.55,23,1600,24.45,600,0,20800
ULTRACEMCO30Jan203900PE.NFO,07/01/2020,11:38:33,22.55,22.95,1600,24.45,600,0,20800
ULTRACEMCO30Jan203900PE.NFO,07/01/2020,11:38:40,22.55,23.05,1600,24.45,600,0,20800
ULTRACEMCO30Jan203900PE.NFO,07/01/2020,11:38:43,22.55,23.15,1600,24.45,600,0,20800
ULTRACEMCO30Jan203900PE.NFO,07/01/2020,11:38:51,22.55,23,1600,24.45,600,0,20800
ULTRACEMCO30Jan203900PE.NFO,07/01/2020,11:38:55,22.55,23.25,1600,24.45,600,0,20800
ULTRACEMCO30Jan203900PE.NFO,07/01/2020,11:38:58,22.55,23.15,1600,24.45,600,0,20800
ULTRACEMCO30Jan203900PE.NFO,07/01/2020,11:39:06,22.55,23.2,1600,24.45,600,0,20800
ULTRACEMCO30Jan203900PE.NFO,07/01/2020,11:39:09,22.55,23,1600,24.45,600,0,20800
ULTRACEMCO30Jan203900PE.NFO,07/01/2020,11:39:20,22.55,23.2,1600,24.45,600,0,20800
ULTRACEMCO30Jan203900PE.NFO,07/01/2020,11:39:25,22.55,23.55,1600,24.45,600,0,20800
ULTRACEMCO30Jan203900PE.NFO,07/01/2020,11:39:51,22.55,23.6,1600,24.45,600,0,20800
ULTRACEMCO30Jan203900PE.NFO,07/01/2020,11:39:59,22.55,23.45,1600,24.45,600,0,20800
ULTRACEMCO30Jan203900PE.NFO,07/01/2020,11:40:06,22.55,23.3,1600,24.35,600,0,20800
ULTRACEMCO30Jan203900PE.NFO,07/01/2020,11:40:33,22.55,23.1,1600,24.05,600,0,20800
ULTRACEMCO30Jan203900PE.NFO,07/01/2020,11:40:51,22.55,23.25,1600,24.05,600,0,20800
ULTRACEMCO30Jan203900PE.NFO,07/01/2020,11:41:01,22.55,23.15,1600,24.05,600,0,20800
ULTRACEMCO30Jan203900PE.NFO,07/01/2020,11:41:18,22.55,23.1,1600,24.05,600,0,20800
ULTRACEMCO30Jan203900PE.NFO,07/01/2020,11:41:44,22.55,23.25,1600,23.95,600,0,20800
ULTRACEMCO30Jan203900PE.NFO,07/01/2020,11:42:09,22.55,23.1,1600,23.95,600,0,20800
ULTRACEMCO30Jan203900PE.NFO,07/01/2020,11:42:53,22.55,23.1,1600,23.8,200,0,20800
ULTRACEMCO30Jan203900PE.NFO,07/01/2020,11:42:57,22.55,22.85,1600,23.75,600,0,20800
ULTRACEMCO30Jan203900PE.NFO,07/01/2020,11:43:00,22.55,22.8,1600,23.65,600,0,20800
ULTRACEMCO30Jan203900PE.NFO,07/01/2020,11:43:04,22.55,22.85,1600,23.65,600,0,20800
ULTRACEMCO30Jan203900PE.NFO,07/01/2020,11:44:03,22.55,22.85,1600,23.55,600,0,20800
ULTRACEMCO30Jan203900PE.NFO,07/01/2020,11:44:06,22.55,22.9,1600,23.55,600,0,20800
ULTRACEMCO30Jan203900PE.NFO,07/01/2020,11:44:16,22.55,22.95,1600,23.55,600,0,20800
ULTRACEMCO30Jan203900PE.NFO,07/01/2020,11:44:57,22.55,23.05,1600,23.55,600,0,20800
ULTRACEMCO30Jan203900PE.NFO,07/01/2020,11:45:08,22.55,23.15,1600,23.55,600,0,20800
ULTRACEMCO30Jan203900PE.NFO,07/01/2020,11:45:18,22.55,23.4,1600,23.55,600,0,20800
ULTRACEMCO30Jan203900PE.NFO,07/01/2020,11:45:39,22.55,23.25,1600,23.55,600,0,20800
ULTRACEMCO30Jan203900PE.NFO,07/01/2020,11:45:53,22.55,23.15,1600,23.45,600,0,20800
ULTRACEMCO30Jan203900PE.NFO,07/01/2020,11:45:57,22.55,22.9,1600,23.45,600,0,20800
ULTRACEMCO30Jan203900PE.NFO,07/01/2020,11:46:06,22.55,22.75,1600,23.35,600,0,20800
ULTRACEMCO30Jan203900PE.NFO,07/01/2020,11:46:21,22.55,22.75,1600,23.25,400,0,20800
ULTRACEMCO30Jan203900PE.NFO,07/01/2020,11:46:37,22.55,22.65,1600,23.15,200,0,20800
ULTRACEMCO30Jan203900PE.NFO,07/01/2020,11:46:40,22.55,22.6,1800,23.15,200,0,20800
ULTRACEMCO30Jan203900PE.NFO,07/01/2020,11:46:48,22.55,22.65,1800,23.2,200,0,20800
ULTRACEMCO30Jan203900PE.NFO,07/01/2020,11:46:51,22.55,22.65,200,23.2,200,0,20800
ULTRACEMCO30Jan203900PE.NFO,07/01/2020,11:46:53,22.55,22.65,1800,23.4,200,0,20800
ULTRACEMCO30Jan203900PE.NFO,07/01/2020,11:46:55,22.55,22.95,1600,23.4,200,0,20800
ULTRACEMCO30Jan203900PE.NFO,07/01/2020,11:47:13,22.55,23.15,1600,23.4,200,0,20800
ULTRACEMCO30Jan203900PE.NFO,07/01/2020,11:47:53,22.55,23.2,1600,23.4,200,0,20800
ULTRACEMCO30Jan203900PE.NFO,07/01/2020,11:48:00,22.55,23.2,1600,23.5,200,0,20800
ULTRACEMCO30Jan203900PE.NFO,07/01/2020,11:48:09,22.55,23.25,1600,23.55,200,0,20800
ULTRACEMCO30Jan203900PE.NFO,07/01/2020,11:48:13,22.55,23.25,1600,23.65,200,0,20800
ULTRACEMCO30Jan203900PE.NFO,07/01/2020,11:48:19,22.55,22.95,1600,23.45,200,0,20800
ULTRACEMCO30Jan203900PE.NFO,07/01/2020,11:48:24,22.55,23.1,1600,23.6,200,0,20800
ULTRACEMCO30Jan203900PE.NFO,07/01/2020,11:48:32,22.55,23.25,1600,23.6,200,0,20800
ULTRACEMCO30Jan203900PE.NFO,07/01/2020,11:48:40,22.55,23.35,1600,23.6,200,0,20800
ULTRACEMCO30Jan203900PE.NFO,07/01/2020,11:48:48,22.55,23.4,1600,23.65,200,0,20800
ULTRACEMCO30Jan203900PE.NFO,07/01/2020,11:48:51,22.55,23.35,1600,23.65,200,0,20800
ULTRACEMCO30Jan203900PE.NFO,07/01/2020,11:48:59,22.55,23.05,1600,23.55,200,0,20800
ULTRACEMCO30Jan203900PE.NFO,07/01/2020,11:49:08,23.55,23.25,1600,23.65,200,200,20600
ULTRACEMCO30Jan203900PE.NFO,07/01/2020,11:49:11,23.55,23.75,1800,24.45,600,0,20600
ULTRACEMCO30Jan203900PE.NFO,07/01/2020,11:49:14,23.55,23.85,1600,24.45,400,0,20600
ULTRACEMCO30Jan203900PE.NFO,07/01/2020,11:49:18,23.55,23.8,1600,24.45,400,0,20600
ULTRACEMCO30Jan203900PE.NFO,07/01/2020,11:49:23,23.55,23.8,1600,24.35,400,0,20600
ULTRACEMCO30Jan203900PE.NFO,07/01/2020,11:49:35,23.55,23.5,1800,24,200,0,20600
ULTRACEMCO30Jan203900PE.NFO,07/01/2020,11:49:39,23.55,23.65,1600,24.15,200,0,20600
ULTRACEMCO30Jan203900PE.NFO,07/01/2020,11:49:42,23.55,23.7,1600,24.2,200,0,20600
ULTRACEMCO30Jan203900PE.NFO,07/01/2020,11:49:45,23.55,23.6,1600,24.2,200,0,20600
ULTRACEMCO30Jan203900PE.NFO,07/01/2020,11:49:57,23.55,23.65,1600,24.2,200,0,20600
ULTRACEMCO30Jan203900PE.NFO,07/01/2020,11:50:02,23.55,23.65,1600,24.1,400,0,20600
ULTRACEMCO30Jan203900PE.NFO,07/01/2020,11:50:07,23.55,23.65,1600,24.1,200,0,20600
ULTRACEMCO30Jan203900PE.NFO,07/01/2020,11:50:16,23.55,23.7,1600,24.1,200,0,20600
ULTRACEMCO30Jan203900PE.NFO,07/01/2020,11:50:22,23.55,23.8,1600,24.1,200,0,20600
ULTRACEMCO30Jan203900PE.NFO,07/01/2020,11:50:27,24.05,23.9,1600,24.15,200,200,20600
ULTRACEMCO30Jan203900PE.NFO,07/01/2020,11:50:27,24.05,23.9,1600,24.15,200,0,20600
ULTRACEMCO30Jan203900PE.NFO,07/01/2020,11:50:32,24.05,23.65,1600,24.15,200,0,20600
ULTRACEMCO30Jan203900PE.NFO,07/01/2020,11:50:37,24.05,23.85,1600,24.15,200,0,20600
ULTRACEMCO30Jan203900PE.NFO,07/01/2020,11:50:42,24.05,23.65,1600,24.05,400,0,20600
ULTRACEMCO30Jan203900PE.NFO,07/01/2020,11:50:45,24,23.65,1600,24.05,400,200,21000
ULTRACEMCO30Jan203900PE.NFO,07/01/2020,11:50:48,24,23.65,1600,24.05,400,0,21000
ULTRACEMCO30Jan203900PE.NFO,07/01/2020,11:51:02,24,23.65,1600,23.95,600,0,21000
ULTRACEMCO30Jan203900PE.NFO,07/01/2020,11:51:06,23.65,23.3,1600,23.75,600,200,21000
ULTRACEMCO30Jan203900PE.NFO,07/01/2020,11:51:11,23.65,23.35,1600,23.75,400,0,21000
ULTRACEMCO30Jan203900PE.NFO,07/01/2020,11:51:17,23.65,23.25,1600,23.65,400,0,21000
ULTRACEMCO30Jan203900PE.NFO,07/01/2020,11:51:21,23.25,22.8,1600,23.25,400,200,21000
ULTRACEMCO30Jan203900PE.NFO,07/01/2020,11:51:26,23.25,22.8,1600,23.25,400,0,21000
ULTRACEMCO30Jan203900PE.NFO,07/01/2020,11:51:31,23.25,22.85,1600,23.25,400,0,21000
ULTRACEMCO30Jan203900PE.NFO,07/01/2020,11:52:11,23.25,22.85,1600,23.25,200,0,21000
ULTRACEMCO30Jan203900PE.NFO,07/01/2020,11:52:21,23.25,22.75,200,23.25,200,0,21000
ULTRACEMCO30Jan203900PE.NFO,07/01/2020,11:52:26,23.25,22.7,1800,23.25,400,0,21000
ULTRACEMCO30Jan203900PE.NFO,07/01/2020,11:52:32,23.25,22.7,1600,23.25,400,0,21000
ULTRACEMCO30Jan203900PE.NFO,07/01/2020,11:52:43,23.25,22.8,1600,23.25,200,0,21000
ULTRACEMCO30Jan203900PE.NFO,07/01/2020,11:52:55,23.25,22.95,1600,23.35,200,0,21000
ULTRACEMCO30Jan203900PE.NFO,07/01/2020,11:53:00,23.25,22.8,1800,23.25,200,0,21000
ULTRACEMCO30Jan203900PE.NFO,07/01/2020,11:53:04,23.25,22.95,1600,23.35,200,0,21000
ULTRACEMCO30Jan203900PE.NFO,07/01/2020,11:53:12,23.25,22.95,1600,23.35,400,0,21000
ULTRACEMCO30Jan203900PE.NFO,07/01/2020,11:53:18,23.25,22.95,1600,23.35,200,0,21000
ULTRACEMCO30Jan203900PE.NFO,07/01/2020,11:53:22,23.25,22.95,1600,23.35,400,0,21000
ULTRACEMCO30Jan203900PE.NFO,07/01/2020,11:53:35,23.25,22.95,1600,23.45,200,0,21000
ULTRACEMCO30Jan203900PE.NFO,07/01/2020,11:53:38,23.25,22.95,1600,23.5,200,0,21000
ULTRACEMCO30Jan203900PE.NFO,07/01/2020,11:53:52,23.25,23.1,1600,23.5,200,0,21000
ULTRACEMCO30Jan203900PE.NFO,07/01/2020,11:54:21,23.1,23.1,1400,23.4,400,200,21000
ULTRACEMCO30Jan203900PE.NFO,07/01/2020,11:54:25,23.1,22.9,1600,23.4,400,0,21000
ULTRACEMCO30Jan203900PE.NFO,07/01/2020,11:54:28,23.1,22.9,1600,23.3,200,0,21000
ULTRACEMCO30Jan203900PE.NFO,07/01/2020,11:54:31,23.1,22.85,1600,23.3,200,0,21000
ULTRACEMCO30Jan203900PE.NFO,07/01/2020,11:54:35,23.1,22.9,1600,23.3,200,0,21000
ULTRACEMCO30Jan203900PE.NFO,07/01/2020,11:54:38,23.1,23,1600,23.45,200,0,21000
ULTRACEMCO30Jan203900PE.NFO,07/01/2020,11:54:54,23.1,23.05,1600,23.45,200,0,21000
ULTRACEMCO30Jan203900PE.NFO,07/01/2020,11:54:57,23.1,23,1600,23.45,200,0,21000
ULTRACEMCO30Jan203900PE.NFO,07/01/2020,11:55:01,23.1,23.05,1600,23.45,200,0,21000
ULTRACEMCO30Jan203900PE.NFO,07/01/2020,11:55:08,23.1,23.05,1600,23.4,200,0,21000
ULTRACEMCO30Jan203900PE.NFO,07/01/2020,11:55:11,23.1,23.05,1600,23.45,200,0,21000
ULTRACEMCO30Jan203900PE.NFO,07/01/2020,11:55:18,23.1,23.1,1600,23.45,200,0,21000
ULTRACEMCO30Jan203900PE.NFO,07/01/2020,11:55:21,23.1,23.2,1600,30.4,2200,0,21000
ULTRACEMCO30Jan203900PE.NFO,07/01/2020,11:55:25,23.1,23.25,1600,29.6,1800,0,21000
ULTRACEMCO30Jan203900PE.NFO,07/01/2020,11:55:28,23.1,23.15,1600,28.45,200,0,21000
ULTRACEMCO30Jan203900PE.NFO,07/01/2020,11:55:31,23.1,23.15,1600,26.6,600,0,21000
ULTRACEMCO30Jan203900PE.NFO,07/01/2020,11:55:34,23.1,23.25,1600,25.8,600,0,21000
ULTRACEMCO30Jan203900PE.NFO,07/01/2020,11:55:37,23.1,23.25,1600,25.3,600,0,21000
ULTRACEMCO30Jan203900PE.NFO,07/01/2020,11:55:41,23.1,23.1,1600,25,600,0,21000
ULTRACEMCO30Jan203900PE.NFO,07/01/2020,11:55:47,23.1,23,1600,25,600,0,21000
ULTRACEMCO30Jan203900PE.NFO,07/01/2020,11:56:01,23.1,23.1,1600,25,600,0,21000
ULTRACEMCO30Jan203900PE.NFO,07/01/2020,11:56:05,23.1,23.25,1600,25,600,0,21000
ULTRACEMCO30Jan203900PE.NFO,07/01/2020,11:56:09,23.1,23.15,1600,25,600,0,21000
ULTRACEMCO30Jan203900PE.NFO,07/01/2020,11:56:13,23.1,23.1,1600,25,600,0,21000
ULTRACEMCO30Jan203900PE.NFO,07/01/2020,11:56:55,23.1,23.15,1600,25,600,0,21000
ULTRACEMCO30Jan203900PE.NFO,07/01/2020,11:56:59,23.1,23.2,1600,25,600,0,21000
ULTRACEMCO30Jan203900PE.NFO,07/01/2020,11:57:05,23.1,23,1800,25,600,0,21000
ULTRACEMCO30Jan203900PE.NFO,07/01/2020,11:57:09,23.1,23,1600,25,600,0,21000
ULTRACEMCO30Jan203900PE.NFO,07/01/2020,11:57:46,23.1,23.1,1600,25,600,0,21000
ULTRACEMCO30Jan203900PE.NFO,07/01/2020,11:57:57,23.1,22.75,1800,24.7,600,0,21000
ULTRACEMCO30Jan203900PE.NFO,07/01/2020,11:58:21,23.1,22.75,200,24.6,600,0,21000
ULTRACEMCO30Jan203900PE.NFO,07/01/2020,11:58:25,23.1,22.75,1800,24.6,600,0,21000
ULTRACEMCO30Jan203900PE.NFO,07/01/2020,11:58:33,23.1,22.75,200,24.6,600,0,21000
ULTRACEMCO30Jan203900PE.NFO,07/01/2020,11:59:10,23.1,22.75,1800,24.6,600,0,21000
ULTRACEMCO30Jan203900PE.NFO,07/01/2020,11:59:16,23.1,22.85,400,24.6,600,0,21000
ULTRACEMCO30Jan203900PE.NFO,07/01/2020,11:59:20,23.1,23,200,24.6,600,0,21000
ULTRACEMCO30Jan203900PE.NFO,07/01/2020,11:59:23,23.1,22.95,1800,24.6,600,0,21000
ULTRACEMCO30Jan203900PE.NFO,07/01/2020,11:59:40,23.1,22.9,200,24.6,600,0,21000
ULTRACEMCO30Jan203900PE.NFO,07/01/2020,11:59:52,23.1,22.9,1800,24.6,600,0,21000
ULTRACEMCO30Jan203900PE.NFO,07/01/2020,11:59:56,23.1,22.9,200,24.6,600,0,21000
ULTRACEMCO30Jan203900PE.NFO,07/01/2020,12:00:03,23.1,22.9,1800,24.6,600,0,21000
ULTRACEMCO30Jan203900PE.NFO,07/01/2020,12:00:07,23.1,22.9,200,24.5,600,0,21000
ULTRACEMCO30Jan203900PE.NFO,07/01/2020,12:00:15,23.1,22.85,200,24.5,600,0,21000
ULTRACEMCO30Jan203900PE.NFO,07/01/2020,12:00:19,23.1,22.85,1800,24.5,600,0,21000
ULTRACEMCO30Jan203900PE.NFO,07/01/2020,12:00:23,23.1,22.85,200,24.4,600,0,21000
ULTRACEMCO30Jan203900PE.NFO,07/01/2020,12:00:40,23.1,22.85,200,24.3,600,0,21000
ULTRACEMCO30Jan203900PE.NFO,07/01/2020,12:01:52,23.1,22.95,400,24.3,600,0,21000
ULTRACEMCO30Jan203900PE.NFO,07/01/2020,12:01:55,23.1,22.95,200,24.3,600,0,21000
ULTRACEMCO30Jan203900PE.NFO,07/01/2020,12:01:58,24,22.9,200,24.3,600,200,21200
ULTRACEMCO30Jan203900PE.NFO,07/01/2020,12:02:00,24,22.9,200,24.3,600,0,21200
ULTRACEMCO30Jan203900PE.NFO,07/01/2020,12:02:18,24,22.9,200,24.2,600,0,21200
ULTRACEMCO30Jan203900PE.NFO,07/01/2020,12:02:31,24,22.9,200,24.1,600,0,21200
ULTRACEMCO30Jan203900PE.NFO,07/01/2020,12:02:38,24,22.8,200,24,600,0,21200
ULTRACEMCO30Jan203900PE.NFO,07/01/2020,12:02:57,24,22.75,200,24,600,0,21200
ULTRACEMCO30Jan203900PE.NFO,07/01/2020,12:03:06,24,22.75,1800,24,600,0,21200
ULTRACEMCO30Jan203900PE.NFO,07/01/2020,12:03:12,24,22.8,200,24,600,0,21200
ULTRACEMCO30Jan203900PE.NFO,07/01/2020,12:03:51,24,22.75,1800,24,600,0,21200
ULTRACEMCO30Jan203900PE.NFO,07/01/2020,12:04:01,24,22.8,1800,24,600,0,21200
ULTRACEMCO30Jan203900PE.NFO,07/01/2020,12:04:11,24,22.75,1800,24,600,0,21200
ULTRACEMCO30Jan203900PE.NFO,07/01/2020,12:04:21,24,22.75,1800,23.9,600,0,21200
ULTRACEMCO30Jan203900PE.NFO,07/01/2020,12:04:42,24,22.85,200,23.9,600,0,21200
ULTRACEMCO30Jan203900PE.NFO,07/01/2020,12:04:49,24,22.85,1800,23.9,600,0,21200
ULTRACEMCO30Jan203900PE.NFO,07/01/2020,12:04:57,24,22.85,200,23.9,600,0,21200
ULTRACEMCO30Jan203900PE.NFO,07/01/2020,12:05:08,24,22.85,1800,23.9,600,0,21200
ULTRACEMCO30Jan203900PE.NFO,07/01/2020,12:05:19,24,23.05,2000,23.9,400,0,21200
ULTRACEMCO30Jan203900PE.NFO,07/01/2020,12:05:22,24,23.15,200,23.9,400,0,21200
ULTRACEMCO30Jan203900PE.NFO,07/01/2020,12:05:30,24,23.1,200,23.9,400,0,21200
ULTRACEMCO30Jan203900PE.NFO,07/01/2020,12:05:34,24,23.1,1800,23.9,400,0,21200
ULTRACEMCO30Jan203900PE.NFO,07/01/2020,12:05:38,24,23.1,1600,23.9,400,0,21200
ULTRACEMCO30Jan203900PE.NFO,07/01/2020,12:05:51,24,23.15,1600,23.9,400,0,21200
ULTRACEMCO30Jan203900PE.NFO,07/01/2020,12:05:57,24,23.3,1600,23.9,400,0,21200
ULTRACEMCO30Jan203900PE.NFO,07/01/2020,12:06:03,24,23.35,1600,23.9,400,0,21200
ULTRACEMCO30Jan203900PE.NFO,07/01/2020,12:06:17,24,23.3,1600,23.9,400,0,21200
ULTRACEMCO30Jan203900PE.NFO,07/01/2020,12:06:43,24,23.35,1600,23.9,400,0,21200
ULTRACEMCO30Jan203900PE.NFO,07/01/2020,12:06:46,24,23.3,1600,23.9,400,0,21200
ULTRACEMCO30Jan203900PE.NFO,07/01/2020,12:06:50,24,23.7,1600,24,200,0,21200
ULTRACEMCO30Jan203900PE.NFO,07/01/2020,12:06:55,24,23.7,1600,24.05,200,0,21200
ULTRACEMCO30Jan203900PE.NFO,07/01/2020,12:06:57,24,23.75,1600,24.05,200,0,21200
ULTRACEMCO30Jan203900PE.NFO,07/01/2020,12:07:00,24,23.7,1600,24.05,200,0,21200
ULTRACEMCO30Jan203900PE.NFO,07/01/2020,12:07:11,24,23.7,1600,24.1,200,0,21200
ULTRACEMCO30Jan203900PE.NFO,07/01/2020,12:07:17,24,23.35,1600,24.1,200,0,21200
ULTRACEMCO30Jan203900PE.NFO,07/01/2020,12:07:20,24,23.3,1800,24.1,200,0,21200
ULTRACEMCO30Jan203900PE.NFO,07/01/2020,12:07:22,24,23.25,1600,24,600,0,21200
ULTRACEMCO30Jan203900PE.NFO,07/01/2020,12:07:26,24,23.2,1600,24,600,0,21200
ULTRACEMCO30Jan203900PE.NFO,07/01/2020,12:07:29,24,23.2,1600,23.9,600,0,21200
ULTRACEMCO30Jan203900PE.NFO,07/01/2020,12:07:31,24,23.15,1600,23.9,600,0,21200
ULTRACEMCO30Jan203900PE.NFO,07/01/2020,12:07:33,24,23.15,200,23.8,400,0,21200
ULTRACEMCO30Jan203900PE.NFO,07/01/2020,12:07:36,24,23.1,1800,23.8,400,0,21200
ULTRACEMCO30Jan203900PE.NFO,07/01/2020,12:07:39,24,23.1,1600,23.8,400,0,21200
ULTRACEMCO30Jan203900PE.NFO,07/01/2020,12:07:48,24,23.05,1800,23.8,400,0,21200
ULTRACEMCO30Jan203900PE.NFO,07/01/2020,12:07:50,24,23.05,1600,23.8,400,0,21200
ULTRACEMCO30Jan203900PE.NFO,07/01/2020,12:07:54,24,23,1600,23.6,600,0,21200
ULTRACEMCO30Jan203900PE.NFO,07/01/2020,12:08:04,24,22.95,1600,23.5,400,0,21200
ULTRACEMCO30Jan203900PE.NFO,07/01/2020,12:08:16,24,22.7,1600,23.3,400,0,21200
ULTRACEMCO30Jan203900PE.NFO,07/01/2020,12:08:23,24,22.7,1800,23.3,400,0,21200
ULTRACEMCO30Jan203900PE.NFO,07/01/2020,12:08:28,24,22.7,1600,23.2,200,0,21200
ULTRACEMCO30Jan203900PE.NFO,07/01/2020,12:08:34,24,22.65,200,23.15,200,0,21200
ULTRACEMCO30Jan203900PE.NFO,07/01/2020,12:08:41,24,22.05,600,22.95,200,0,21200
ULTRACEMCO30Jan203900PE.NFO,07/01/2020,12:08:44,24,22.15,600,29.55,2600,0,21200
ULTRACEMCO30Jan203900PE.NFO,07/01/2020,12:08:48,24,22.15,2200,28.75,1800,0,21200
ULTRACEMCO30Jan203900PE.NFO,07/01/2020,12:08:51,24,22.25,600,25.7,200,0,21200
ULTRACEMCO30Jan203900PE.NFO,07/01/2020,12:08:55,24,22.25,600,24.55,600,0,21200
ULTRACEMCO30Jan203900PE.NFO,07/01/2020,12:08:59,24,22.25,600,24.45,600,0,21200
ULTRACEMCO30Jan203900PE.NFO,07/01/2020,12:12:35,24,22.25,2200,24.45,600,0,21200
ULTRACEMCO30Jan203900PE.NFO,07/01/2020,12:12:41,24,22.35,600,24.45,600,0,21200
ULTRACEMCO30Jan203900PE.NFO,07/01/2020,12:12:44,24,22.45,2200,24.45,600,0,21200
ULTRACEMCO30Jan203900PE.NFO,07/01/2020,12:12:49,24,22.55,600,24.45,600,0,21200
ULTRACEMCO30Jan203900PE.NFO,07/01/2020,12:12:59,24,22.55,400,24.45,600,0,21200
ULTRACEMCO30Jan203900PE.NFO,07/01/2020,12:13:02,24,22.65,2200,24.45,600,0,21200
ULTRACEMCO30Jan203900PE.NFO,07/01/2020,12:13:06,24,22.65,600,24.45,600,0,21200
ULTRACEMCO30Jan203900PE.NFO,07/01/2020,12:13:11,24,22.65,400,24.45,600,0,21200
ULTRACEMCO30Jan203900PE.NFO,07/01/2020,12:13:25,24,22.65,200,24.45,600,0,21200
ULTRACEMCO30Jan203900PE.NFO,07/01/2020,12:13:48,24,22.55,200,24.35,600,0,21200
ULTRACEMCO30Jan203900PE.NFO,07/01/2020,12:13:55,24,22.55,1800,24.35,600,0,21200
ULTRACEMCO30Jan203900PE.NFO,07/01/2020,12:14:06,24,22.7,200,24.35,600,0,21200
ULTRACEMCO30Jan203900PE.NFO,07/01/2020,12:14:12,24,22.8,200,24.35,600,0,21200
ULTRACEMCO30Jan203900PE.NFO,07/01/2020,12:14:21,24,22.75,1800,24.35,600,0,21200
ULTRACEMCO30Jan203900PE.NFO,07/01/2020,12:14:50,24,22.9,400,24.35,600,0,21200
ULTRACEMCO30Jan203900PE.NFO,07/01/2020,12:14:56,24,22.9,200,24.35,600,0,21200
ULTRACEMCO30Jan203900PE.NFO,07/01/2020,12:15:20,24,22.85,1800,24.35,600,0,21200
ULTRACEMCO30Jan203900PE.NFO,07/01/2020,12:15:36,24,22.8,200,24.35,600,0,21200
ULTRACEMCO30Jan203900PE.NFO,07/01/2020,12:15:40,24,22.8,200,24.25,600,0,21200
ULTRACEMCO30Jan203900PE.NFO,07/01/2020,12:15:46,24,22.8,200,24.15,600,0,21200
ULTRACEMCO30Jan203900PE.NFO,07/01/2020,12:15:49,24,22.75,200,24.15,600,0,21200
ULTRACEMCO30Jan203900PE.NFO,07/01/2020,12:16:19,24,22.7,1800,24.15,600,0,21200
ULTRACEMCO30Jan203900PE.NFO,07/01/2020,12:17:20,24,22.7,1800,24.05,600,0,21200
ULTRACEMCO30Jan203900PE.NFO,07/01/2020,12:17:34,24,22.7,200,24.05,600,0,21200
ULTRACEMCO30Jan203900PE.NFO,07/01/2020,12:17:36,24,22.7,200,23.95,600,0,21200
ULTRACEMCO30Jan203900PE.NFO,07/01/2020,12:17:49,24,22.65,1800,23.95,600,0,21200
ULTRACEMCO30Jan203900PE.NFO,07/01/2020,12:18:46,24,22.7,1600,23.95,600,0,21200
ULTRACEMCO30Jan203900PE.NFO,07/01/2020,12:19:20,24,22.6,1800,23.75,600,0,21200
ULTRACEMCO30Jan203900PE.NFO,07/01/2020,12:19:43,24,22.6,1800,23.65,600,0,21200
ULTRACEMCO30Jan203900PE.NFO,07/01/2020,12:20:11,22.7,22.6,1800,23.65,600,600,21400
ULTRACEMCO30Jan203900PE.NFO,07/01/2020,12:20:15,22.7,22.65,1800,23.65,600,0,21400
ULTRACEMCO30Jan203900PE.NFO,07/01/2020,12:20:19,22.7,22.7,1800,23.65,600,0,21400
ULTRACEMCO30Jan203900PE.NFO,07/01/2020,12:21:58,22.7,22.85,400,23.65,400,0,21400
ULTRACEMCO30Jan203900PE.NFO,07/01/2020,12:22:02,22.7,22.85,2000,23.65,400,0,21400
ULTRACEMCO30Jan203900PE.NFO,07/01/2020,12:22:16,22.7,22.85,1800,23.65,400,0,21400
ULTRACEMCO30Jan203900PE.NFO,07/01/2020,12:22:20,22.7,22.95,1800,23.65,400,0,21400
ULTRACEMCO30Jan203900PE.NFO,07/01/2020,12:22:32,22.7,22.95,1600,23.65,400,0,21400
ULTRACEMCO30Jan203900PE.NFO,07/01/2020,12:22:39,22.7,22.95,1800,23.65,400,0,21400
ULTRACEMCO30Jan203900PE.NFO,07/01/2020,12:22:41,22.7,22.9,1600,23.65,400,0,21400
ULTRACEMCO30Jan203900PE.NFO,07/01/2020,12:22:45,22.7,22.9,1800,23.65,400,0,21400
ULTRACEMCO30Jan203900PE.NFO,07/01/2020,12:22:49,22.7,22.95,1800,23.65,400,0,21400
ULTRACEMCO30Jan203900PE.NFO,07/01/2020,12:22:54,22.7,22.9,200,23.65,400,0,21400
ULTRACEMCO30Jan203900PE.NFO,07/01/2020,12:23:19,22.7,22.85,200,23.45,200,0,21400
ULTRACEMCO30Jan203900PE.NFO,07/01/2020,12:23:44,22.7,22.8,200,23.35,200,0,21400
ULTRACEMCO30Jan203900PE.NFO,07/01/2020,12:23:54,22.7,22.8,200,23.4,200,0,21400
ULTRACEMCO30Jan203900PE.NFO,07/01/2020,12:24:16,22.7,22.8,200,23.4,400,0,21400
ULTRACEMCO30Jan203900PE.NFO,07/01/2020,12:24:22,22.7,22.75,200,23.4,400,0,21400
ULTRACEMCO30Jan203900PE.NFO,07/01/2020,12:24:26,22.7,22.7,1800,23.4,400,0,21400
ULTRACEMCO30Jan203900PE.NFO,07/01/2020,12:24:32,22.7,22.7,1600,23.4,400,0,21400
ULTRACEMCO30Jan203900PE.NFO,07/01/2020,12:25:09,22.7,22.85,1600,23.4,200,0,21400
ULTRACEMCO30Jan203900PE.NFO,07/01/2020,12:25:31,22.7,22.85,1600,23.3,400,0,21400
ULTRACEMCO30Jan203900PE.NFO,07/01/2020,12:26:32,22.7,22.9,1600,23.3,200,0,21400
ULTRACEMCO30Jan203900PE.NFO,07/01/2020,12:26:36,23.3,22.9,1600,23.4,200,200,21400
ULTRACEMCO30Jan203900PE.NFO,07/01/2020,12:26:39,23.3,22.9,1800,23.45,200,0,22000
ULTRACEMCO30Jan203900PE.NFO,07/01/2020,12:26:44,23.3,22.9,1800,23.55,200,0,22000
ULTRACEMCO30Jan203900PE.NFO,07/01/2020,12:27:47,23.3,22.95,1600,23.55,200,0,22000
ULTRACEMCO30Jan203900PE.NFO,07/01/2020,12:27:50,23.3,23,1800,23.6,200,0,22000
ULTRACEMCO30Jan203900PE.NFO,07/01/2020,12:27:58,23.3,23.05,1600,23.6,200,0,22000
ULTRACEMCO30Jan203900PE.NFO,07/01/2020,12:28:09,23.3,23.2,200,23.75,200,0,22000
ULTRACEMCO30Jan203900PE.NFO,07/01/2020,12:28:12,23.3,23.2,1800,23.8,200,0,22000
ULTRACEMCO30Jan203900PE.NFO,07/01/2020,12:28:15,23.3,23.2,200,23.8,200,0,22000
ULTRACEMCO30Jan203900PE.NFO,07/01/2020,12:28:19,23.3,23.1,1800,23.8,200,0,22000
ULTRACEMCO30Jan203900PE.NFO,07/01/2020,12:28:22,23.3,23.2,200,23.8,200,0,22000
ULTRACEMCO30Jan203900PE.NFO,07/01/2020,12:28:26,23.3,23.15,200,23.8,200,0,22000
ULTRACEMCO30Jan203900PE.NFO,07/01/2020,12:28:37,23.3,23.2,1800,23.8,200,0,22000
ULTRACEMCO30Jan203900PE.NFO,07/01/2020,12:28:40,23.3,23.3,200,23.85,200,0,22000
ULTRACEMCO30Jan203900PE.NFO,07/01/2020,12:28:43,23.3,23.4,1800,23.95,200,0,22000
ULTRACEMCO30Jan203900PE.NFO,07/01/2020,12:28:46,23.3,23.4,1600,23.95,200,0,22000
ULTRACEMCO30Jan203900PE.NFO,07/01/2020,12:28:50,23.3,23.55,1600,24,200,0,22000
ULTRACEMCO30Jan203900PE.NFO,07/01/2020,12:29:01,24,23.75,400,24.5,200,200,22000
ULTRACEMCO30Jan203900PE.NFO,07/01/2020,12:29:07,24,23.75,2000,24.6,200,0,22000
ULTRACEMCO30Jan203900PE.NFO,07/01/2020,12:29:12,24,23.75,400,24.6,200,0,22000
ULTRACEMCO30Jan203900PE.NFO,07/01/2020,12:29:16,24,23.85,400,24.65,200,0,22000
ULTRACEMCO30Jan203900PE.NFO,07/01/2020,12:29:31,24,23.85,2000,24.65,200,0,22000
ULTRACEMCO30Jan203900PE.NFO,07/01/2020,12:29:35,24,23.95,2000,24.7,200,0,22000
ULTRACEMCO30Jan203900PE.NFO,07/01/2020,12:29:40,24,24.05,200,24.7,200,0,22000
ULTRACEMCO30Jan203900PE.NFO,07/01/2020,12:29:49,24,24.15,200,24.75,200,0,22000
ULTRACEMCO30Jan203900PE.NFO,07/01/2020,12:29:54,24,24.1,200,24.75,200,0,22000
ULTRACEMCO30Jan203900PE.NFO,07/01/2020,12:30:03,24,24.2,400,24.9,200,0,22000
ULTRACEMCO30Jan203900PE.NFO,07/01/2020,12:30:09,24,24.5,200,25.1,200,0,22000
ULTRACEMCO30Jan203900PE.NFO,07/01/2020,12:30:14,24,24.65,200,25.2,200,0,22000
ULTRACEMCO30Jan203900PE.NFO,07/01/2020,12:30:19,24,24.6,1800,25.2,200,0,22000
ULTRACEMCO30Jan203900PE.NFO,07/01/2020,12:30:29,24,24.6,1800,25.25,200,0,22000
ULTRACEMCO30Jan203900PE.NFO,07/01/2020,12:30:34,24,24.6,1600,25.25,200,0,22000
ULTRACEMCO30Jan203900PE.NFO,07/01/2020,12:30:39,24,24.1,1800,25.15,600,0,22000
ULTRACEMCO30Jan203900PE.NFO,07/01/2020,12:30:43,24,24.1,200,24.95,600,0,22000
ULTRACEMCO30Jan203900PE.NFO,07/01/2020,12:30:53,24,23.55,1800,24.55,600,0,22000
ULTRACEMCO30Jan203900PE.NFO,07/01/2020,12:30:59,24,23.8,1600,24.55,600,0,22000
ULTRACEMCO30Jan203900PE.NFO,07/01/2020,12:31:04,24,23.85,1600,24.55,600,0,22000
ULTRACEMCO30Jan203900PE.NFO,07/01/2020,12:31:09,24,23.7,1800,24.55,600,0,22000
ULTRACEMCO30Jan203900PE.NFO,07/01/2020,12:31:13,24,23.7,1600,24.55,600,0,22000
ULTRACEMCO30Jan203900PE.NFO,07/01/2020,12:31:20,24,23.7,1800,24.55,600,0,22000
ULTRACEMCO30Jan203900PE.NFO,07/01/2020,12:31:23,24,23.75,1600,24.55,600,0,22000
ULTRACEMCO30Jan203900PE.NFO,07/01/2020,12:31:30,24,23.85,1600,24.55,600,0,22000
ULTRACEMCO30Jan203900PE.NFO,07/01/2020,12:31:34,24,23.75,1600,24.55,600,0,22000
ULTRACEMCO30Jan203900PE.NFO,07/01/2020,12:31:38,24,23.85,1600,24.55,600,0,22000
ULTRACEMCO30Jan203900PE.NFO,07/01/2020,12:31:41,24,23.9,1600,24.55,400,0,22000
ULTRACEMCO30Jan203900PE.NFO,07/01/2020,12:31:44,24,23.95,1600,24.55,400,0,22000
ULTRACEMCO30Jan203900PE.NFO,07/01/2020,12:31:48,24,24,1800,24.55,200,0,22000
ULTRACEMCO30Jan203900PE.NFO,07/01/2020,12:31:52,24,24.05,1600,24.6,200,0,22000
ULTRACEMCO30Jan203900PE.NFO,07/01/2020,12:31:56,24,24.1,1600,24.65,200,0,22000
ULTRACEMCO30Jan203900PE.NFO,07/01/2020,12:32:00,24,24.2,1600,24.65,200,0,22000
ULTRACEMCO30Jan203900PE.NFO,07/01/2020,12:32:38,24,24.2,1600,36.5,4400,0,22000
ULTRACEMCO30Jan203900PE.NFO,07/01/2020,12:33:18,24,24.2,1800,36.5,4400,0,22000
ULTRACEMCO30Jan203900PE.NFO,07/01/2020,12:33:25,24,24.2,1600,36.5,4400,0,22000
ULTRACEMCO30Jan203900PE.NFO,07/01/2020,12:33:48,24,24,200,36.5,4400,0,22000
ULTRACEMCO30Jan203900PE.NFO,07/01/2020,12:33:51,24,23.95,200,36.5,4400,0,22000
ULTRACEMCO30Jan203900PE.NFO,07/01/2020,12:33:59,24,23.9,1800,36.5,4400,0,22000
ULTRACEMCO30Jan203900PE.NFO,07/01/2020,12:34:03,24,23.9,200,36.5,4400,0,22000
ULTRACEMCO30Jan203900PE.NFO,07/01/2020,12:34:07,24,24,1800,36.5,4400,0,22000
ULTRACEMCO30Jan203900PE.NFO,07/01/2020,12:34:11,24,24.2,1600,36.5,4400,0,22000
ULTRACEMCO30Jan203900PE.NFO,07/01/2020,12:34:14,24,24.15,1600,36.5,4400,0,22000
ULTRACEMCO30Jan203900PE.NFO,07/01/2020,12:34:25,24,24.1,1800,36.5,4400,0,22000
ULTRACEMCO30Jan203900PE.NFO,07/01/2020,12:34:29,24,24.05,200,36.5,4400,0,22000
ULTRACEMCO30Jan203900PE.NFO,07/01/2020,12:34:34,24,23.9,1800,36.5,4400,0,22000
ULTRACEMCO30Jan203900PE.NFO,07/01/2020,12:34:39,24,23.75,200,36.5,4400,0,22000
ULTRACEMCO30Jan203900PE.NFO,07/01/2020,12:34:44,24,23.85,1600,36.5,4400,0,22000
ULTRACEMCO30Jan203900PE.NFO,07/01/2020,12:34:48,24,23.7,1800,36.5,4400,0,22000
ULTRACEMCO30Jan203900PE.NFO,07/01/2020,12:34:51,24,23.7,1600,36.5,4400,0,22000
ULTRACEMCO30Jan203900PE.NFO,07/01/2020,12:34:54,24,23.7,1800,36.5,4400,0,22000
ULTRACEMCO30Jan203900PE.NFO,07/01/2020,12:34:59,24,23.8,400,36.5,4400,0,22000
ULTRACEMCO30Jan203900PE.NFO,07/01/2020,12:35:03,24,23.8,200,36.5,4400,0,22000
ULTRACEMCO30Jan203900PE.NFO,07/01/2020,12:35:10,24,23.9,400,36.5,4400,0,22000
ULTRACEMCO30Jan203900PE.NFO,07/01/2020,12:35:13,24,23.9,1800,36.5,4400,0,22000
ULTRACEMCO30Jan203900PE.NFO,07/01/2020,12:35:16,24,23.9,200,36.5,4400,0,22000
ULTRACEMCO30Jan203900PE.NFO,07/01/2020,12:35:22,24,23.8,200,36.5,4400,0,22000
ULTRACEMCO30Jan203900PE.NFO,07/01/2020,12:35:43,24,23.75,1800,36.5,4400,0,22000
ULTRACEMCO30Jan203900PE.NFO,07/01/2020,12:35:56,24,23.75,200,36.5,4400,0,22000
ULTRACEMCO30Jan203900PE.NFO,07/01/2020,12:36:09,24,23.75,1800,36.5,4400,0,22000
ULTRACEMCO30Jan203900PE.NFO,07/01/2020,12:36:12,24,23.75,200,36.5,4400,0,22000
ULTRACEMCO30Jan203900PE.NFO,07/01/2020,12:36:20,24,23.75,1800,36.5,4400,0,22000
ULTRACEMCO30Jan203900PE.NFO,07/01/2020,12:36:23,24,23.85,200,36.5,4400,0,22000
ULTRACEMCO30Jan203900PE.NFO,07/01/2020,12:36:26,24,23.8,200,36.5,4400,0,22000
ULTRACEMCO30Jan203900PE.NFO,07/01/2020,12:36:38,24,23.75,1800,36.5,4400,0,22000
ULTRACEMCO30Jan203900PE.NFO,07/01/2020,12:36:48,24,23.75,200,36.5,4400,0,22000
ULTRACEMCO30Jan203900PE.NFO,07/01/2020,12:36:54,24,23.85,1800,36.5,4400,0,22000
ULTRACEMCO30Jan203900PE.NFO,07/01/2020,12:37:33,24,23.85,200,36.5,4400,0,22000
ULTRACEMCO30Jan203900PE.NFO,07/01/2020,12:37:46,24,23.7,1800,36.5,4400,0,22000
ULTRACEMCO30Jan203900PE.NFO,07/01/2020,12:37:51,23.7,23.35,200,36.5,4400,200,22200
ULTRACEMCO30Jan203900PE.NFO,07/01/2020,12:37:54,23.7,23.35,200,36.5,4400,0,22200
ULTRACEMCO30Jan203900PE.NFO,07/01/2020,12:37:57,23.7,23.2,200,36.5,4400,0,22200
ULTRACEMCO30Jan203900PE.NFO,07/01/2020,12:38:00,23.7,23.15,1800,36.5,4400,0,22200
ULTRACEMCO30Jan203900PE.NFO,07/01/2020,12:38:04,23.7,23.3,200,36.5,4400,0,22200
ULTRACEMCO30Jan203900PE.NFO,07/01/2020,12:38:08,23.7,23.4,1600,36.5,4400,0,22200
ULTRACEMCO30Jan203900PE.NFO,07/01/2020,12:38:26,23.7,23.2,1800,36.5,4400,0,22200
ULTRACEMCO30Jan203900PE.NFO,07/01/2020,12:38:30,23.7,23.15,1800,36.5,4400,0,22200
ULTRACEMCO30Jan203900PE.NFO,07/01/2020,12:39:04,23.7,23.3,200,36.5,4400,0,22200
ULTRACEMCO30Jan203900PE.NFO,07/01/2020,12:39:11,23.7,23.25,1800,36.5,4400,0,22200
ULTRACEMCO30Jan203900PE.NFO,07/01/2020,12:39:23,23.7,23.2,200,36.5,4400,0,22200
ULTRACEMCO30Jan203900PE.NFO,07/01/2020,12:39:28,23.7,23.15,1800,36.5,4400,0,22200
ULTRACEMCO30Jan203900PE.NFO,07/01/2020,12:40:03,23.7,23.25,1800,36.5,4400,0,22200
ULTRACEMCO30Jan203900PE.NFO,07/01/2020,12:40:08,23.7,23.2,200,36.5,4400,0,22200
ULTRACEMCO30Jan203900PE.NFO,07/01/2020,12:40:11,23.7,23.1,200,36.5,4400,0,22200
ULTRACEMCO30Jan203900PE.NFO,07/01/2020,12:40:13,23.7,23.05,200,36.5,4400,0,22200
ULTRACEMCO30Jan203900PE.NFO,07/01/2020,12:40:16,23.7,23,200,36.5,4400,0,22200
ULTRACEMCO30Jan203900PE.NFO,07/01/2020,12:40:34,23.7,22.95,200,36.5,4400,0,22200
ULTRACEMCO30Jan203900PE.NFO,07/01/2020,12:40:42,23.7,22.9,1800,36.5,4400,0,22200
ULTRACEMCO30Jan203900PE.NFO,07/01/2020,12:40:45,23.7,22.9,200,36.5,4400,0,22200
ULTRACEMCO30Jan203900PE.NFO,07/01/2020,12:41:05,23.7,22.85,200,36.5,4400,0,22200
ULTRACEMCO30Jan203900PE.NFO,07/01/2020,12:41:18,23.7,22.8,1800,36.5,4400,0,22200
ULTRACEMCO30Jan203900PE.NFO,07/01/2020,12:41:51,23.7,22.85,1600,36.5,4400,0,22200
ULTRACEMCO30Jan203900PE.NFO,07/01/2020,12:41:53,23.7,22.9,400,36.5,4400,0,22200
ULTRACEMCO30Jan203900PE.NFO,07/01/2020,12:41:55,23.7,22.9,200,36.5,4400,0,22200
ULTRACEMCO30Jan203900PE.NFO,07/01/2020,12:42:04,23.7,22.85,200,36.5,4400,0,22200
ULTRACEMCO30Jan203900PE.NFO,07/01/2020,12:42:12,23.7,22.8,1800,36.5,4400,0,22200
ULTRACEMCO30Jan203900PE.NFO,07/01/2020,12:42:15,23.7,22.9,200,36.5,4400,0,22200
ULTRACEMCO30Jan203900PE.NFO,07/01/2020,12:42:17,23.7,22.85,1800,36.5,4400,0,22200
ULTRACEMCO30Jan203900PE.NFO,07/01/2020,12:42:37,23.7,23,2000,36.5,4400,0,22200
ULTRACEMCO30Jan203900PE.NFO,07/01/2020,12:42:53,23.7,23,200,36.5,4400,0,22200
ULTRACEMCO30Jan203900PE.NFO,07/01/2020,12:42:55,23.7,22.85,200,36.5,4400,0,22200
ULTRACEMCO30Jan203900PE.NFO,07/01/2020,12:42:57,23.7,22.8,200,36.5,4400,0,22200
ULTRACEMCO30Jan203900PE.NFO,07/01/2020,12:42:59,23.7,22.8,1800,36.5,4400,0,22200
ULTRACEMCO30Jan203900PE.NFO,07/01/2020,12:43:01,23.7,22.8,200,36.5,4400,0,22200
ULTRACEMCO30Jan203900PE.NFO,07/01/2020,12:43:03,23.7,22.8,1800,36.5,4400,0,22200
ULTRACEMCO30Jan203900PE.NFO,07/01/2020,12:43:06,23.7,22.8,200,36.5,4400,0,22200
ULTRACEMCO30Jan203900PE.NFO,07/01/2020,12:43:13,23.7,22.8,1800,36.5,4400,0,22200
ULTRACEMCO30Jan203900PE.NFO,07/01/2020,12:43:15,23.7,22.8,200,36.5,4400,0,22200
ULTRACEMCO30Jan203900PE.NFO,07/01/2020,12:43:19,23.7,22.9,200,36.5,4400,0,22200
ULTRACEMCO30Jan203900PE.NFO,07/01/2020,12:43:25,23.7,22.85,200,36.5,4400,0,22200
ULTRACEMCO30Jan203900PE.NFO,07/01/2020,12:43:29,23.7,22.8,200,36.5,4400,0,22200
ULTRACEMCO30Jan203900PE.NFO,07/01/2020,12:43:32,23.7,22.8,1800,36.5,4400,0,22200
ULTRACEMCO30Jan203900PE.NFO,07/01/2020,12:43:35,23.7,22.75,1800,36.5,4400,0,22200
ULTRACEMCO30Jan203900PE.NFO,07/01/2020,12:43:55,23.7,22.85,600,36.5,4400,0,22200
ULTRACEMCO30Jan203900PE.NFO,07/01/2020,12:44:00,23.7,22.85,400,36.5,4400,0,22200
ULTRACEMCO30Jan203900PE.NFO,07/01/2020,12:44:04,23.7,22.85,200,36.5,4400,0,22200
ULTRACEMCO30Jan203900PE.NFO,07/01/2020,12:44:06,23.7,22.8,200,36.5,4400,0,22200
ULTRACEMCO30Jan203900PE.NFO,07/01/2020,12:44:07,23.7,22.9,200,36.5,4400,0,22200
ULTRACEMCO30Jan203900PE.NFO,07/01/2020,12:44:41,23.7,22.9,1800,36.5,4400,0,22200
ULTRACEMCO30Jan203900PE.NFO,07/01/2020,12:44:52,23.7,23,400,36.5,4400,0,22200
ULTRACEMCO30Jan203900PE.NFO,07/01/2020,12:44:59,23.7,23,200,36.5,4400,0,22200
ULTRACEMCO30Jan203900PE.NFO,07/01/2020,12:45:12,23.7,23,1800,36.5,4400,0,22200
ULTRACEMCO30Jan203900PE.NFO,07/01/2020,12:45:33,23.7,23.1,400,36.5,4400,0,22200
ULTRACEMCO30Jan203900PE.NFO,07/01/2020,12:45:36,23.7,23.1,200,36.5,4400,0,22200
ULTRACEMCO30Jan203900PE.NFO,07/01/2020,12:45:42,23.7,23.05,1800,36.5,4400,0,22200
ULTRACEMCO30Jan203900PE.NFO,07/01/2020,12:45:44,23.7,23.05,200,36.5,4400,0,22200
ULTRACEMCO30Jan203900PE.NFO,07/01/2020,12:45:48,23.7,23.05,1800,36.5,4400,0,22200
ULTRACEMCO30Jan203900PE.NFO,07/01/2020,12:45:54,23.7,22.95,200,36.5,4400,0,22200
ULTRACEMCO30Jan203900PE.NFO,07/01/2020,12:46:00,23.7,22.9,200,36.5,4400,0,22200
ULTRACEMCO30Jan203900PE.NFO,07/01/2020,12:46:04,23.7,22.85,200,36.5,4400,0,22200
ULTRACEMCO30Jan203900PE.NFO,07/01/2020,12:46:08,23.7,22.85,1800,36.5,4400,0,22200
ULTRACEMCO30Jan203900PE.NFO,07/01/2020,12:46:25,23.7,22.85,200,36.5,4400,0,22200
ULTRACEMCO30Jan203900PE.NFO,07/01/2020,12:46:35,23.7,22.75,1800,36.5,4400,0,22200
ULTRACEMCO30Jan203900PE.NFO,07/01/2020,12:46:50,23.7,22.75,200,36.5,4400,0,22200
ULTRACEMCO30Jan203900PE.NFO,07/01/2020,12:47:14,23.7,22.7,200,36.5,4400,0,22200
ULTRACEMCO30Jan203900PE.NFO,07/01/2020,12:47:23,23.7,22.45,400,36.5,4400,0,22200
ULTRACEMCO30Jan203900PE.NFO,07/01/2020,12:47:30,23.7,22.45,200,36.5,4400,0,22200
ULTRACEMCO30Jan203900PE.NFO,07/01/2020,12:47:34,23.7,22.4,200,36.5,4400,0,22200
ULTRACEMCO30Jan203900PE.NFO,07/01/2020,12:47:46,23.7,22.35,200,36.5,4400,0,22200
ULTRACEMCO30Jan203900PE.NFO,07/01/2020,12:49:25,23.7,22.3,200,36.5,4400,0,22200
ULTRACEMCO30Jan203900PE.NFO,07/01/2020,12:49:29,23.7,22.25,200,36.5,4400,0,22200
ULTRACEMCO30Jan203900PE.NFO,07/01/2020,12:49:34,23.7,22.25,1800,36.5,4400,0,22200
ULTRACEMCO30Jan203900PE.NFO,07/01/2020,12:49:40,23.7,22.25,200,36.5,4400,0,22200
ULTRACEMCO30Jan203900PE.NFO,07/01/2020,12:49:59,23.7,22.25,1800,36.5,4400,0,22200
ULTRACEMCO30Jan203900PE.NFO,07/01/2020,12:50:00,23.7,22.25,200,35.55,4200,0,22200
ULTRACEMCO30Jan203900PE.NFO,07/01/2020,12:50:03,22.25,22.15,1600,33.8,3400,200,22200
ULTRACEMCO30Jan203900PE.NFO,07/01/2020,12:50:06,22.25,22.15,1800,32.75,4200,0,22200
ULTRACEMCO30Jan203900PE.NFO,07/01/2020,12:50:08,22.25,22.2,1600,32.55,4200,0,22200
ULTRACEMCO30Jan203900PE.NFO,07/01/2020,12:50:11,22.25,22.2,1800,31.95,4200,0,22200
ULTRACEMCO30Jan203900PE.NFO,07/01/2020,12:50:14,22.25,22.15,200,31.95,4200,0,22200
ULTRACEMCO30Jan203900PE.NFO,07/01/2020,12:50:16,22.25,22.1,200,31.45,4200,0,22200
ULTRACEMCO30Jan203900PE.NFO,07/01/2020,12:50:19,22.25,22.05,200,30.95,3800,0,22200
ULTRACEMCO30Jan203900PE.NFO,07/01/2020,12:50:24,22.25,22.05,200,30.95,4200,0,22200
ULTRACEMCO30Jan203900PE.NFO,07/01/2020,12:50:32,22.25,22.15,400,30.95,4200,0,22200
ULTRACEMCO30Jan203900PE.NFO,07/01/2020,12:50:36,22.25,22.15,2000,30.95,4200,0,22200
ULTRACEMCO30Jan203900PE.NFO,07/01/2020,12:50:42,22.25,22.1,200,30.95,4200,0,22200
ULTRACEMCO30Jan203900PE.NFO,07/01/2020,12:50:45,22.25,21.85,200,30.95,4200,0,22200
ULTRACEMCO30Jan203900PE.NFO,07/01/2020,12:50:55,22.25,21.35,2200,30.55,4200,0,22200
ULTRACEMCO30Jan203900PE.NFO,07/01/2020,12:50:58,22.25,21.35,2200,30.45,3800,0,22200
ULTRACEMCO30Jan203900PE.NFO,07/01/2020,12:51:01,22.25,21.35,2200,30.45,4200,0,22200
ULTRACEMCO30Jan203900PE.NFO,07/01/2020,12:51:04,22.25,21.5,200,30.25,4200,0,22200
ULTRACEMCO30Jan203900PE.NFO,07/01/2020,12:51:11,22.25,21.5,200,30.15,4200,0,22200
ULTRACEMCO30Jan203900PE.NFO,07/01/2020,12:51:17,22.25,21.5,200,30.05,4200,0,22200
ULTRACEMCO30Jan203900PE.NFO,07/01/2020,12:51:32,21.5,21.4,1800,21.65,200,200,22200
ULTRACEMCO30Jan203900PE.NFO,07/01/2020,12:51:36,21.5,21.5,1600,21.6,200,0,22200
ULTRACEMCO30Jan203900PE.NFO,07/01/2020,12:51:39,21.5,21.45,1600,21.6,200,0,22200
ULTRACEMCO30Jan203900PE.NFO,07/01/2020,12:51:45,21.55,21.55,1600,22,200,200,22200
ULTRACEMCO30Jan203900PE.NFO,07/01/2020,12:51:48,21.55,21.6,1600,22,200,0,22200
ULTRACEMCO30Jan203900PE.NFO,07/01/2020,12:51:57,21.55,21.45,1600,22,200,0,22200
ULTRACEMCO30Jan203900PE.NFO,07/01/2020,12:52:00,21.55,21.7,1600,22.05,200,0,22200
ULTRACEMCO30Jan203900PE.NFO,07/01/2020,12:52:03,21.55,21.75,1600,22.05,200,0,22200
ULTRACEMCO30Jan203900PE.NFO,07/01/2020,12:52:06,21.55,22.05,1600,22.35,200,0,22200
ULTRACEMCO30Jan203900PE.NFO,07/01/2020,12:52:10,21.55,22.15,1600,22.5,200,0,22200
ULTRACEMCO30Jan203900PE.NFO,07/01/2020,12:52:38,21.55,22.25,1600,22.5,200,0,22200
ULTRACEMCO30Jan203900PE.NFO,07/01/2020,12:52:42,21.55,22.3,1600,22.5,200,0,22200
ULTRACEMCO30Jan203900PE.NFO,07/01/2020,12:52:45,21.55,22.25,1600,22.5,200,0,22200
ULTRACEMCO30Jan203900PE.NFO,07/01/2020,12:52:52,21.55,22.3,1600,22.5,200,0,22200
ULTRACEMCO30Jan203900PE.NFO,07/01/2020,12:52:57,21.55,22.25,1600,22.5,200,0,22200
ULTRACEMCO30Jan203900PE.NFO,07/01/2020,12:53:01,21.55,22.3,1600,22.5,200,0,22200
ULTRACEMCO30Jan203900PE.NFO,07/01/2020,12:53:11,21.55,22.25,1600,22.5,200,0,22200
ULTRACEMCO30Jan203900PE.NFO,07/01/2020,12:53:17,21.55,22.25,1600,22.55,200,0,22200
ULTRACEMCO30Jan203900PE.NFO,07/01/2020,12:53:26,21.55,21.9,1600,22.55,200,0,22200
ULTRACEMCO30Jan203900PE.NFO,07/01/2020,12:53:31,21.55,21.75,1800,22.55,200,0,22200
ULTRACEMCO30Jan203900PE.NFO,07/01/2020,12:53:35,21.55,21.7,1600,22.55,200,0,22200
ULTRACEMCO30Jan203900PE.NFO,07/01/2020,12:53:38,21.55,21.55,1800,22.55,200,0,22200
ULTRACEMCO30Jan203900PE.NFO,07/01/2020,12:53:41,21.55,21.65,400,22.55,200,0,22200
ULTRACEMCO30Jan203900PE.NFO,07/01/2020,12:53:46,21.55,21.65,2000,22.55,200,0,22200
ULTRACEMCO30Jan203900PE.NFO,07/01/2020,12:53:59,21.55,21.75,600,22.55,200,0,22200
ULTRACEMCO30Jan203900PE.NFO,07/01/2020,12:54:01,21.55,21.75,400,22.55,200,0,22200
ULTRACEMCO30Jan203900PE.NFO,07/01/2020,12:54:15,21.55,21.75,200,22.55,200,0,22200
ULTRACEMCO30Jan203900PE.NFO,07/01/2020,12:54:28,22.55,21.9,600,22.75,200,200,22600
ULTRACEMCO30Jan203900PE.NFO,07/01/2020,12:54:33,22.55,22.05,400,22.75,200,0,22600
ULTRACEMCO30Jan203900PE.NFO,07/01/2020,12:54:36,22.55,22.2,200,22.85,200,0,22600
ULTRACEMCO30Jan203900PE.NFO,07/01/2020,12:54:38,22.55,22.2,200,22.9,200,0,22600
ULTRACEMCO30Jan203900PE.NFO,07/01/2020,12:54:57,22.55,22.15,200,22.9,200,0,22600
ULTRACEMCO30Jan203900PE.NFO,07/01/2020,12:55:05,22.55,22.1,200,22.9,200,0,22600
ULTRACEMCO30Jan203900PE.NFO,07/01/2020,12:55:57,22.55,22.05,200,22.9,200,0,22600
ULTRACEMCO30Jan203900PE.NFO,07/01/2020,12:56:53,22.55,22,200,22.9,200,0,22600
ULTRACEMCO30Jan203900PE.NFO,07/01/2020,12:58:04,22.55,22.1,400,22.9,200,0,22600
ULTRACEMCO30Jan203900PE.NFO,07/01/2020,12:58:20,22.55,22.3,200,23.05,200,0,22600
ULTRACEMCO30Jan203900PE.NFO,07/01/2020,12:59:25,22.55,22.25,1800,23.05,200,0,22600
ULTRACEMCO30Jan203900PE.NFO,07/01/2020,12:59:43,22.55,22.45,200,23.05,200,0,22600
ULTRACEMCO30Jan203900PE.NFO,07/01/2020,12:59:53,22.55,22.45,200,23.1,200,0,22600
ULTRACEMCO30Jan203900PE.NFO,07/01/2020,12:59:56,22.55,22.45,1800,23.15,200,0,22600
ULTRACEMCO30Jan203900PE.NFO,07/01/2020,13:00:05,22.55,22.7,1800,23.25,200,0,22600
ULTRACEMCO30Jan203900PE.NFO,07/01/2020,13:00:10,22.55,22.95,1600,29.25,1400,0,22600
ULTRACEMCO30Jan203900PE.NFO,07/01/2020,13:00:19,22.55,23,200,25.55,200,0,22600
ULTRACEMCO30Jan203900PE.NFO,07/01/2020,13:00:26,22.55,23,1800,25.1,600,0,22600
ULTRACEMCO30Jan203900PE.NFO,07/01/2020,13:00:31,22.55,23,200,25.1,600,0,22600
ULTRACEMCO30Jan203900PE.NFO,07/01/2020,13:00:44,22.55,22.95,200,25.1,600,0,22600
ULTRACEMCO30Jan203900PE.NFO,07/01/2020,13:00:49,22.55,22.85,1800,24.9,600,0,22600
ULTRACEMCO30Jan203900PE.NFO,07/01/2020,13:00:54,22.55,22.95,200,24.9,600,0,22600
ULTRACEMCO30Jan203900PE.NFO,07/01/2020,13:00:59,22.55,22.95,1800,24.9,600,0,22600
ULTRACEMCO30Jan203900PE.NFO,07/01/2020,13:01:03,22.55,23.05,1800,24.9,600,0,22600
ULTRACEMCO30Jan203900PE.NFO,07/01/2020,13:01:10,22.55,23.15,1800,24.9,600,0,22600
ULTRACEMCO30Jan203900PE.NFO,07/01/2020,13:01:17,22.55,23.25,1600,24.9,600,0,22600
ULTRACEMCO30Jan203900PE.NFO,07/01/2020,13:01:24,22.55,23.3,1600,24.9,600,0,22600
ULTRACEMCO30Jan203900PE.NFO,07/01/2020,13:01:31,22.55,23.35,1600,24.9,600,0,22600
ULTRACEMCO30Jan203900PE.NFO,07/01/2020,13:01:38,22.55,23.35,1800,24.9,600,0,22600
ULTRACEMCO30Jan203900PE.NFO,07/01/2020,13:01:43,22.55,23.35,1600,24.9,600,0,22600
ULTRACEMCO30Jan203900PE.NFO,07/01/2020,13:01:48,22.55,23.7,1600,24.9,600,0,22600
ULTRACEMCO30Jan203900PE.NFO,07/01/2020,13:01:54,22.55,23.7,1800,24.9,600,0,22600
ULTRACEMCO30Jan203900PE.NFO,07/01/2020,13:02:00,23.65,23.35,1600,24.9,600,200,22600
ULTRACEMCO30Jan203900PE.NFO,07/01/2020,13:02:07,23.65,23.35,1600,24.9,600,0,22600
ULTRACEMCO30Jan203900PE.NFO,07/01/2020,13:02:12,23.65,23.3,1600,24.9,600,0,22600
ULTRACEMCO30Jan203900PE.NFO,07/01/2020,13:02:17,23.65,23.35,1600,24.9,600,0,22600
ULTRACEMCO30Jan203900PE.NFO,07/01/2020,13:02:26,23.65,23.4,1600,24.9,600,0,22600
ULTRACEMCO30Jan203900PE.NFO,07/01/2020,13:02:36,23.65,23.5,1600,24.9,600,0,22600
ULTRACEMCO30Jan203900PE.NFO,07/01/2020,13:02:41,23.65,23.65,1600,24.9,600,0,22600
ULTRACEMCO30Jan203900PE.NFO,07/01/2020,13:02:47,23.65,23.55,1600,24.9,600,0,22600
ULTRACEMCO30Jan203900PE.NFO,07/01/2020,13:03:05,23.65,23.65,1600,24.9,600,0,22600
ULTRACEMCO30Jan203900PE.NFO,07/01/2020,13:03:13,23.65,23.4,1600,24.9,600,0,22600
ULTRACEMCO30Jan203900PE.NFO,07/01/2020,13:03:18,23.65,23.4,1600,24.8,600,0,22600
ULTRACEMCO30Jan203900PE.NFO,07/01/2020,13:03:45,23.65,23.45,1600,24.8,600,0,22600
ULTRACEMCO30Jan203900PE.NFO,07/01/2020,13:03:49,23.65,23.5,1600,24.8,600,0,22600
ULTRACEMCO30Jan203900PE.NFO,07/01/2020,13:03:57,23.65,23.45,1600,24.8,600,0,22600
ULTRACEMCO30Jan203900PE.NFO,07/01/2020,13:04:05,23.65,23.45,1600,24.7,600,0,22600
ULTRACEMCO30Jan203900PE.NFO,07/01/2020,13:04:09,23.65,23.45,1600,24.6,600,0,22600
ULTRACEMCO30Jan203900PE.NFO,07/01/2020,13:04:12,23.65,23,1600,24.3,600,0,22600
ULTRACEMCO30Jan203900PE.NFO,07/01/2020,13:04:15,23.65,22.85,1600,24.1,600,0,22600
ULTRACEMCO30Jan203900PE.NFO,07/01/2020,13:04:19,23.65,23,1600,24.1,600,0,22600
ULTRACEMCO30Jan203900PE.NFO,07/01/2020,13:04:24,23.65,23.05,1600,24.1,600,0,22600
ULTRACEMCO30Jan203900PE.NFO,07/01/2020,13:04:27,23.65,23,1600,24.1,600,0,22600
ULTRACEMCO30Jan203900PE.NFO,07/01/2020,13:04:33,23.65,23.05,1600,24.1,600,0,22600
ULTRACEMCO30Jan203900PE.NFO,07/01/2020,13:04:40,23.65,23,1600,24.1,600,0,22600
ULTRACEMCO30Jan203900PE.NFO,07/01/2020,13:04:45,23.65,23.3,1600,24.1,600,0,22600
ULTRACEMCO30Jan203900PE.NFO,07/01/2020,13:04:53,23.65,23,1600,24.1,600,0,22600
ULTRACEMCO30Jan203900PE.NFO,07/01/2020,13:04:59,23.65,23.1,1600,24.1,600,0,22600
ULTRACEMCO30Jan203900PE.NFO,07/01/2020,13:05:05,23.65,23.25,1600,24.1,600,0,22600
ULTRACEMCO30Jan203900PE.NFO,07/01/2020,13:05:11,23.65,23.3,1600,24.1,600,0,22600
ULTRACEMCO30Jan203900PE.NFO,07/01/2020,13:05:17,23.65,23.15,1600,24.1,600,0,22600
ULTRACEMCO30Jan203900PE.NFO,07/01/2020,13:05:23,23.65,23.1,1600,24.1,600,0,22600
ULTRACEMCO30Jan203900PE.NFO,07/01/2020,13:05:28,23.65,23.15,1600,24.1,600,0,22600
ULTRACEMCO30Jan203900PE.NFO,07/01/2020,13:05:33,23.65,23.05,1600,24.1,600,0,22600
ULTRACEMCO30Jan203900PE.NFO,07/01/2020,13:05:38,23.65,23.15,1600,24.1,600,0,22600
ULTRACEMCO30Jan203900PE.NFO,07/01/2020,13:05:54,23.65,23.35,1600,24.1,600,0,22600
ULTRACEMCO30Jan203900PE.NFO,07/01/2020,13:06:00,23.65,23.45,1600,24.1,600,0,22600
ULTRACEMCO30Jan203900PE.NFO,07/01/2020,13:06:05,23.65,23.25,1600,24.1,600,0,22600
ULTRACEMCO30Jan203900PE.NFO,07/01/2020,13:06:11,23.65,23.4,1600,24.1,600,0,22600
ULTRACEMCO30Jan203900PE.NFO,07/01/2020,13:06:17,23.65,23.5,1600,24.1,600,0,22600
ULTRACEMCO30Jan203900PE.NFO,07/01/2020,13:06:23,23.65,23.3,1600,24.1,600,0,22600
ULTRACEMCO30Jan203900PE.NFO,07/01/2020,13:06:28,23.65,23.4,1600,24.1,600,0,22600
ULTRACEMCO30Jan203900PE.NFO,07/01/2020,13:06:34,23.65,23.45,1600,24.1,600,0,22600
ULTRACEMCO30Jan203900PE.NFO,07/01/2020,13:06:39,23.65,23.5,1600,24.1,600,0,22600
ULTRACEMCO30Jan203900PE.NFO,07/01/2020,13:06:44,23.65,23.45,1600,24.1,600,0,22600
ULTRACEMCO30Jan203900PE.NFO,07/01/2020,13:06:49,23.65,23.5,1600,24.1,600,0,22600
ULTRACEMCO30Jan203900PE.NFO,07/01/2020,13:07:04,23.65,23.65,1600,24.1,600,0,22600
ULTRACEMCO30Jan203900PE.NFO,07/01/2020,13:07:15,23.65,23.75,1600,24.1,600,0,22600
ULTRACEMCO30Jan203900PE.NFO,07/01/2020,13:07:21,23.65,23.7,1600,24.1,600,0,22600
ULTRACEMCO30Jan203900PE.NFO,07/01/2020,13:07:37,23.65,23.85,1600,24.1,400,0,22600
ULTRACEMCO30Jan203900PE.NFO,07/01/2020,13:07:48,23.65,23.9,1600,24.1,400,0,22600
ULTRACEMCO30Jan203900PE.NFO,07/01/2020,13:07:52,23.65,23.95,1600,24.1,400,0,22600
ULTRACEMCO30Jan203900PE.NFO,07/01/2020,13:07:57,23.65,23.95,1600,24.1,200,0,22600
ULTRACEMCO30Jan203900PE.NFO,07/01/2020,13:08:05,23.65,23.95,1600,24.2,200,0,22600
ULTRACEMCO30Jan203900PE.NFO,07/01/2020,13:08:13,23.65,24,1600,24.2,200,0,22600
ULTRACEMCO30Jan203900PE.NFO,07/01/2020,13:08:20,24.2,24.15,1600,24.45,200,200,22200
ULTRACEMCO30Jan203900PE.NFO,07/01/2020,13:08:20,24.2,24.15,1600,24.45,200,0,22200
ULTRACEMCO30Jan203900PE.NFO,07/01/2020,13:08:28,24.2,24.2,1600,24.5,200,0,22200
ULTRACEMCO30Jan203900PE.NFO,07/01/2020,13:08:35,24.2,24.15,1600,24.5,200,0,22200
ULTRACEMCO30Jan203900PE.NFO,07/01/2020,13:08:42,24.2,24.25,1600,24.65,200,0,22200
ULTRACEMCO30Jan203900PE.NFO,07/01/2020,13:08:48,24.2,24.35,1600,24.65,200,0,22200
ULTRACEMCO30Jan203900PE.NFO,07/01/2020,13:08:54,24.2,24.45,1600,24.65,200,0,22200
ULTRACEMCO30Jan203900PE.NFO,07/01/2020,13:09:14,24.2,24.6,1600,24.7,200,0,22200
ULTRACEMCO30Jan203900PE.NFO,07/01/2020,13:09:22,24.7,24.6,1600,30.45,200,200,22400
ULTRACEMCO30Jan203900PE.NFO,07/01/2020,13:09:22,24.7,24.6,1600,30.45,200,0,22400
ULTRACEMCO30Jan203900PE.NFO,07/01/2020,13:09:29,24.7,24.45,1800,28,600,0,22400
ULTRACEMCO30Jan203900PE.NFO,07/01/2020,13:09:43,24.7,24.3,1800,27.9,600,0,22400
ULTRACEMCO30Jan203900PE.NFO,07/01/2020,13:09:49,24.7,24.3,1600,27.9,600,0,22400
ULTRACEMCO30Jan203900PE.NFO,07/01/2020,13:09:56,24.7,24.15,1800,27.8,600,0,22400
ULTRACEMCO30Jan203900PE.NFO,07/01/2020,13:10:03,24.7,24.25,1600,27.8,600,0,22400
ULTRACEMCO30Jan203900PE.NFO,07/01/2020,13:10:39,24.7,24.35,1600,27.8,600,0,22400
ULTRACEMCO30Jan203900PE.NFO,07/01/2020,13:11:03,24.7,24.2,1800,27.8,600,0,22400
ULTRACEMCO30Jan203900PE.NFO,07/01/2020,13:11:08,24.7,24.35,1600,27.8,600,0,22400
ULTRACEMCO30Jan203900PE.NFO,07/01/2020,13:11:14,24.7,24.3,1600,27.8,600,0,22400
ULTRACEMCO30Jan203900PE.NFO,07/01/2020,13:11:19,24.7,24.45,1600,27.8,600,0,22400
ULTRACEMCO30Jan203900PE.NFO,07/01/2020,13:11:23,24.7,24.3,1600,27.8,600,0,22400
ULTRACEMCO30Jan203900PE.NFO,07/01/2020,13:11:32,24.7,24.25,1600,27.8,600,0,22400
ULTRACEMCO30Jan203900PE.NFO,07/01/2020,13:11:41,24.7,24,1800,27.6,600,0,22400
ULTRACEMCO30Jan203900PE.NFO,07/01/2020,13:11:45,24.7,24.15,1600,27.6,600,0,22400
ULTRACEMCO30Jan203900PE.NFO,07/01/2020,13:11:53,24.7,24.1,200,27.6,600,0,22400
ULTRACEMCO30Jan203900PE.NFO,07/01/2020,13:11:58,24.7,24.05,1800,27.5,600,0,22400
ULTRACEMCO30Jan203900PE.NFO,07/01/2020,13:12:05,24.7,24.05,200,27.5,600,0,22400
ULTRACEMCO30Jan203900PE.NFO,07/01/2020,13:12:11,24.7,23.85,200,27.2,600,0,22400
ULTRACEMCO30Jan203900PE.NFO,07/01/2020,13:12:29,24.7,23.85,1800,27.2,600,0,22400
ULTRACEMCO30Jan203900PE.NFO,07/01/2020,13:12:34,24.7,24.05,200,27.2,600,0,22400
ULTRACEMCO30Jan203900PE.NFO,07/01/2020,13:12:43,24.7,24,1800,27.2,600,0,22400
ULTRACEMCO30Jan203900PE.NFO,07/01/2020,13:12:47,24.7,23.95,200,27.15,200,0,22400
ULTRACEMCO30Jan203900PE.NFO,07/01/2020,13:12:52,24.7,23.8,200,27.1,600,0,22400
ULTRACEMCO30Jan203900PE.NFO,07/01/2020,13:12:55,24.7,23.7,200,26.9,600,0,22400
ULTRACEMCO30Jan203900PE.NFO,07/01/2020,13:13:09,24.7,23.7,1800,26.9,600,0,22400
ULTRACEMCO30Jan203900PE.NFO,07/01/2020,13:13:12,24.7,23.7,1800,26.8,600,0,22400
ULTRACEMCO30Jan203900PE.NFO,07/01/2020,13:13:21,24.7,23.8,400,26.8,600,0,22400
ULTRACEMCO30Jan203900PE.NFO,07/01/2020,13:13:24,24.7,23.8,200,26.8,600,0,22400
ULTRACEMCO30Jan203900PE.NFO,07/01/2020,13:13:35,24.7,23.8,200,26.6,600,0,22400
ULTRACEMCO30Jan203900PE.NFO,07/01/2020,13:13:40,24.7,23.7,200,26.6,600,0,22400
ULTRACEMCO30Jan203900PE.NFO,07/01/2020,13:13:53,24.7,23.7,1800,26.6,600,0,22400
ULTRACEMCO30Jan203900PE.NFO,07/01/2020,13:14:03,24.7,23.8,200,26.6,600,0,22400
ULTRACEMCO30Jan203900PE.NFO,07/01/2020,13:14:23,24.7,23.75,200,26.5,600,0,22400
ULTRACEMCO30Jan203900PE.NFO,07/01/2020,13:14:35,24.7,23.7,200,26.5,600,0,22400
ULTRACEMCO30Jan203900PE.NFO,07/01/2020,13:14:40,24.7,23.6,200,26.3,600,0,22400
ULTRACEMCO30Jan203900PE.NFO,07/01/2020,13:14:58,24.7,23.6,1800,26.3,600,0,22400
ULTRACEMCO30Jan203900PE.NFO,07/01/2020,13:15:04,24.7,23.8,200,26.3,600,0,22400
ULTRACEMCO30Jan203900PE.NFO,07/01/2020,13:15:11,24.7,23.95,200,26.3,600,0,22400
ULTRACEMCO30Jan203900PE.NFO,07/01/2020,13:15:19,24.7,23.8,400,26.3,600,0,22400
ULTRACEMCO30Jan203900PE.NFO,07/01/2020,13:15:27,24.7,23.75,200,26.3,600,0,22400
ULTRACEMCO30Jan203900PE.NFO,07/01/2020,13:15:40,24.7,23.75,1800,26.3,600,0,22400
ULTRACEMCO30Jan203900PE.NFO,07/01/2020,13:15:52,24.7,23.85,1800,26.3,600,0,22400
ULTRACEMCO30Jan203900PE.NFO,07/01/2020,13:16:09,24.7,23.85,1600,26.2,600,0,22400
ULTRACEMCO30Jan203900PE.NFO,07/01/2020,13:16:16,24.7,23.85,1800,26.2,600,0,22400
ULTRACEMCO30Jan203900PE.NFO,07/01/2020,13:16:33,24.7,24,1800,26.2,600,0,22400
ULTRACEMCO30Jan203900PE.NFO,07/01/2020,13:16:44,24.7,24.05,200,26.2,600,0,22400
ULTRACEMCO30Jan203900PE.NFO,07/01/2020,13:16:49,24.7,24.15,1800,26.2,600,0,22400
ULTRACEMCO30Jan203900PE.NFO,07/01/2020,13:16:54,24.7,24.25,1800,26.2,600,0,22400
ULTRACEMCO30Jan203900PE.NFO,07/01/2020,13:17:07,24.7,24.3,1800,26.2,600,0,22400
ULTRACEMCO30Jan203900PE.NFO,07/01/2020,13:17:15,24.7,24.45,200,26.2,600,0,22400
ULTRACEMCO30Jan203900PE.NFO,07/01/2020,13:17:23,24.7,24.5,200,26.2,600,0,22400
ULTRACEMCO30Jan203900PE.NFO,07/01/2020,13:17:30,24.7,24.6,1600,26.2,600,0,22400
ULTRACEMCO30Jan203900PE.NFO,07/01/2020,13:17:37,24.7,24.65,1600,26.2,600,0,22400
ULTRACEMCO30Jan203900PE.NFO,07/01/2020,13:17:51,24.7,24.7,1600,26.2,600,0,22400
ULTRACEMCO30Jan203900PE.NFO,07/01/2020,13:18:01,24.7,24.8,1600,26.2,600,0,22400
ULTRACEMCO30Jan203900PE.NFO,07/01/2020,13:18:15,24.7,24.85,1600,26.2,600,0,22400
ULTRACEMCO30Jan203900PE.NFO,07/01/2020,13:18:28,24.7,24.4,200,26.1,600,0,22400
ULTRACEMCO30Jan203900PE.NFO,07/01/2020,13:18:35,24.7,24.35,1800,26.1,600,0,22400
ULTRACEMCO30Jan203900PE.NFO,07/01/2020,13:18:40,24.7,24.45,1600,26.1,600,0,22400
ULTRACEMCO30Jan203900PE.NFO,07/01/2020,13:18:52,24.7,24.3,1600,25.9,600,0,22400
ULTRACEMCO30Jan203900PE.NFO,07/01/2020,13:19:03,24.7,24.3,1800,25.9,600,0,22400
ULTRACEMCO30Jan203900PE.NFO,07/01/2020,13:19:21,24.7,24.35,1800,25.9,600,0,22400
ULTRACEMCO30Jan203900PE.NFO,07/01/2020,13:19:27,24.7,24.5,1800,25.9,600,0,22400
ULTRACEMCO30Jan203900PE.NFO,07/01/2020,13:19:37,24.7,24.5,200,25.9,600,0,22400
ULTRACEMCO30Jan203900PE.NFO,07/01/2020,13:19:40,24.7,24.5,1800,25.9,600,0,22400
ULTRACEMCO30Jan203900PE.NFO,07/01/2020,13:19:44,24.7,24.6,200,25.9,600,0,22400
ULTRACEMCO30Jan203900PE.NFO,07/01/2020,13:19:48,24.7,24.55,1800,25.9,600,0,22400
ULTRACEMCO30Jan203900PE.NFO,07/01/2020,13:19:53,24.7,24.6,1800,25.9,600,0,22400
ULTRACEMCO30Jan203900PE.NFO,07/01/2020,13:19:58,24.7,24.3,1800,25.8,600,0,22400
ULTRACEMCO30Jan203900PE.NFO,07/01/2020,13:20:08,24.7,24.25,200,25.7,600,0,22400
ULTRACEMCO30Jan203900PE.NFO,07/01/2020,13:20:13,24.7,24.2,200,25.6,600,0,22400
ULTRACEMCO30Jan203900PE.NFO,07/01/2020,13:20:35,24.7,24.3,1600,25.6,600,0,22400
ULTRACEMCO30Jan203900PE.NFO,07/01/2020,13:20:48,24.7,24.2,200,25.5,600,0,22400
ULTRACEMCO30Jan203900PE.NFO,07/01/2020,13:20:52,24.7,24.2,200,25.4,600,0,22400
ULTRACEMCO30Jan203900PE.NFO,07/01/2020,13:21:18,24.7,24.3,1600,25.4,600,0,22400
ULTRACEMCO30Jan203900PE.NFO,07/01/2020,13:21:26,24.7,24.2,1600,25.4,600,0,22400
ULTRACEMCO30Jan203900PE.NFO,07/01/2020,13:21:40,24.7,24.4,1600,25.4,600,0,22400
ULTRACEMCO30Jan203900PE.NFO,07/01/2020,13:21:45,24.7,24.45,1600,25.4,600,0,22400
ULTRACEMCO30Jan203900PE.NFO,07/01/2020,13:21:49,24.7,24.55,1600,25.4,600,0,22400
ULTRACEMCO30Jan203900PE.NFO,07/01/2020,13:21:54,24.7,24.5,1600,25.4,600,0,22400
ULTRACEMCO30Jan203900PE.NFO,07/01/2020,13:21:58,24.7,24.45,1600,25.4,600,0,22400
ULTRACEMCO30Jan203900PE.NFO,07/01/2020,13:22:07,24.7,24.4,1600,25.4,600,0,22400
ULTRACEMCO30Jan203900PE.NFO,07/01/2020,13:22:11,24.7,24.6,1600,25.4,600,0,22400
ULTRACEMCO30Jan203900PE.NFO,07/01/2020,13:22:27,24.7,24.6,1600,25.35,200,0,22400
ULTRACEMCO30Jan203900PE.NFO,07/01/2020,13:22:31,24.7,24.15,1600,25.2,600,0,22400
ULTRACEMCO30Jan203900PE.NFO,07/01/2020,13:22:36,24.7,24.35,1600,25.2,600,0,22400
ULTRACEMCO30Jan203900PE.NFO,07/01/2020,13:22:45,24.7,24.25,1600,25.2,600,0,22400
ULTRACEMCO30Jan203900PE.NFO,07/01/2020,13:22:56,24.7,24.45,1600,25.2,600,0,22400
ULTRACEMCO30Jan203900PE.NFO,07/01/2020,13:23:07,24.7,24.5,1600,25.2,600,0,22400
ULTRACEMCO30Jan203900PE.NFO,07/01/2020,13:23:17,24.7,24.6,1600,25.2,400,0,22400
ULTRACEMCO30Jan203900PE.NFO,07/01/2020,13:23:33,24.7,24.6,1600,25.2,200,0,22400
ULTRACEMCO30Jan203900PE.NFO,07/01/2020,13:23:37,24.7,24.8,1600,25.3,200,0,22400
ULTRACEMCO30Jan203900PE.NFO,07/01/2020,13:23:41,24.7,24.75,1600,25.3,200,0,22400
ULTRACEMCO30Jan203900PE.NFO,07/01/2020,13:23:49,24.7,24.7,200,25.3,200,0,22400
ULTRACEMCO30Jan203900PE.NFO,07/01/2020,13:23:54,24.7,24.75,1600,25.3,200,0,22400
ULTRACEMCO30Jan203900PE.NFO,07/01/2020,13:23:58,24.7,24.8,1600,25.3,200,0,22400
ULTRACEMCO30Jan203900PE.NFO,07/01/2020,13:24:04,24.7,24.7,1600,25.3,200,0,22400
ULTRACEMCO30Jan203900PE.NFO,07/01/2020,13:24:09,25.3,25.3,600,29.95,200,200,22600
ULTRACEMCO30Jan203900PE.NFO,07/01/2020,13:24:09,25.3,25.3,600,29.95,200,0,22600
ULTRACEMCO30Jan203900PE.NFO,07/01/2020,13:24:15,25.3,25.4,600,27.85,200,0,22600
ULTRACEMCO30Jan203900PE.NFO,07/01/2020,13:24:20,25.3,25.4,600,26.9,600,0,22600
ULTRACEMCO30Jan203900PE.NFO,07/01/2020,13:24:42,25.3,25.4,600,26.8,600,0,22600
ULTRACEMCO30Jan203900PE.NFO,07/01/2020,13:24:50,25.3,25.25,200,26.5,600,0,22600
ULTRACEMCO30Jan203900PE.NFO,07/01/2020,13:25:02,25.3,25.2,200,26.5,600,0,22600
ULTRACEMCO30Jan203900PE.NFO,07/01/2020,13:25:07,25.3,25.1,200,26.5,600,0,22600
ULTRACEMCO30Jan203900PE.NFO,07/01/2020,13:25:14,25.3,25.05,200,26.5,600,0,22600
ULTRACEMCO30Jan203900PE.NFO,07/01/2020,13:25:21,25.3,24.9,200,26.2,600,0,22600
ULTRACEMCO30Jan203900PE.NFO,07/01/2020,13:25:48,25.3,25.05,400,26.2,600,0,22600
ULTRACEMCO30Jan203900PE.NFO,07/01/2020,13:25:52,25.3,25.05,200,26.2,600,0,22600
ULTRACEMCO30Jan203900PE.NFO,07/01/2020,13:26:06,25.3,24.95,200,26.2,600,0,22600
ULTRACEMCO30Jan203900PE.NFO,07/01/2020,13:26:09,25.3,24.9,200,26.2,600,0,22600
ULTRACEMCO30Jan203900PE.NFO,07/01/2020,13:26:14,25.3,24.85,200,26.2,600,0,22600
ULTRACEMCO30Jan203900PE.NFO,07/01/2020,13:26:19,25.3,24.75,200,26.2,600,0,22600
ULTRACEMCO30Jan203900PE.NFO,07/01/2020,13:26:29,25.3,24.65,200,26,600,0,22600
ULTRACEMCO30Jan203900PE.NFO,07/01/2020,13:26:39,25.3,24.6,200,26,600,0,22600
ULTRACEMCO30Jan203900PE.NFO,07/01/2020,13:26:49,25.3,24.6,1800,26,600,0,22600
ULTRACEMCO30Jan203900PE.NFO,07/01/2020,13:26:54,25.3,24.8,1800,26,800,0,22600
ULTRACEMCO30Jan203900PE.NFO,07/01/2020,13:27:05,25.3,24.65,200,26,800,0,22600
ULTRACEMCO30Jan203900PE.NFO,07/01/2020,13:27:09,25.3,24.6,1800,25.9,600,0,22600
ULTRACEMCO30Jan203900PE.NFO,07/01/2020,13:27:29,25.3,24.6,200,25.9,600,0,22600
ULTRACEMCO30Jan203900PE.NFO,07/01/2020,13:27:36,25.3,24.75,200,25.9,600,0,22600
ULTRACEMCO30Jan203900PE.NFO,07/01/2020,13:27:42,25.3,24.75,1800,25.9,600,0,22600
ULTRACEMCO30Jan203900PE.NFO,07/01/2020,13:27:48,25.3,24.75,200,25.9,600,0,22600
ULTRACEMCO30Jan203900PE.NFO,07/01/2020,13:27:55,25.3,24.95,200,25.9,600,0,22600
ULTRACEMCO30Jan203900PE.NFO,07/01/2020,13:28:07,25.3,24.95,200,25.9,400,0,22600
ULTRACEMCO30Jan203900PE.NFO,07/01/2020,13:28:13,25.3,24.95,1800,25.9,400,0,22600
ULTRACEMCO30Jan203900PE.NFO,07/01/2020,13:28:18,25.3,24.95,200,25.9,400,0,22600
ULTRACEMCO30Jan203900PE.NFO,07/01/2020,13:28:34,25.3,24.95,200,25.9,200,0,22600
ULTRACEMCO30Jan203900PE.NFO,07/01/2020,13:28:40,25.3,24.95,1800,25.9,200,0,22600
ULTRACEMCO30Jan203900PE.NFO,07/01/2020,13:28:46,25.3,25.3,400,26,400,0,22600
ULTRACEMCO30Jan203900PE.NFO,07/01/2020,13:28:52,25.3,25.3,200,26,200,0,22600
ULTRACEMCO30Jan203900PE.NFO,07/01/2020,13:28:59,25.3,25.65,1800,26.25,200,0,22600
ULTRACEMCO30Jan203900PE.NFO,07/01/2020,13:29:07,25.3,25.65,200,26.25,200,0,22600
ULTRACEMCO30Jan203900PE.NFO,07/01/2020,13:29:15,25.3,25.75,1800,26.4,200,0,22600
ULTRACEMCO30Jan203900PE.NFO,07/01/2020,13:29:22,25.3,25.85,200,26.5,200,0,22600
ULTRACEMCO30Jan203900PE.NFO,07/01/2020,13:29:29,25.3,27,1600,28.4,600,0,22600
ULTRACEMCO30Jan203900PE.NFO,07/01/2020,13:29:35,25.3,27,1800,28.1,600,0,22600
ULTRACEMCO30Jan203900PE.NFO,07/01/2020,13:29:41,25.3,27,200,28.1,600,0,22600
ULTRACEMCO30Jan203900PE.NFO,07/01/2020,13:29:47,25.3,27,200,28.15,200,0,22600
ULTRACEMCO30Jan203900PE.NFO,07/01/2020,13:29:53,25.3,27.1,600,28.15,200,0,22600
ULTRACEMCO30Jan203900PE.NFO,07/01/2020,13:30:01,25.3,27.2,2200,28.15,200,0,22600
ULTRACEMCO30Jan203900PE.NFO,07/01/2020,13:30:08,25.3,27.2,600,28.15,200,0,22600
ULTRACEMCO30Jan203900PE.NFO,07/01/2020,13:30:20,25.3,27.3,600,28.15,200,0,22600
ULTRACEMCO30Jan203900PE.NFO,07/01/2020,13:31:37,25.3,27.3,600,28.15,400,0,22600
ULTRACEMCO30Jan203900PE.NFO,07/01/2020,13:31:52,25.3,27.3,600,28.15,200,0,22600
ULTRACEMCO30Jan203900PE.NFO,07/01/2020,13:32:00,25.3,27.15,200,28.15,400,0,22600
ULTRACEMCO30Jan203900PE.NFO,07/01/2020,13:32:15,25.3,27.15,200,28.15,200,0,22600
ULTRACEMCO30Jan203900PE.NFO,07/01/2020,13:32:20,25.3,27.15,200,28.05,400,0,22600
ULTRACEMCO30Jan203900PE.NFO,07/01/2020,13:32:25,25.3,27.15,200,28.05,200,0,22600
ULTRACEMCO30Jan203900PE.NFO,07/01/2020,13:32:30,25.3,27.15,200,28.05,400,0,22600
ULTRACEMCO30Jan203900PE.NFO,07/01/2020,13:32:41,25.3,27.1,200,28.05,400,0,22600
ULTRACEMCO30Jan203900PE.NFO,07/01/2020,13:32:47,25.3,27.15,200,28.05,400,0,22600
ULTRACEMCO30Jan203900PE.NFO,07/01/2020,13:32:54,25.3,26.95,200,28.05,400,0,22600
ULTRACEMCO30Jan203900PE.NFO,07/01/2020,13:33:21,25.3,26.9,200,28.05,400,0,22600
ULTRACEMCO30Jan203900PE.NFO,07/01/2020,13:33:40,25.3,26.9,200,27.85,400,0,22600
ULTRACEMCO30Jan203900PE.NFO,07/01/2020,13:33:50,25.3,26.9,200,27.85,200,0,22600
ULTRACEMCO30Jan203900PE.NFO,07/01/2020,13:33:56,25.3,26.9,200,28,400,0,22600
ULTRACEMCO30Jan203900PE.NFO,07/01/2020,13:34:06,25.3,26.9,200,28,200,0,22600
ULTRACEMCO30Jan203900PE.NFO,07/01/2020,13:34:57,25.3,26.9,200,27.95,200,0,22600
ULTRACEMCO30Jan203900PE.NFO,07/01/2020,13:35:05,25.3,26.9,200,27.95,400,0,22600
ULTRACEMCO30Jan203900PE.NFO,07/01/2020,13:35:35,25.3,26.75,200,27.95,400,0,22600
ULTRACEMCO30Jan203900PE.NFO,07/01/2020,13:36:15,25.3,26.6,200,27.95,400,0,22600
ULTRACEMCO30Jan203900PE.NFO,07/01/2020,13:36:19,25.3,26.55,200,27.95,400,0,22600
ULTRACEMCO30Jan203900PE.NFO,07/01/2020,13:36:24,25.3,26.45,200,27.95,400,0,22600
ULTRACEMCO30Jan203900PE.NFO,07/01/2020,13:36:28,25.3,26.4,200,27.95,400,0,22600
ULTRACEMCO30Jan203900PE.NFO,07/01/2020,13:36:33,25.3,26.3,200,27.95,400,0,22600
ULTRACEMCO30Jan203900PE.NFO,07/01/2020,13:36:43,25.3,26.4,600,27.95,400,0,22600
ULTRACEMCO30Jan203900PE.NFO,07/01/2020,13:36:54,25.3,26.3,200,27.95,400,0,22600
ULTRACEMCO30Jan203900PE.NFO,07/01/2020,13:37:00,25.3,26.2,200,27.95,400,0,22600
ULTRACEMCO30Jan203900PE.NFO,07/01/2020,13:37:05,25.3,26.15,200,27.95,400,0,22600
ULTRACEMCO30Jan203900PE.NFO,07/01/2020,13:37:10,25.3,26.05,200,27.95,400,0,22600
ULTRACEMCO30Jan203900PE.NFO,07/01/2020,13:37:59,25.3,26,200,27.95,400,0,22600
ULTRACEMCO30Jan203900PE.NFO,07/01/2020,13:38:16,25.3,25.95,200,27.95,400,0,22600
ULTRACEMCO30Jan203900PE.NFO,07/01/2020,13:40:07,25.3,26.15,600,27.95,400,0,22600
ULTRACEMCO30Jan203900PE.NFO,07/01/2020,13:40:14,25.3,26.15,400,27.95,400,0,22600
ULTRACEMCO30Jan203900PE.NFO,07/01/2020,13:40:17,25.3,26.15,400,27.95,200,0,22600
ULTRACEMCO30Jan203900PE.NFO,07/01/2020,13:40:20,25.3,26.15,2000,27.95,200,0,22600
ULTRACEMCO30Jan203900PE.NFO,07/01/2020,13:40:24,25.3,26.15,400,27.95,200,0,22600
ULTRACEMCO30Jan203900PE.NFO,07/01/2020,13:40:29,25.3,26.15,400,27.85,600,0,22600
ULTRACEMCO30Jan203900PE.NFO,07/01/2020,13:40:43,25.3,26.15,400,27.75,600,0,22600
ULTRACEMCO30Jan203900PE.NFO,07/01/2020,13:40:48,25.3,26.15,400,27.65,600,0,22600
ULTRACEMCO30Jan203900PE.NFO,07/01/2020,13:40:53,25.3,26.15,200,27.55,600,0,22600
ULTRACEMCO30Jan203900PE.NFO,07/01/2020,13:41:01,25.3,26.1,200,27.35,600,0,22600
ULTRACEMCO30Jan203900PE.NFO,07/01/2020,13:41:20,25.3,26.05,200,27.25,600,0,22600
ULTRACEMCO30Jan203900PE.NFO,07/01/2020,13:41:26,25.3,25.75,200,26.95,600,0,22600
ULTRACEMCO30Jan203900PE.NFO,07/01/2020,13:41:30,25.3,25.75,200,26.85,600,0,22600
ULTRACEMCO30Jan203900PE.NFO,07/01/2020,13:41:39,25.3,25.75,200,26.75,600,0,22600
ULTRACEMCO30Jan203900PE.NFO,07/01/2020,13:41:50,25.3,25.75,200,26.75,200,0,22600
ULTRACEMCO30Jan203900PE.NFO,07/01/2020,13:42:47,25.3,25.75,200,26.65,400,0,22600
ULTRACEMCO30Jan203900PE.NFO,07/01/2020,13:43:05,25.3,25.65,200,26.35,200,0,22600
ULTRACEMCO30Jan203900PE.NFO,07/01/2020,13:43:09,25.3,25.65,200,26.4,200,0,22600
ULTRACEMCO30Jan203900PE.NFO,07/01/2020,13:43:34,25.3,25.65,200,26.5,200,0,22600
ULTRACEMCO30Jan203900PE.NFO,07/01/2020,13:43:56,25.3,25.65,200,26.4,200,0,22600
ULTRACEMCO30Jan203900PE.NFO,07/01/2020,13:43:59,25.3,25.65,200,26.35,200,0,22600
ULTRACEMCO30Jan203900PE.NFO,07/01/2020,13:44:27,25.3,25.65,200,26.4,200,0,22600
ULTRACEMCO30Jan203900PE.NFO,07/01/2020,13:44:37,25.3,25.65,200,26.35,200,0,22600
ULTRACEMCO30Jan203900PE.NFO,07/01/2020,13:44:56,25.3,25.65,200,26.55,200,0,22600
ULTRACEMCO30Jan203900PE.NFO,07/01/2020,13:45:00,25.3,25.65,200,26.55,400,0,22600
ULTRACEMCO30Jan203900PE.NFO,07/01/2020,13:45:19,25.3,25.6,200,26.55,400,0,22600
ULTRACEMCO30Jan203900PE.NFO,07/01/2020,13:45:30,25.3,25.55,200,26.55,400,0,22600
ULTRACEMCO30Jan203900PE.NFO,07/01/2020,13:45:46,25.3,25.2,200,26.55,400,0,22600
ULTRACEMCO30Jan203900PE.NFO,07/01/2020,13:46:56,25.3,25.1,200,26.55,400,0,22600
ULTRACEMCO30Jan203900PE.NFO,07/01/2020,13:47:38,25.3,25.1,200,26.5,200,0,22600
ULTRACEMCO30Jan203900PE.NFO,07/01/2020,13:47:58,25.3,25.1,200,26.25,200,0,22600
ULTRACEMCO30Jan203900PE.NFO,07/01/2020,13:48:04,25.3,25.1,200,26,200,0,22600
ULTRACEMCO30Jan203900PE.NFO,07/01/2020,13:48:08,25.1,24.5,200,25.5,600,200,22800
ULTRACEMCO30Jan203900PE.NFO,07/01/2020,13:48:14,25.1,24.35,200,25.45,400,0,22800
ULTRACEMCO30Jan203900PE.NFO,07/01/2020,13:48:24,25.1,24.1,200,25.45,400,0,22800
ULTRACEMCO30Jan203900PE.NFO,07/01/2020,13:48:44,25.45,24.1,200,25.4,200,200,22800
ULTRACEMCO30Jan203900PE.NFO,07/01/2020,13:48:44,25.45,24.1,200,25.4,200,0,22800
ULTRACEMCO30Jan203900PE.NFO,07/01/2020,13:48:51,25.45,24.1,200,25.2,200,0,22800
ULTRACEMCO30Jan203900PE.NFO,07/01/2020,13:48:58,25.45,24.1,200,25.1,600,0,22800
ULTRACEMCO30Jan203900PE.NFO,07/01/2020,13:49:04,25.45,24.1,200,25,400,0,22800
ULTRACEMCO30Jan203900PE.NFO,07/01/2020,13:49:11,25.45,24.1,200,24.95,200,0,22800
ULTRACEMCO30Jan203900PE.NFO,07/01/2020,13:49:16,25.45,24.1,200,25,200,0,22800
ULTRACEMCO30Jan203900PE.NFO,07/01/2020,13:50:00,25.45,24.1,200,25.05,200,0,22800
ULTRACEMCO30Jan203900PE.NFO,07/01/2020,13:50:20,25.45,24.1,200,24.75,200,0,22800
ULTRACEMCO30Jan203900PE.NFO,07/01/2020,13:50:40,25.45,24.1,200,24.75,400,0,22800
ULTRACEMCO30Jan203900PE.NFO,07/01/2020,13:50:50,25.45,24,200,24.75,400,0,22800
ULTRACEMCO30Jan203900PE.NFO,07/01/2020,13:51:11,25.45,23.95,200,24.75,400,0,22800
ULTRACEMCO30Jan203900PE.NFO,07/01/2020,13:51:17,25.45,23.75,200,24.75,400,0,22800
ULTRACEMCO30Jan203900PE.NFO,07/01/2020,13:52:23,25.45,23.75,200,24.75,200,0,22800
ULTRACEMCO30Jan203900PE.NFO,07/01/2020,13:52:33,25.45,23.75,200,24.65,200,0,22800
ULTRACEMCO30Jan203900PE.NFO,07/01/2020,13:53:46,25.45,23.75,200,25.15,200,0,22800
ULTRACEMCO30Jan203900PE.NFO,07/01/2020,13:54:24,25.45,23.75,200,25.05,600,0,22800
ULTRACEMCO30Jan203900PE.NFO,07/01/2020,13:54:33,25.45,23.75,200,24.75,400,0,22800
ULTRACEMCO30Jan203900PE.NFO,07/01/2020,13:54:38,25.45,23.75,200,24.75,200,0,22800
ULTRACEMCO30Jan203900PE.NFO,07/01/2020,13:54:43,25.45,23.75,200,24.8,200,0,22800
ULTRACEMCO30Jan203900PE.NFO,07/01/2020,13:54:48,25.45,23.75,200,24.85,200,0,22800
ULTRACEMCO30Jan203900PE.NFO,07/01/2020,13:54:53,25.45,23.75,200,24.95,400,0,22800
ULTRACEMCO30Jan203900PE.NFO,07/01/2020,13:54:58,25.45,23.75,200,24.95,200,0,22800
ULTRACEMCO30Jan203900PE.NFO,07/01/2020,13:55:03,25.45,23.75,200,24.85,200,0,22800
ULTRACEMCO30Jan203900PE.NFO,07/01/2020,13:55:11,25.45,23.75,200,24.65,200,0,22800
ULTRACEMCO30Jan203900PE.NFO,07/01/2020,13:57:54,25.45,23.75,200,24.6,200,0,22800
ULTRACEMCO30Jan203900PE.NFO,07/01/2020,13:57:59,25.45,23.75,200,27.5,200,0,22800
ULTRACEMCO30Jan203900PE.NFO,07/01/2020,13:58:05,25.45,23.75,200,25.95,600,0,22800
