Ticker,Date,Time,LTP,BuyPrice,BuyQty,SellPrice,SellQty,LTQ,OpenInterest
UPL30Jan20560CE.NFO,07/01/2020,09:37:04,37.4,36.8,900,37.95,900,900,27900
UPL30Jan20560CE.NFO,07/01/2020,09:37:04,37.4,36.8,900,37.95,900,0,27900
UPL30Jan20560CE.NFO,07/01/2020,09:37:04,37.4,36.8,900,37.95,900,0,27900
UPL30Jan20560CE.NFO,07/01/2020,09:37:04,37.4,36.8,900,37.95,900,0,27900
UPL30Jan20560CE.NFO,07/01/2020,09:37:10,37.4,37.15,900,37.95,900,0,27900
UPL30Jan20560CE.NFO,07/01/2020,09:37:20,37.4,37.15,900,38.2,1800,0,27900
UPL30Jan20560CE.NFO,07/01/2020,09:37:25,37.4,37.15,900,38.5,2700,0,27900
UPL30Jan20560CE.NFO,07/01/2020,09:37:30,37.4,37.15,900,38.6,1800,0,27900
UPL30Jan20560CE.NFO,07/01/2020,09:37:35,37.4,37.15,900,38.25,900,0,27900
UPL30Jan20560CE.NFO,07/01/2020,09:38:00,37.4,37.25,900,38.8,3600,0,27900
UPL30Jan20560CE.NFO,07/01/2020,09:38:05,37.4,37.25,900,38.4,900,0,27900
UPL30Jan20560CE.NFO,07/01/2020,09:38:15,37.4,37.3,900,38.4,900,0,27900
UPL30Jan20560CE.NFO,07/01/2020,09:38:30,37.4,37.35,900,38.85,2700,0,27900
UPL30Jan20560CE.NFO,07/01/2020,09:38:34,37.4,37.4,900,38.65,1800,0,27900
UPL30Jan20560CE.NFO,07/01/2020,09:38:39,37.4,37.4,900,38.5,900,0,27900
UPL30Jan20560CE.NFO,07/01/2020,09:38:49,37.4,37.5,900,38.6,900,0,27900
UPL30Jan20560CE.NFO,07/01/2020,09:38:54,37.4,37.85,900,38.95,900,0,27900
UPL30Jan20560CE.NFO,07/01/2020,09:38:59,37.4,37.9,900,39.5,2700,0,27900
UPL30Jan20560CE.NFO,07/01/2020,09:39:04,37.4,37.4,1800,39.5,2700,0,27900
UPL30Jan20560CE.NFO,07/01/2020,09:39:09,37.4,37.75,900,39.5,2700,0,27900
UPL30Jan20560CE.NFO,07/01/2020,09:39:14,37.4,37.85,900,39.5,2700,0,27900
UPL30Jan20560CE.NFO,07/01/2020,09:39:20,37.4,37.8,900,39.5,2700,0,27900
UPL30Jan20560CE.NFO,07/01/2020,09:39:25,37.4,38.05,900,39.3,1800,0,27900
UPL30Jan20560CE.NFO,07/01/2020,09:39:30,37.4,38.05,900,39.45,900,0,27900
UPL30Jan20560CE.NFO,07/01/2020,09:39:35,37.4,37.65,900,39.15,1800,0,27900
UPL30Jan20560CE.NFO,07/01/2020,09:39:40,37.4,38,900,39.8,2700,0,27900
UPL30Jan20560CE.NFO,07/01/2020,09:39:46,37.4,38,900,39.4,1800,0,27900
UPL30Jan20560CE.NFO,07/01/2020,09:39:52,37.4,38,900,39.15,900,0,27900
UPL30Jan20560CE.NFO,07/01/2020,09:39:57,37.4,38.1,900,39.15,900,0,27900
UPL30Jan20560CE.NFO,07/01/2020,09:40:02,37.4,38.1,900,39.35,1800,0,27900
UPL30Jan20560CE.NFO,07/01/2020,09:40:08,37.4,38.05,900,39.2,900,0,27900
UPL30Jan20560CE.NFO,07/01/2020,09:40:14,37.4,38.35,900,39.5,900,0,27900
UPL30Jan20560CE.NFO,07/01/2020,09:40:26,37.4,38.15,900,39.4,900,0,27900
UPL30Jan20560CE.NFO,07/01/2020,09:40:31,37.4,38.2,900,39.4,900,0,27900
UPL30Jan20560CE.NFO,07/01/2020,09:40:37,37.4,38.2,900,39.3,900,0,27900
UPL30Jan20560CE.NFO,07/01/2020,09:40:43,37.4,38.1,900,39.3,900,0,27900
UPL30Jan20560CE.NFO,07/01/2020,09:40:59,37.4,37.6,900,38.9,900,0,27900
UPL30Jan20560CE.NFO,07/01/2020,09:41:04,37.4,37.8,900,39.35,900,0,27900
UPL30Jan20560CE.NFO,07/01/2020,09:41:10,37.4,37.8,900,38.95,900,0,27900
UPL30Jan20560CE.NFO,07/01/2020,09:41:25,37.4,37.85,900,39.5,1800,0,27900
UPL30Jan20560CE.NFO,07/01/2020,09:41:31,37.4,37.85,900,39.05,900,0,27900
UPL30Jan20560CE.NFO,07/01/2020,09:41:36,37.4,37.95,900,39.05,900,0,27900
UPL30Jan20560CE.NFO,07/01/2020,09:41:41,37.4,38,1800,39.15,900,0,27900
UPL30Jan20560CE.NFO,07/01/2020,09:41:58,37.4,38.25,900,39.75,2700,0,27900
UPL30Jan20560CE.NFO,07/01/2020,09:42:06,37.4,38,900,39.75,2700,0,27900
UPL30Jan20560CE.NFO,07/01/2020,09:42:13,37.4,37.9,900,39.75,2700,0,27900
UPL30Jan20560CE.NFO,07/01/2020,09:42:20,37.4,38,900,39.55,1800,0,27900
UPL30Jan20560CE.NFO,07/01/2020,09:42:26,37.4,38.15,900,39.3,900,0,27900
UPL30Jan20560CE.NFO,07/01/2020,09:42:33,37.4,38.2,900,39.85,2700,0,27900
UPL30Jan20560CE.NFO,07/01/2020,09:42:40,37.4,38.2,900,39.4,1800,0,27900
UPL30Jan20560CE.NFO,07/01/2020,09:42:47,37.4,37.8,900,39,1800,0,27900
UPL30Jan20560CE.NFO,07/01/2020,09:42:54,37.4,37.7,900,38.85,900,0,27900
UPL30Jan20560CE.NFO,07/01/2020,09:43:00,37.4,37.6,900,38.9,2700,0,27900
UPL30Jan20560CE.NFO,07/01/2020,09:43:06,37.4,37.6,900,38.75,900,0,27900
UPL30Jan20560CE.NFO,07/01/2020,09:43:11,37.4,37.35,900,38.75,900,0,27900
UPL30Jan20560CE.NFO,07/01/2020,09:43:16,37.4,37.55,900,38.75,900,0,27900
UPL30Jan20560CE.NFO,07/01/2020,09:43:20,37.4,37.6,900,38.75,900,0,27900
UPL30Jan20560CE.NFO,07/01/2020,09:43:26,37.4,37.4,900,39,900,0,27900
UPL30Jan20560CE.NFO,07/01/2020,09:43:31,37.4,37.7,900,39.15,1800,0,27900
UPL30Jan20560CE.NFO,07/01/2020,09:43:36,37.4,37.7,900,39,900,0,27900
UPL30Jan20560CE.NFO,07/01/2020,09:43:42,37.4,37.7,900,38.9,900,0,27900
UPL30Jan20560CE.NFO,07/01/2020,09:43:52,37.4,37.8,900,38.9,900,0,27900
UPL30Jan20560CE.NFO,07/01/2020,09:43:57,37.4,37.35,900,39,900,0,27900
UPL30Jan20560CE.NFO,07/01/2020,09:44:03,37.4,37.9,900,39.2,900,0,27900
UPL30Jan20560CE.NFO,07/01/2020,09:44:15,37.4,37.75,900,39,900,0,27900
UPL30Jan20560CE.NFO,07/01/2020,09:44:21,37.4,37.7,900,39.6,2700,0,27900
UPL30Jan20560CE.NFO,07/01/2020,09:44:26,37.4,37.85,900,39.1,1800,0,27900
UPL30Jan20560CE.NFO,07/01/2020,09:44:31,37.4,37.75,900,39.3,2700,0,27900
UPL30Jan20560CE.NFO,07/01/2020,09:44:40,37.4,37.85,900,39.05,900,0,27900
UPL30Jan20560CE.NFO,07/01/2020,09:44:45,37.4,37.35,1800,38.9,900,0,27900
UPL30Jan20560CE.NFO,07/01/2020,09:44:50,37.4,37.75,900,39.4,1800,0,27900
UPL30Jan20560CE.NFO,07/01/2020,09:44:55,37.4,37.75,900,39.05,900,0,27900
UPL30Jan20560CE.NFO,07/01/2020,09:45:01,37.4,37.4,1800,38.95,1800,0,27900
UPL30Jan20560CE.NFO,07/01/2020,09:45:06,37.4,37.85,900,39.15,2700,0,27900
UPL30Jan20560CE.NFO,07/01/2020,09:45:14,37.4,37.75,900,38.9,900,0,27900
UPL30Jan20560CE.NFO,07/01/2020,09:45:21,37.4,38,900,39.2,900,0,27900
UPL30Jan20560CE.NFO,07/01/2020,09:45:27,37.4,38.05,900,39.3,1800,0,27900
UPL30Jan20560CE.NFO,07/01/2020,09:45:33,37.4,38.1,900,39.3,900,0,27900
UPL30Jan20560CE.NFO,07/01/2020,09:45:38,37.4,38.1,900,39.2,900,0,27900
UPL30Jan20560CE.NFO,07/01/2020,09:45:44,37.4,38.1,900,39.8,2700,0,27900
UPL30Jan20560CE.NFO,07/01/2020,09:45:55,37.4,38.2,900,39.8,2700,0,27900
UPL30Jan20560CE.NFO,07/01/2020,09:46:00,37.4,38.05,900,39.8,2700,0,27900
UPL30Jan20560CE.NFO,07/01/2020,09:46:06,37.4,38.2,900,39.8,2700,0,27900
UPL30Jan20560CE.NFO,07/01/2020,09:46:12,37.4,38.3,900,39.45,900,0,27900
UPL30Jan20560CE.NFO,07/01/2020,09:46:16,37.4,38.2,900,39.35,900,0,27900
UPL30Jan20560CE.NFO,07/01/2020,09:46:21,37.4,38.6,900,39.9,900,0,27900
UPL30Jan20560CE.NFO,07/01/2020,09:46:27,37.4,38.65,900,39.8,900,0,27900
UPL30Jan20560CE.NFO,07/01/2020,09:46:33,37.4,38.3,900,39.65,900,0,27900
UPL30Jan20560CE.NFO,07/01/2020,09:46:39,37.4,38.25,900,39.6,900,0,27900
UPL30Jan20560CE.NFO,07/01/2020,09:46:55,37.4,38.25,900,39.5,900,0,27900
UPL30Jan20560CE.NFO,07/01/2020,09:47:01,37.4,38.4,900,39.85,2700,0,27900
UPL30Jan20560CE.NFO,07/01/2020,09:47:06,37.4,38.5,900,39.7,900,0,27900
UPL30Jan20560CE.NFO,07/01/2020,09:47:43,37.4,38.55,900,39.85,900,0,27900
UPL30Jan20560CE.NFO,07/01/2020,09:47:47,37.4,38.65,900,39.85,900,0,27900
UPL30Jan20560CE.NFO,07/01/2020,09:47:56,37.4,37.95,7200,40.4,2700,0,27900
UPL30Jan20560CE.NFO,07/01/2020,09:48:06,37.4,38.55,900,40.4,2700,0,27900
UPL30Jan20560CE.NFO,07/01/2020,09:48:11,37.4,39.05,900,40.35,900,0,27900
UPL30Jan20560CE.NFO,07/01/2020,09:48:15,37.4,39.1,900,40.35,900,0,27900
UPL30Jan20560CE.NFO,07/01/2020,09:48:20,37.4,37.9,10800,40.1,900,0,27900
UPL30Jan20560CE.NFO,07/01/2020,09:48:26,37.4,38.4,1800,40.7,2700,0,27900
UPL30Jan20560CE.NFO,07/01/2020,09:48:31,37.4,38.95,900,40.15,900,0,27900
UPL30Jan20560CE.NFO,07/01/2020,09:48:37,37.4,39.1,900,40.4,1800,0,27900
UPL30Jan20560CE.NFO,07/01/2020,09:48:43,37.4,39.15,900,40.9,900,0,27900
UPL30Jan20560CE.NFO,07/01/2020,09:48:49,37.4,39.4,900,40.6,900,0,27900
UPL30Jan20560CE.NFO,07/01/2020,09:48:56,37.4,39.1,900,40.4,1800,0,27900
UPL30Jan20560CE.NFO,07/01/2020,09:49:02,37.4,38.95,900,40.3,900,0,27900
UPL30Jan20560CE.NFO,07/01/2020,09:49:08,37.4,38.2,2700,40.3,900,0,27900
UPL30Jan20560CE.NFO,07/01/2020,09:49:14,37.4,38.2,2700,40.6,1800,0,27900
UPL30Jan20560CE.NFO,07/01/2020,09:49:19,37.4,38.9,900,40.5,1800,0,27900
UPL30Jan20560CE.NFO,07/01/2020,09:49:24,37.4,38.2,2700,40.2,900,0,27900
UPL30Jan20560CE.NFO,07/01/2020,09:49:31,37.4,38.2,2700,40.25,1800,0,27900
UPL30Jan20560CE.NFO,07/01/2020,09:49:37,37.4,38.8,900,40.15,1800,0,27900
UPL30Jan20560CE.NFO,07/01/2020,09:49:42,37.4,39.1,900,40.35,900,0,27900
UPL30Jan20560CE.NFO,07/01/2020,09:49:47,37.4,39.15,900,40.5,900,0,27900
UPL30Jan20560CE.NFO,07/01/2020,09:49:52,37.4,38.2,2700,40.3,900,0,27900
UPL30Jan20560CE.NFO,07/01/2020,09:49:57,37.4,38.2,2700,40.25,900,0,27900
UPL30Jan20560CE.NFO,07/01/2020,09:50:12,37.4,39.05,900,40.3,900,0,27900
UPL30Jan20560CE.NFO,07/01/2020,09:50:17,37.4,39.05,900,40.4,2700,0,27900
UPL30Jan20560CE.NFO,07/01/2020,09:50:22,37.4,38.25,2700,40.4,900,0,27900
UPL30Jan20560CE.NFO,07/01/2020,09:50:27,37.4,38.75,1800,40.2,1800,0,27900
UPL30Jan20560CE.NFO,07/01/2020,09:50:31,37.4,39.1,900,40.35,900,0,27900
UPL30Jan20560CE.NFO,07/01/2020,09:50:35,37.4,39.3,900,40.55,2700,0,27900
UPL30Jan20560CE.NFO,07/01/2020,09:50:40,37.4,39.2,900,40.45,900,0,27900
UPL30Jan20560CE.NFO,07/01/2020,09:50:45,37.4,39.15,900,40.35,900,0,27900
UPL30Jan20560CE.NFO,07/01/2020,09:50:49,37.4,38.9,900,40.4,900,0,27900
UPL30Jan20560CE.NFO,07/01/2020,09:50:54,37.4,39.05,900,40.3,900,0,27900
UPL30Jan20560CE.NFO,07/01/2020,09:50:59,37.4,39.05,900,40.35,1800,0,27900
UPL30Jan20560CE.NFO,07/01/2020,09:51:10,37.4,39.15,900,40.35,900,0,27900
UPL30Jan20560CE.NFO,07/01/2020,09:51:27,37.4,38.35,8100,40.35,900,0,27900
UPL30Jan20560CE.NFO,07/01/2020,09:51:31,37.4,38.45,900,39.85,900,0,27900
UPL30Jan20560CE.NFO,07/01/2020,09:51:35,37.4,38.4,900,39.6,900,0,27900
UPL30Jan20560CE.NFO,07/01/2020,09:51:40,37.4,38.65,900,39.85,1800,0,27900
UPL30Jan20560CE.NFO,07/01/2020,09:51:45,37.4,38.9,900,40.3,1800,0,27900
UPL30Jan20560CE.NFO,07/01/2020,09:51:50,37.4,39.25,900,40.4,900,0,27900
UPL30Jan20560CE.NFO,07/01/2020,09:51:55,37.4,38.95,900,40.3,1800,0,27900
UPL30Jan20560CE.NFO,07/01/2020,09:52:00,37.4,38.5,900,40.3,900,0,27900
UPL30Jan20560CE.NFO,07/01/2020,09:52:04,37.4,39.05,900,40.6,1800,0,27900
UPL30Jan20560CE.NFO,07/01/2020,09:52:10,37.4,39.05,900,40.35,900,0,27900
UPL30Jan20560CE.NFO,07/01/2020,09:52:15,37.4,39.15,900,40.35,900,0,27900
UPL30Jan20560CE.NFO,07/01/2020,09:52:20,37.4,39.05,900,40.25,1800,0,27900
UPL30Jan20560CE.NFO,07/01/2020,09:52:25,37.4,39.2,900,40.45,900,0,27900
UPL30Jan20560CE.NFO,07/01/2020,09:52:30,37.4,39.25,900,40.75,1800,0,27900
UPL30Jan20560CE.NFO,07/01/2020,09:52:36,37.4,39.5,900,41.05,1800,0,27900
UPL30Jan20560CE.NFO,07/01/2020,09:52:40,37.4,39.8,900,41.45,1800,0,27900
UPL30Jan20560CE.NFO,07/01/2020,09:52:44,37.4,39.4,900,41,900,0,27900
UPL30Jan20560CE.NFO,07/01/2020,09:52:49,37.4,39.65,900,40.85,900,0,27900
UPL30Jan20560CE.NFO,07/01/2020,09:52:53,37.4,39.65,900,40.8,900,0,27900
UPL30Jan20560CE.NFO,07/01/2020,09:52:58,37.4,39.3,900,40.6,900,0,27900
UPL30Jan20560CE.NFO,07/01/2020,09:53:03,37.4,38.8,1800,40.6,900,0,27900
UPL30Jan20560CE.NFO,07/01/2020,09:53:10,37.4,38.75,1800,40.7,900,0,27900
UPL30Jan20560CE.NFO,07/01/2020,09:53:16,37.4,39.6,900,40.85,900,0,27900
UPL30Jan20560CE.NFO,07/01/2020,09:53:21,37.4,39.25,900,40.5,1800,0,27900
UPL30Jan20560CE.NFO,07/01/2020,09:53:26,37.4,39.35,900,40.6,900,0,27900
UPL30Jan20560CE.NFO,07/01/2020,09:53:31,37.4,39.45,900,40.7,1800,0,27900
UPL30Jan20560CE.NFO,07/01/2020,09:53:41,37.4,39.55,900,40.85,1800,0,27900
UPL30Jan20560CE.NFO,07/01/2020,09:53:46,37.4,39.2,900,40.45,1800,0,27900
UPL30Jan20560CE.NFO,07/01/2020,09:53:51,37.4,39.3,900,40.8,2700,0,27900
UPL30Jan20560CE.NFO,07/01/2020,09:53:56,37.4,39.4,900,40.8,2700,0,27900
UPL30Jan20560CE.NFO,07/01/2020,09:54:01,37.4,39.4,900,40.6,1800,0,27900
UPL30Jan20560CE.NFO,07/01/2020,09:54:06,37.4,39.4,900,41.1,2700,0,27900
UPL30Jan20560CE.NFO,07/01/2020,09:54:12,37.4,38.15,900,41.2,1800,0,27900
UPL30Jan20560CE.NFO,07/01/2020,09:54:17,37.4,39.3,900,40.65,900,0,27900
UPL30Jan20560CE.NFO,07/01/2020,09:54:22,37.4,39.3,900,40.6,1800,0,27900
UPL30Jan20560CE.NFO,07/01/2020,09:54:28,37.4,39.4,900,40.6,900,0,27900
UPL30Jan20560CE.NFO,07/01/2020,09:54:42,37.4,39.4,900,40.5,900,0,27900
UPL30Jan20560CE.NFO,07/01/2020,09:54:47,37.4,39.4,900,40.65,900,0,27900
UPL30Jan20560CE.NFO,07/01/2020,09:54:52,37.4,39.5,900,40.75,900,0,27900
UPL30Jan20560CE.NFO,07/01/2020,09:54:57,37.4,39.85,900,41.05,1800,0,27900
UPL30Jan20560CE.NFO,07/01/2020,09:55:03,37.4,40.1,900,41.4,900,0,27900
UPL30Jan20560CE.NFO,07/01/2020,09:55:09,37.4,40.35,900,42.1,1800,0,27900
UPL30Jan20560CE.NFO,07/01/2020,09:55:14,37.4,39.45,2700,41.4,1800,0,27900
UPL30Jan20560CE.NFO,07/01/2020,09:55:20,37.4,39.95,900,42.2,4500,0,27900
UPL30Jan20560CE.NFO,07/01/2020,09:55:25,37.4,40.15,900,41.5,1800,0,27900
UPL30Jan20560CE.NFO,07/01/2020,09:55:31,37.4,38.85,2700,42.25,4500,0,27900
UPL30Jan20560CE.NFO,07/01/2020,09:55:37,37.4,39.75,1800,41.5,900,0,27900
UPL30Jan20560CE.NFO,07/01/2020,09:55:41,37.4,40.3,900,41.5,900,0,27900
UPL30Jan20560CE.NFO,07/01/2020,09:55:45,37.4,40.45,900,41.5,900,0,27900
UPL30Jan20560CE.NFO,07/01/2020,09:55:50,37.4,40.15,900,41.35,900,0,27900
UPL30Jan20560CE.NFO,07/01/2020,09:55:53,37.4,40.15,900,41.25,900,0,27900
UPL30Jan20560CE.NFO,07/01/2020,09:55:58,37.4,39.95,900,41.3,900,0,27900
UPL30Jan20560CE.NFO,07/01/2020,09:56:03,37.4,39.95,900,41.25,900,0,27900
UPL30Jan20560CE.NFO,07/01/2020,09:56:09,37.4,39.95,900,41.15,900,0,27900
UPL30Jan20560CE.NFO,07/01/2020,09:56:29,37.4,39.95,900,41.75,2700,0,27900
UPL30Jan20560CE.NFO,07/01/2020,09:56:35,37.4,39.5,900,40.85,900,0,27900
UPL30Jan20560CE.NFO,07/01/2020,09:56:49,37.4,39.55,900,41.25,1800,0,27900
UPL30Jan20560CE.NFO,07/01/2020,09:56:53,37.4,39.55,900,40.9,900,0,27900
UPL30Jan20560CE.NFO,07/01/2020,09:56:58,37.4,38.95,900,40.35,900,0,27900
UPL30Jan20560CE.NFO,07/01/2020,09:57:02,37.4,39.15,900,40.7,1800,0,27900
UPL30Jan20560CE.NFO,07/01/2020,09:57:06,37.4,38.7,900,40.3,1800,0,27900
UPL30Jan20560CE.NFO,07/01/2020,09:57:11,37.4,39.05,900,40.95,2700,0,27900
UPL30Jan20560CE.NFO,07/01/2020,09:57:17,37.4,38.95,900,40.4,900,0,27900
UPL30Jan20560CE.NFO,07/01/2020,09:57:23,37.4,38.45,1800,40.35,1800,0,27900
UPL30Jan20560CE.NFO,07/01/2020,09:57:28,37.4,38.6,900,40.15,2700,0,27900
UPL30Jan20560CE.NFO,07/01/2020,09:57:34,37.4,38.65,1800,40.15,2700,0,27900
UPL30Jan20560CE.NFO,07/01/2020,09:57:39,37.4,38.85,900,40.55,1800,0,27900
UPL30Jan20560CE.NFO,07/01/2020,09:57:43,37.4,38.7,900,40.1,1800,0,27900
UPL30Jan20560CE.NFO,07/01/2020,09:57:47,37.4,38.8,900,40,900,0,27900
UPL30Jan20560CE.NFO,07/01/2020,09:57:55,37.4,38.75,900,40,900,0,27900
UPL30Jan20560CE.NFO,07/01/2020,09:58:05,37.4,38.5,900,39.7,900,0,27900
UPL30Jan20560CE.NFO,07/01/2020,09:58:11,37.4,38.55,900,39.8,1800,0,27900
UPL30Jan20560CE.NFO,07/01/2020,09:58:16,37.4,38.6,900,39.7,900,0,27900
UPL30Jan20560CE.NFO,07/01/2020,09:58:31,37.4,38.15,1800,39.65,900,0,27900
UPL30Jan20560CE.NFO,07/01/2020,09:58:35,37.4,38.5,900,39.7,900,0,27900
UPL30Jan20560CE.NFO,07/01/2020,09:58:40,37.4,38.55,900,40,900,0,27900
UPL30Jan20560CE.NFO,07/01/2020,09:58:44,37.4,38.7,900,39.9,900,0,27900
UPL30Jan20560CE.NFO,07/01/2020,09:58:50,37.4,37.85,2700,39.9,1800,0,27900
UPL30Jan20560CE.NFO,07/01/2020,09:58:55,37.4,38.6,900,40.2,1800,0,27900
UPL30Jan20560CE.NFO,07/01/2020,09:59:01,37.4,38.6,900,39.9,1800,0,27900
UPL30Jan20560CE.NFO,07/01/2020,09:59:08,37.4,38.7,900,39.9,900,0,27900
UPL30Jan20560CE.NFO,07/01/2020,09:59:19,37.4,38.55,900,39.75,1800,0,27900
UPL30Jan20560CE.NFO,07/01/2020,09:59:31,37.4,38.65,900,39.75,900,0,27900
UPL30Jan20560CE.NFO,07/01/2020,09:59:40,39.75,38.7,900,40,900,900,27900
UPL30Jan20560CE.NFO,07/01/2020,09:59:40,39.75,38.7,900,40,900,0,27900
UPL30Jan20560CE.NFO,07/01/2020,09:59:45,39.75,39.05,900,40.25,900,0,27900
UPL30Jan20560CE.NFO,07/01/2020,09:59:53,39.75,38.45,1800,40.45,900,0,27900
UPL30Jan20560CE.NFO,07/01/2020,09:59:58,39.75,38.85,900,40.3,900,0,27900
UPL30Jan20560CE.NFO,07/01/2020,10:00:02,39.75,39.05,900,40.3,1800,0,27900
UPL30Jan20560CE.NFO,07/01/2020,10:00:17,39.75,38.9,900,40.2,900,0,27900
UPL30Jan20560CE.NFO,07/01/2020,10:00:37,39.75,39,900,40.5,1800,0,27900
UPL30Jan20560CE.NFO,07/01/2020,10:00:42,39.75,38.3,1800,40.25,900,0,27900
UPL30Jan20560CE.NFO,07/01/2020,10:00:49,39.75,38.85,900,40.2,900,0,27900
UPL30Jan20560CE.NFO,07/01/2020,10:00:56,39.75,38.95,900,40.15,900,0,27900
UPL30Jan20560CE.NFO,07/01/2020,10:01:02,39.75,38.95,900,40.55,1800,0,27900
UPL30Jan20560CE.NFO,07/01/2020,10:01:08,39.75,38.95,900,40.15,1800,0,27900
UPL30Jan20560CE.NFO,07/01/2020,10:01:14,39.75,38.2,9000,40.15,900,0,27900
UPL30Jan20560CE.NFO,07/01/2020,10:01:21,39.75,38.85,900,40.1,900,0,27900
UPL30Jan20560CE.NFO,07/01/2020,10:01:28,39.75,38.55,900,39.95,900,0,27900
UPL30Jan20560CE.NFO,07/01/2020,10:01:33,39.75,38.8,900,40.6,2700,0,27900
UPL30Jan20560CE.NFO,07/01/2020,10:01:38,39.75,38.7,900,40.6,2700,0,27900
UPL30Jan20560CE.NFO,07/01/2020,10:01:44,39.75,37.85,9900,39.85,900,0,27900
UPL30Jan20560CE.NFO,07/01/2020,10:01:50,39.75,38.5,900,39.85,900,900,27900
UPL30Jan20560CE.NFO,07/01/2020,10:01:56,39.75,37.35,10800,39.5,900,0,27900
UPL30Jan20560CE.NFO,07/01/2020,10:02:02,39.75,38,7200,39.7,900,0,27900
UPL30Jan20560CE.NFO,07/01/2020,10:02:07,39.75,38.25,900,39.6,1800,0,27900
UPL30Jan20560CE.NFO,07/01/2020,10:02:18,39.75,38.55,900,39.85,900,0,27900
UPL30Jan20560CE.NFO,07/01/2020,10:02:28,39.75,38.55,900,39.8,900,0,27900
UPL30Jan20560CE.NFO,07/01/2020,10:02:38,39.75,38.65,900,39.95,2700,0,27900
UPL30Jan20560CE.NFO,07/01/2020,10:02:53,39.75,38.65,900,39.95,3600,0,27900
UPL30Jan20560CE.NFO,07/01/2020,10:02:58,39.75,38.65,900,39.9,900,0,27900
UPL30Jan20560CE.NFO,07/01/2020,10:03:04,39.75,38.65,900,40.6,2700,0,27900
UPL30Jan20560CE.NFO,07/01/2020,10:03:16,39.75,38.45,900,39.8,900,0,27900
UPL30Jan20560CE.NFO,07/01/2020,10:03:21,39.75,38.45,900,39.7,900,0,27900
UPL30Jan20560CE.NFO,07/01/2020,10:03:37,39.75,38.45,900,39.8,2700,0,27900
UPL30Jan20560CE.NFO,07/01/2020,10:03:42,39.75,38.45,900,39.75,1800,0,27900
UPL30Jan20560CE.NFO,07/01/2020,10:03:48,39.75,38.45,900,39.95,2700,0,27900
UPL30Jan20560CE.NFO,07/01/2020,10:03:54,39.75,38.45,900,39.75,1800,0,27900
UPL30Jan20560CE.NFO,07/01/2020,10:04:00,39.75,38.45,900,39.7,900,0,27900
UPL30Jan20560CE.NFO,07/01/2020,10:04:16,39.45,39,900,39.7,900,900,27900
UPL30Jan20560CE.NFO,07/01/2020,10:04:20,39.45,39,900,39.7,900,0,27900
UPL30Jan20560CE.NFO,07/01/2020,10:04:36,39.45,39,900,40.35,2700,0,27900
UPL30Jan20560CE.NFO,07/01/2020,10:04:52,39.45,39,900,40.05,1800,0,27900
UPL30Jan20560CE.NFO,07/01/2020,10:04:57,39.45,39,900,39.8,900,0,27900
UPL30Jan20560CE.NFO,07/01/2020,10:05:08,39.45,38.6,900,39.8,1800,0,27900
UPL30Jan20560CE.NFO,07/01/2020,10:05:13,39.45,38.6,900,39.7,900,0,27900
UPL30Jan20560CE.NFO,07/01/2020,10:06:32,39.45,38.6,900,39.5,900,0,27900
UPL30Jan20560CE.NFO,07/01/2020,10:06:47,39.45,38.6,900,39.3,900,0,27900
UPL30Jan20560CE.NFO,07/01/2020,10:06:53,39.45,38.25,900,39.3,900,0,27900
UPL30Jan20560CE.NFO,07/01/2020,10:06:58,39.45,38.25,900,39.6,2700,0,27900
UPL30Jan20560CE.NFO,07/01/2020,10:07:02,39.45,38.25,900,39.1,1800,0,27900
UPL30Jan20560CE.NFO,07/01/2020,10:07:07,39.45,38.25,900,39.05,900,0,27900
UPL30Jan20560CE.NFO,07/01/2020,10:07:13,39.45,38.25,900,39.15,900,0,27900
UPL30Jan20560CE.NFO,07/01/2020,10:07:18,39.45,38.1,900,39.1,900,0,27900
UPL30Jan20560CE.NFO,07/01/2020,10:07:24,39.45,38.1,900,39.05,900,0,27900
UPL30Jan20560CE.NFO,07/01/2020,10:07:31,39.45,38.1,900,39,1800,0,27900
UPL30Jan20560CE.NFO,07/01/2020,10:07:37,39.45,38.1,900,38.95,900,0,27900
UPL30Jan20560CE.NFO,07/01/2020,10:07:49,39.45,38.15,900,39.25,900,0,27900
UPL30Jan20560CE.NFO,07/01/2020,10:07:55,39.45,38.15,900,39.15,900,0,27900
UPL30Jan20560CE.NFO,07/01/2020,10:08:01,39.45,38.25,900,39.15,900,0,27900
UPL30Jan20560CE.NFO,07/01/2020,10:08:10,39.45,38.3,900,39.25,1800,0,27900
UPL30Jan20560CE.NFO,07/01/2020,10:08:15,39.45,38.35,900,39.35,900,0,27900
UPL30Jan20560CE.NFO,07/01/2020,10:08:27,39.45,38.35,900,39.65,2700,0,27900
UPL30Jan20560CE.NFO,07/01/2020,10:08:33,39.45,38.55,900,39.6,900,0,27900
UPL30Jan20560CE.NFO,07/01/2020,10:08:46,39.45,38.2,900,39.4,900,0,27900
UPL30Jan20560CE.NFO,07/01/2020,10:08:52,39.45,38.3,900,39.55,1800,0,27900
UPL30Jan20560CE.NFO,07/01/2020,10:08:57,39.45,38.45,900,39.45,900,0,27900
UPL30Jan20560CE.NFO,07/01/2020,10:09:03,39.45,38.45,900,39.35,900,0,27900
UPL30Jan20560CE.NFO,07/01/2020,10:09:08,39.45,38.25,900,39.25,900,0,27900
UPL30Jan20560CE.NFO,07/01/2020,10:09:13,39.45,38.3,900,39.25,900,0,27900
UPL30Jan20560CE.NFO,07/01/2020,10:09:24,39.45,38.3,900,39.6,1800,0,27900
UPL30Jan20560CE.NFO,07/01/2020,10:09:29,39.45,38.3,900,39.45,900,0,27900
UPL30Jan20560CE.NFO,07/01/2020,10:09:54,39.45,38.45,900,39.35,900,0,27900
UPL30Jan20560CE.NFO,07/01/2020,10:10:01,39.45,38.45,900,40.05,1800,0,27900
UPL30Jan20560CE.NFO,07/01/2020,10:10:08,39.45,38.6,900,39.6,900,0,27900
UPL30Jan20560CE.NFO,07/01/2020,10:10:14,39.45,38.6,1800,39.6,900,0,27900
UPL30Jan20560CE.NFO,07/01/2020,10:11:08,39.45,38.6,900,39.6,900,0,27900
UPL30Jan20560CE.NFO,07/01/2020,10:11:41,39.45,38.65,900,39.6,900,0,27900
UPL30Jan20560CE.NFO,07/01/2020,10:11:59,39.45,38.65,900,39.9,1800,0,27900
UPL30Jan20560CE.NFO,07/01/2020,10:12:05,39.45,38.6,900,39.6,900,0,27900
UPL30Jan20560CE.NFO,07/01/2020,10:12:11,39.45,38.6,900,39.75,1800,0,27900
UPL30Jan20560CE.NFO,07/01/2020,10:12:16,39.45,38.6,900,39.4,900,0,27900
UPL30Jan20560CE.NFO,07/01/2020,10:12:27,39.45,38.6,900,39.5,2700,0,27900
UPL30Jan20560CE.NFO,07/01/2020,10:12:32,39.45,38.6,900,39.5,1800,0,27900
UPL30Jan20560CE.NFO,07/01/2020,10:12:54,39.45,38.65,900,39.8,1800,0,27900
UPL30Jan20560CE.NFO,07/01/2020,10:12:59,39.45,38.65,900,39.65,900,0,27900
UPL30Jan20560CE.NFO,07/01/2020,10:13:30,39.45,38.6,900,39.3,900,0,27900
UPL30Jan20560CE.NFO,07/01/2020,10:13:41,39.45,38.1,1800,39.35,900,0,27900
UPL30Jan20560CE.NFO,07/01/2020,10:13:46,39.45,38.1,1800,39.45,900,0,27900
UPL30Jan20560CE.NFO,07/01/2020,10:13:52,39.45,38.3,900,39.35,900,0,27900
UPL30Jan20560CE.NFO,07/01/2020,10:13:58,39.45,38.4,900,39.5,900,0,27900
UPL30Jan20560CE.NFO,07/01/2020,10:14:03,39.45,38.4,900,39.85,1800,0,27900
UPL30Jan20560CE.NFO,07/01/2020,10:14:09,39.45,38.4,900,39.55,1800,0,27900
UPL30Jan20560CE.NFO,07/01/2020,10:14:14,39.45,38.4,900,39.55,900,0,27900
UPL30Jan20560CE.NFO,07/01/2020,10:14:20,39.45,38.6,900,39.7,900,0,27900
UPL30Jan20560CE.NFO,07/01/2020,10:14:26,39.45,38.6,900,39.65,1800,0,27900
UPL30Jan20560CE.NFO,07/01/2020,10:14:54,39.45,38.1,2700,39.65,900,0,27900
UPL30Jan20560CE.NFO,07/01/2020,10:15:00,39.45,38.1,2700,40.25,2700,0,27900
UPL30Jan20560CE.NFO,07/01/2020,10:15:22,39.45,38.5,900,40.25,2700,0,27900
UPL30Jan20560CE.NFO,07/01/2020,10:15:54,39.45,38.45,900,39.6,900,0,27900
UPL30Jan20560CE.NFO,07/01/2020,10:16:00,39.45,38.55,900,39.65,1800,0,27900
UPL30Jan20560CE.NFO,07/01/2020,10:16:05,39.45,38.45,900,39.6,900,0,27900
UPL30Jan20560CE.NFO,07/01/2020,10:16:09,39.45,38.45,900,39.95,2700,0,27900
UPL30Jan20560CE.NFO,07/01/2020,10:16:14,39.45,38.45,900,39.55,900,0,27900
UPL30Jan20560CE.NFO,07/01/2020,10:16:32,39.45,38.5,900,40.2,2700,0,27900
UPL30Jan20560CE.NFO,07/01/2020,10:16:47,39.45,38.6,900,40.2,2700,0,27900
UPL30Jan20560CE.NFO,07/01/2020,10:17:14,39.45,38.1,7200,40.2,2700,0,27900
UPL30Jan20560CE.NFO,07/01/2020,10:17:28,39.45,38.45,900,40.2,2700,0,27900
UPL30Jan20560CE.NFO,07/01/2020,10:17:34,39.45,38.55,900,40.2,2700,0,27900
UPL30Jan20560CE.NFO,07/01/2020,10:17:56,39.45,38.6,900,40.2,2700,0,27900
UPL30Jan20560CE.NFO,07/01/2020,10:18:04,39.45,38.1,4500,40.2,2700,0,27900
UPL30Jan20560CE.NFO,07/01/2020,10:18:40,39.45,38.55,900,40.2,2700,0,27900
UPL30Jan20560CE.NFO,07/01/2020,10:18:51,39.45,38.1,5400,40.2,2700,0,27900
UPL30Jan20560CE.NFO,07/01/2020,10:19:04,39.45,38.1,7200,40.2,2700,0,27900
UPL30Jan20560CE.NFO,07/01/2020,10:19:27,39.45,38.55,900,40.2,2700,0,27900
UPL30Jan20560CE.NFO,07/01/2020,10:19:54,39.45,38.85,900,40.2,2700,0,27900
UPL30Jan20560CE.NFO,07/01/2020,10:20:00,39.45,38.5,2700,40.2,2700,0,27900
UPL30Jan20560CE.NFO,07/01/2020,10:20:05,39.45,38.5,1800,40.2,2700,0,27900
UPL30Jan20560CE.NFO,07/01/2020,10:20:24,39.45,38.75,900,40.2,1800,0,27900
UPL30Jan20560CE.NFO,07/01/2020,10:20:33,39.45,38.8,900,39.95,900,0,27900
UPL30Jan20560CE.NFO,07/01/2020,10:20:54,39.45,38.5,2700,40.25,2700,0,27900
UPL30Jan20560CE.NFO,07/01/2020,10:20:58,39.45,38.5,1800,40.25,2700,0,27900
UPL30Jan20560CE.NFO,07/01/2020,10:21:08,39.45,38.8,900,40,900,0,27900
UPL30Jan20560CE.NFO,07/01/2020,10:21:22,39.45,38.65,900,40,1800,0,27900
UPL30Jan20560CE.NFO,07/01/2020,10:21:27,39.45,38.5,900,40,900,0,27900
UPL30Jan20560CE.NFO,07/01/2020,10:21:32,39.45,38.85,900,39.9,900,0,27900
UPL30Jan20560CE.NFO,07/01/2020,10:21:42,39.45,38.7,900,39.9,900,0,27900
UPL30Jan20560CE.NFO,07/01/2020,10:21:46,39.45,38.75,900,39.9,900,0,27900
UPL30Jan20560CE.NFO,07/01/2020,10:21:50,39.45,38.8,900,39.9,900,0,27900
UPL30Jan20560CE.NFO,07/01/2020,10:22:00,39.45,38.2,1800,39.75,900,0,27900
UPL30Jan20560CE.NFO,07/01/2020,10:22:04,39.45,38.55,900,39.7,900,0,27900
UPL30Jan20560CE.NFO,07/01/2020,10:22:08,39.45,37.9,2700,39.6,900,0,27900
UPL30Jan20560CE.NFO,07/01/2020,10:22:14,39.45,38,1800,40.25,2700,0,27900
UPL30Jan20560CE.NFO,07/01/2020,10:22:18,39.45,38.6,900,40.25,2700,0,27900
UPL30Jan20560CE.NFO,07/01/2020,10:22:23,39.45,38.65,900,40.25,2700,0,27900
UPL30Jan20560CE.NFO,07/01/2020,10:23:14,39.45,37.9,2700,40.25,2700,0,27900
UPL30Jan20560CE.NFO,07/01/2020,10:23:18,39.45,38.2,1800,40.25,2700,0,27900
UPL30Jan20560CE.NFO,07/01/2020,10:23:23,39.45,38.55,900,40.25,2700,0,27900
UPL30Jan20560CE.NFO,07/01/2020,10:23:43,39.45,38.65,900,40.25,2700,0,27900
UPL30Jan20560CE.NFO,07/01/2020,10:24:03,39.45,38.85,900,40.25,2700,0,27900
UPL30Jan20560CE.NFO,07/01/2020,10:24:08,39.45,38.15,9000,40.15,900,0,27900
UPL30Jan20560CE.NFO,07/01/2020,10:24:13,39.45,38.8,900,40.05,900,0,27900
UPL30Jan20560CE.NFO,07/01/2020,10:24:17,39.45,38.7,900,39.95,900,0,27900
UPL30Jan20560CE.NFO,07/01/2020,10:24:21,39.45,38.75,900,39.95,900,0,27900
UPL30Jan20560CE.NFO,07/01/2020,10:24:26,39.45,38.85,900,40.1,900,0,27900
UPL30Jan20560CE.NFO,07/01/2020,10:24:36,39.45,38.9,900,40.1,900,0,27900
UPL30Jan20560CE.NFO,07/01/2020,10:24:45,39.45,38.8,900,40,900,0,27900
UPL30Jan20560CE.NFO,07/01/2020,10:24:48,39.45,38.9,900,40,900,0,27900
UPL30Jan20560CE.NFO,07/01/2020,10:25:06,39.45,38.75,900,39.9,900,0,27900
UPL30Jan20560CE.NFO,07/01/2020,10:25:13,39.45,38.85,900,40.15,1800,0,27900
UPL30Jan20560CE.NFO,07/01/2020,10:25:17,39.45,38.85,900,40.75,7200,0,27900
UPL30Jan20560CE.NFO,07/01/2020,10:25:25,39.45,38.85,900,40.25,1800,0,27900
UPL30Jan20560CE.NFO,07/01/2020,10:25:29,39.45,38.65,900,40.1,900,0,27900
UPL30Jan20560CE.NFO,07/01/2020,10:25:34,39.45,38.7,900,40,900,0,27900
UPL30Jan20560CE.NFO,07/01/2020,10:25:38,39.45,38.9,900,40,900,0,27900
UPL30Jan20560CE.NFO,07/01/2020,10:26:02,39.45,38.4,2700,39.9,1800,0,27900
UPL30Jan20560CE.NFO,07/01/2020,10:26:07,39.45,38.8,900,39.9,900,0,27900
UPL30Jan20560CE.NFO,07/01/2020,10:26:25,39.45,38.9,900,40,900,0,27900
UPL30Jan20560CE.NFO,07/01/2020,10:26:48,39.45,38.45,1800,39.85,900,0,27900
UPL30Jan20560CE.NFO,07/01/2020,10:26:52,39.45,38.85,900,39.9,900,0,27900
UPL30Jan20560CE.NFO,07/01/2020,10:27:00,39.45,38.75,900,39.9,900,0,27900
UPL30Jan20560CE.NFO,07/01/2020,10:27:05,39.45,38.8,900,39.9,900,0,27900
UPL30Jan20560CE.NFO,07/01/2020,10:27:09,39.45,38.7,900,39.8,900,0,27900
UPL30Jan20560CE.NFO,07/01/2020,10:27:13,39.45,37.9,9900,39.7,900,0,27900
UPL30Jan20560CE.NFO,07/01/2020,10:27:17,39.45,38.3,900,39.7,900,0,27900
UPL30Jan20560CE.NFO,07/01/2020,10:27:21,39.45,38.5,900,39.65,900,0,27900
UPL30Jan20560CE.NFO,07/01/2020,10:27:33,39.45,38.55,900,39.65,900,0,27900
UPL30Jan20560CE.NFO,07/01/2020,10:27:42,39.45,37.9,2700,39.75,900,0,27900
UPL30Jan20560CE.NFO,07/01/2020,10:27:46,39.45,37.9,2700,39.65,900,0,27900
UPL30Jan20560CE.NFO,07/01/2020,10:27:59,39.45,37.9,2700,39.55,900,0,27900
UPL30Jan20560CE.NFO,07/01/2020,10:28:07,39.45,37.9,2700,39.65,900,0,27900
UPL30Jan20560CE.NFO,07/01/2020,10:28:17,39.45,38.45,900,39.65,900,0,27900
UPL30Jan20560CE.NFO,07/01/2020,10:28:21,39.45,38.65,900,39.75,900,0,27900
UPL30Jan20560CE.NFO,07/01/2020,10:28:26,39.45,38.2,1800,40.35,2700,0,27900
UPL30Jan20560CE.NFO,07/01/2020,10:28:31,39.45,38.65,900,40.35,2700,0,27900
UPL30Jan20560CE.NFO,07/01/2020,10:28:39,39.45,38.7,900,39.9,900,0,27900
UPL30Jan20560CE.NFO,07/01/2020,10:28:42,39.45,38.75,900,39.9,900,0,27900
UPL30Jan20560CE.NFO,07/01/2020,10:29:20,39.45,37.95,5400,39.8,900,0,27900
UPL30Jan20560CE.NFO,07/01/2020,10:29:43,39.45,38.6,900,39.8,900,0,27900
UPL30Jan20560CE.NFO,07/01/2020,10:29:46,39.45,38.65,900,39.8,900,0,27900
UPL30Jan20560CE.NFO,07/01/2020,10:29:57,39.45,38.65,900,39.7,900,0,27900
UPL30Jan20560CE.NFO,07/01/2020,10:30:05,39.45,38.65,900,39.95,1800,0,27900
UPL30Jan20560CE.NFO,07/01/2020,10:30:08,39.45,38.65,900,39.7,900,0,27900
UPL30Jan20560CE.NFO,07/01/2020,10:30:15,39.45,38.3,2700,39.7,1800,0,27900
UPL30Jan20560CE.NFO,07/01/2020,10:30:21,39.45,38.3,2700,40.3,4500,0,27900
UPL30Jan20560CE.NFO,07/01/2020,10:30:44,39.45,38.3,2700,40.3,2700,0,27900
UPL30Jan20560CE.NFO,07/01/2020,10:31:01,39.45,38.65,900,40.3,2700,0,27900
UPL30Jan20560CE.NFO,07/01/2020,10:31:16,39.45,38.75,900,40.3,2700,0,27900
UPL30Jan20560CE.NFO,07/01/2020,10:31:35,39.45,38.9,900,40.4,900,0,27900
UPL30Jan20560CE.NFO,07/01/2020,10:31:39,39.45,39,900,40.2,900,0,27900
UPL30Jan20560CE.NFO,07/01/2020,10:31:47,39.45,38.4,900,40.15,900,0,27900
UPL30Jan20560CE.NFO,07/01/2020,10:31:51,39.45,38.9,900,40.1,900,0,27900
UPL30Jan20560CE.NFO,07/01/2020,10:31:59,39.45,38.9,900,40,900,0,27900
UPL30Jan20560CE.NFO,07/01/2020,10:32:05,39.45,38.95,900,40,900,0,27900
UPL30Jan20560CE.NFO,07/01/2020,10:32:09,39.45,39,900,40.55,2700,0,27900
UPL30Jan20560CE.NFO,07/01/2020,10:32:19,39.45,38.3,7200,40.55,2700,0,27900
UPL30Jan20560CE.NFO,07/01/2020,10:32:23,39.45,38.75,900,40.55,2700,0,27900
UPL30Jan20560CE.NFO,07/01/2020,10:32:28,39.45,39.05,900,40.55,2700,0,27900
UPL30Jan20560CE.NFO,07/01/2020,10:32:32,39.45,39.1,900,40.55,2700,0,27900
UPL30Jan20560CE.NFO,07/01/2020,10:32:36,39.45,39.05,900,40.55,2700,0,27900
UPL30Jan20560CE.NFO,07/01/2020,10:32:51,39.45,39.15,900,40.55,2700,0,27900
UPL30Jan20560CE.NFO,07/01/2020,10:32:55,39.45,38.35,9900,40.55,2700,0,27900
UPL30Jan20560CE.NFO,07/01/2020,10:32:59,39.45,38.95,900,40.55,2700,0,27900
UPL30Jan20560CE.NFO,07/01/2020,10:33:03,39.45,39.1,900,40.55,2700,0,27900
UPL30Jan20560CE.NFO,07/01/2020,10:33:22,39.45,39.2,900,40.55,2700,0,27900
UPL30Jan20560CE.NFO,07/01/2020,10:33:36,39.45,39.05,900,40.55,2700,0,27900
UPL30Jan20560CE.NFO,07/01/2020,10:33:40,39.45,39.15,900,40.55,2700,0,27900
UPL30Jan20560CE.NFO,07/01/2020,10:33:46,39.45,39.35,900,40.55,900,0,27900
UPL30Jan20560CE.NFO,07/01/2020,10:34:09,39.45,39.45,900,40.55,900,0,27900
UPL30Jan20560CE.NFO,07/01/2020,10:34:25,39.45,39.1,1800,40.6,1800,0,27900
UPL30Jan20560CE.NFO,07/01/2020,10:34:29,39.45,39.45,900,40.6,900,0,27900
UPL30Jan20560CE.NFO,07/01/2020,10:34:40,39.45,39.5,900,40.85,900,0,27900
UPL30Jan20560CE.NFO,07/01/2020,10:34:45,39.45,39.65,900,40.8,900,0,27900
UPL30Jan20560CE.NFO,07/01/2020,10:34:50,39.45,39.6,900,40.8,900,0,27900
UPL30Jan20560CE.NFO,07/01/2020,10:34:55,39.45,39.55,900,40.75,900,0,27900
UPL30Jan20560CE.NFO,07/01/2020,10:34:59,39.45,39.15,1800,40.6,900,0,27900
UPL30Jan20560CE.NFO,07/01/2020,10:35:03,39.45,39.4,900,41.15,2700,0,27900
UPL30Jan20560CE.NFO,07/01/2020,10:35:07,39.45,39.4,900,40.75,1800,0,27900
UPL30Jan20560CE.NFO,07/01/2020,10:35:10,39.45,39.5,900,40.6,900,0,27900
UPL30Jan20560CE.NFO,07/01/2020,10:35:13,39.45,39.45,900,40.9,900,0,27900
UPL30Jan20560CE.NFO,07/01/2020,10:35:16,39.45,39.6,900,40.8,900,0,27900
UPL30Jan20560CE.NFO,07/01/2020,10:35:26,39.45,39.2,1800,40.65,900,0,27900
UPL30Jan20560CE.NFO,07/01/2020,10:35:30,39.45,39.55,900,41.4,2700,0,27900
UPL30Jan20560CE.NFO,07/01/2020,10:35:54,39.45,39.35,900,40.9,900,0,27900
UPL30Jan20560CE.NFO,07/01/2020,10:35:57,39.45,39.5,900,40.8,2700,0,27900
UPL30Jan20560CE.NFO,07/01/2020,10:36:01,39.45,39.55,900,40.8,1800,0,27900
UPL30Jan20560CE.NFO,07/01/2020,10:36:08,39.45,39.55,900,40.8,900,0,27900
UPL30Jan20560CE.NFO,07/01/2020,10:36:25,39.45,39.55,900,40.8,1800,0,27900
UPL30Jan20560CE.NFO,07/01/2020,10:36:27,39.45,39.6,900,40.8,900,0,27900
UPL30Jan20560CE.NFO,07/01/2020,10:36:29,39.45,39.65,900,40.8,900,0,27900
UPL30Jan20560CE.NFO,07/01/2020,10:36:52,39.45,39.7,900,41.4,2700,0,27900
UPL30Jan20560CE.NFO,07/01/2020,10:37:00,39.45,38.85,9900,41.4,2700,0,27900
UPL30Jan20560CE.NFO,07/01/2020,10:37:04,39.45,39.55,900,40.9,900,0,27900
UPL30Jan20560CE.NFO,07/01/2020,10:37:29,39.45,39.6,900,40.75,900,0,27900
UPL30Jan20560CE.NFO,07/01/2020,10:37:40,39.45,39.65,900,40.75,900,0,27900
UPL30Jan20560CE.NFO,07/01/2020,10:37:48,39.45,39.7,900,40.9,900,0,27900
UPL30Jan20560CE.NFO,07/01/2020,10:37:51,39.45,39.7,900,40.85,900,0,27900
UPL30Jan20560CE.NFO,07/01/2020,10:37:59,39.45,39.75,900,41.45,3600,0,27900
UPL30Jan20560CE.NFO,07/01/2020,10:38:05,39.45,39.45,900,41.2,1800,0,27900
UPL30Jan20560CE.NFO,07/01/2020,10:38:08,39.45,39.75,900,41.2,900,0,27900
UPL30Jan20560CE.NFO,07/01/2020,10:38:21,39.45,39.9,900,41.1,900,0,27900
UPL30Jan20560CE.NFO,07/01/2020,10:38:25,39.45,39.45,900,41,900,0,27900
UPL30Jan20560CE.NFO,07/01/2020,10:38:28,39.45,39.75,900,41,900,0,27900
UPL30Jan20560CE.NFO,07/01/2020,10:38:31,39.45,39.85,900,41,900,0,27900
UPL30Jan20560CE.NFO,07/01/2020,10:39:02,39.45,39.9,900,41,900,0,27900
UPL30Jan20560CE.NFO,07/01/2020,10:39:20,39.45,39.4,900,41.6,6300,0,27900
UPL30Jan20560CE.NFO,07/01/2020,10:39:24,39.45,39.9,900,41.1,900,0,27900
UPL30Jan20560CE.NFO,07/01/2020,10:39:27,39.45,39.95,900,41.1,900,0,27900
UPL30Jan20560CE.NFO,07/01/2020,10:39:31,39.45,39.15,2700,41.05,900,0,27900
UPL30Jan20560CE.NFO,07/01/2020,10:39:34,39.45,39.55,900,41.1,1800,0,27900
UPL30Jan20560CE.NFO,07/01/2020,10:39:37,39.45,39.9,900,41.1,900,0,27900
UPL30Jan20560CE.NFO,07/01/2020,10:39:41,39.45,39.05,1800,41.05,900,0,27900
UPL30Jan20560CE.NFO,07/01/2020,10:39:44,39.45,39.55,900,41.1,1800,0,27900
UPL30Jan20560CE.NFO,07/01/2020,10:39:48,39.45,39.9,900,41.7,2700,0,27900
UPL30Jan20560CE.NFO,07/01/2020,10:39:51,39.45,39.95,900,41.3,900,0,27900
UPL30Jan20560CE.NFO,07/01/2020,10:39:54,39.45,39.95,900,41.25,900,0,27900
UPL30Jan20560CE.NFO,07/01/2020,10:40:12,39.45,40.15,900,41.45,900,0,27900
UPL30Jan20560CE.NFO,07/01/2020,10:40:17,39.45,40,900,41.25,900,0,27900
UPL30Jan20560CE.NFO,07/01/2020,10:40:20,39.45,39.4,1800,41.3,900,0,27900
UPL30Jan20560CE.NFO,07/01/2020,10:40:24,39.45,39.85,900,41.6,900,0,27900
UPL30Jan20560CE.NFO,07/01/2020,10:40:29,39.45,39.85,900,41.15,900,0,27900
UPL30Jan20560CE.NFO,07/01/2020,10:40:32,39.45,39,8100,41.15,900,0,27900
UPL30Jan20560CE.NFO,07/01/2020,10:40:43,39.45,39.6,900,41.05,900,0,27900
UPL30Jan20560CE.NFO,07/01/2020,10:40:48,39.45,39.85,900,41.2,1800,0,27900
UPL30Jan20560CE.NFO,07/01/2020,10:40:52,39.45,39.85,900,41.2,2700,0,27900
UPL30Jan20560CE.NFO,07/01/2020,10:40:56,39.45,39.95,900,41.2,1800,0,27900
UPL30Jan20560CE.NFO,07/01/2020,10:41:03,39.45,39.6,900,41.15,900,0,27900
UPL30Jan20560CE.NFO,07/01/2020,10:41:06,39.45,39.85,900,41.1,900,0,27900
UPL30Jan20560CE.NFO,07/01/2020,10:41:15,39.45,39,8100,41.6,3600,0,27900
UPL30Jan20560CE.NFO,07/01/2020,10:41:22,39.45,39.75,900,41.25,1800,0,27900
UPL30Jan20560CE.NFO,07/01/2020,10:41:28,39.45,39.9,900,41.15,900,0,27900
UPL30Jan20560CE.NFO,07/01/2020,10:41:45,39.45,39.8,900,41.2,900,0,27900
UPL30Jan20560CE.NFO,07/01/2020,10:41:49,39.45,39.95,900,41.2,1800,0,27900
UPL30Jan20560CE.NFO,07/01/2020,10:42:01,39.45,39.95,900,41.2,900,0,27900
UPL30Jan20560CE.NFO,07/01/2020,10:42:05,39.45,39.95,900,41.45,2700,0,27900
UPL30Jan20560CE.NFO,07/01/2020,10:42:10,39.45,39.6,900,40.9,1800,0,27900
UPL30Jan20560CE.NFO,07/01/2020,10:42:15,39.45,39.65,900,40.9,1800,0,27900
UPL30Jan20560CE.NFO,07/01/2020,10:42:19,39.45,39.2,900,40.9,900,0,27900
UPL30Jan20560CE.NFO,07/01/2020,10:42:23,39.45,39.55,900,40.8,900,0,27900
UPL30Jan20560CE.NFO,07/01/2020,10:42:28,39.45,39.65,900,41.2,1800,0,27900
UPL30Jan20560CE.NFO,07/01/2020,10:42:32,39.45,39.65,900,40.85,900,0,27900
UPL30Jan20560CE.NFO,07/01/2020,10:42:39,39.45,39.65,900,41.45,2700,0,27900
UPL30Jan20560CE.NFO,07/01/2020,10:42:55,39.45,39.65,900,41.05,2700,0,27900
UPL30Jan20560CE.NFO,07/01/2020,10:42:57,39.45,39.65,900,40.9,1800,0,27900
UPL30Jan20560CE.NFO,07/01/2020,10:43:09,39.45,39.65,900,40.8,900,0,27900
UPL30Jan20560CE.NFO,07/01/2020,10:43:54,39.45,39.65,900,40.95,1800,0,27900
UPL30Jan20560CE.NFO,07/01/2020,10:43:58,39.45,39.65,900,40.85,900,0,27900
UPL30Jan20560CE.NFO,07/01/2020,10:44:01,39.45,39.65,900,40.8,900,0,27900
UPL30Jan20560CE.NFO,07/01/2020,10:44:06,39.45,39.65,900,41.45,3600,0,27900
UPL30Jan20560CE.NFO,07/01/2020,10:44:09,39.45,39.65,900,41.05,1800,0,27900
UPL30Jan20560CE.NFO,07/01/2020,10:44:12,39.45,39.7,900,40.9,900,0,27900
UPL30Jan20560CE.NFO,07/01/2020,10:44:25,39.45,39.75,900,40.9,900,0,27900
UPL30Jan20560CE.NFO,07/01/2020,10:44:36,39.45,39.85,900,41.6,2700,0,27900
UPL30Jan20560CE.NFO,07/01/2020,10:44:39,39.45,39.85,900,41.1,1800,0,27900
UPL30Jan20560CE.NFO,07/01/2020,10:44:57,39.45,39.7,900,40.95,1800,0,27900
UPL30Jan20560CE.NFO,07/01/2020,10:45:02,39.45,39.85,900,41.25,900,0,27900
UPL30Jan20560CE.NFO,07/01/2020,10:45:07,39.45,39.85,900,41.05,900,0,27900
UPL30Jan20560CE.NFO,07/01/2020,10:45:26,39.45,39.95,900,41.05,900,0,27900
UPL30Jan20560CE.NFO,07/01/2020,10:45:33,39.45,39.6,900,41.05,900,0,27900
UPL30Jan20560CE.NFO,07/01/2020,10:45:36,39.45,39.85,900,41.05,900,0,27900
UPL30Jan20560CE.NFO,07/01/2020,10:46:03,39.45,39.95,900,41.05,900,0,27900
UPL30Jan20560CE.NFO,07/01/2020,10:46:10,39.45,40.3,900,41.5,900,0,27900
UPL30Jan20560CE.NFO,07/01/2020,10:46:13,39.45,40.5,900,41.7,900,0,27900
UPL30Jan20560CE.NFO,07/01/2020,10:46:16,39.45,40.7,900,42.05,900,0,27900
UPL30Jan20560CE.NFO,07/01/2020,10:46:20,39.45,40.7,900,42.1,900,0,27900
UPL30Jan20560CE.NFO,07/01/2020,10:46:23,39.45,40.85,900,42.1,1800,0,27900
UPL30Jan20560CE.NFO,07/01/2020,10:46:27,39.45,39.85,5400,42,900,0,27900
UPL30Jan20560CE.NFO,07/01/2020,10:46:30,39.45,39.85,5400,42.45,900,0,27900
UPL30Jan20560CE.NFO,07/01/2020,10:46:34,39.45,40.55,1800,42.45,1800,0,27900
UPL30Jan20560CE.NFO,07/01/2020,10:46:37,39.45,40.9,900,42.3,1800,0,27900
UPL30Jan20560CE.NFO,07/01/2020,10:46:40,39.45,40.6,900,42,900,0,27900
UPL30Jan20560CE.NFO,07/01/2020,10:46:43,39.45,40.65,900,41.95,1800,0,27900
UPL30Jan20560CE.NFO,07/01/2020,10:46:49,39.45,40.75,900,42.4,1800,0,27900
UPL30Jan20560CE.NFO,07/01/2020,10:46:51,39.45,40.75,900,42.1,1800,0,27900
UPL30Jan20560CE.NFO,07/01/2020,10:46:54,39.45,40.75,900,42.05,1800,0,27900
UPL30Jan20560CE.NFO,07/01/2020,10:46:58,39.45,40.75,900,42.25,2700,0,27900
UPL30Jan20560CE.NFO,07/01/2020,10:47:01,39.45,40.75,900,42.1,1800,0,27900
UPL30Jan20560CE.NFO,07/01/2020,10:47:04,39.45,40.85,900,42.45,900,0,27900
UPL30Jan20560CE.NFO,07/01/2020,10:47:07,39.45,40.85,900,42.25,900,0,27900
UPL30Jan20560CE.NFO,07/01/2020,10:47:10,39.45,40.85,900,42.15,900,0,27900
UPL30Jan20560CE.NFO,07/01/2020,10:47:17,39.45,40.95,900,42.25,900,0,27900
UPL30Jan20560CE.NFO,07/01/2020,10:47:23,39.45,40.75,900,42.05,900,0,27900
UPL30Jan20560CE.NFO,07/01/2020,10:47:27,39.45,40.75,900,42.5,2700,0,27900
UPL30Jan20560CE.NFO,07/01/2020,10:47:42,39.45,41,900,42.5,2700,0,27900
UPL30Jan20560CE.NFO,07/01/2020,10:47:49,39.45,41.1,900,42.5,2700,0,27900
UPL30Jan20560CE.NFO,07/01/2020,10:47:57,39.45,41.2,900,42.5,900,0,27900
UPL30Jan20560CE.NFO,07/01/2020,10:48:00,39.45,41.25,900,42.5,900,0,27900
UPL30Jan20560CE.NFO,07/01/2020,10:48:04,39.45,41.35,900,42.7,900,0,27900
UPL30Jan20560CE.NFO,07/01/2020,10:48:09,39.45,40,1800,42.5,900,0,27900
UPL30Jan20560CE.NFO,07/01/2020,10:48:13,39.45,40.6,900,42.25,900,0,27900
UPL30Jan20560CE.NFO,07/01/2020,10:48:17,39.45,40.7,900,42.4,2700,0,27900
UPL30Jan20560CE.NFO,07/01/2020,10:48:24,39.45,40.75,900,42.05,900,0,27900
UPL30Jan20560CE.NFO,07/01/2020,10:49:03,39.45,40.85,900,42.05,900,0,27900
UPL30Jan20560CE.NFO,07/01/2020,10:49:07,39.45,40.85,900,42.55,2700,0,27900
UPL30Jan20560CE.NFO,07/01/2020,10:49:09,39.45,40.85,900,42.55,3600,0,27900
UPL30Jan20560CE.NFO,07/01/2020,10:49:13,39.45,41.15,900,42.55,1800,0,27900
UPL30Jan20560CE.NFO,07/01/2020,10:49:20,39.45,41.15,900,42.5,900,0,27900
UPL30Jan20560CE.NFO,07/01/2020,10:49:23,39.45,41.15,900,42.45,900,0,27900
UPL30Jan20560CE.NFO,07/01/2020,10:49:27,39.45,40.85,900,42.65,900,0,27900
UPL30Jan20560CE.NFO,07/01/2020,10:49:30,39.45,41.1,900,42.45,900,0,27900
UPL30Jan20560CE.NFO,07/01/2020,10:49:33,39.45,41.2,900,42.55,900,0,27900
UPL30Jan20560CE.NFO,07/01/2020,10:49:45,39.45,41.2,900,42.5,900,0,27900
UPL30Jan20560CE.NFO,07/01/2020,10:49:48,39.45,41.2,900,42.5,1800,0,27900
UPL30Jan20560CE.NFO,07/01/2020,10:49:52,39.45,41.2,900,42.35,900,0,27900
UPL30Jan20560CE.NFO,07/01/2020,10:49:56,39.45,40.85,900,42.15,900,0,27900
UPL30Jan20560CE.NFO,07/01/2020,10:50:02,39.45,40.85,900,42.8,2700,0,27900
UPL30Jan20560CE.NFO,07/01/2020,10:50:07,39.45,40.3,900,42,900,0,27900
UPL30Jan20560CE.NFO,07/01/2020,10:50:12,39.45,40.45,900,41.85,1800,0,27900
UPL30Jan20560CE.NFO,07/01/2020,10:50:18,39.45,40.15,900,41.75,900,0,27900
UPL30Jan20560CE.NFO,07/01/2020,10:50:23,39.45,40.35,1800,42.15,1800,0,27900
UPL30Jan20560CE.NFO,07/01/2020,10:50:29,39.45,40.25,900,42.15,2700,0,27900
UPL30Jan20560CE.NFO,07/01/2020,10:50:34,39.45,40.3,900,41.75,1800,0,27900
UPL30Jan20560CE.NFO,07/01/2020,10:50:39,39.45,40.1,900,41.7,900,0,27900
UPL30Jan20560CE.NFO,07/01/2020,10:50:45,39.45,40.3,900,41.75,900,0,27900
UPL30Jan20560CE.NFO,07/01/2020,10:50:49,39.45,40.35,900,42.05,1800,0,27900
UPL30Jan20560CE.NFO,07/01/2020,10:50:53,39.45,40.35,900,41.65,900,0,27900
UPL30Jan20560CE.NFO,07/01/2020,10:50:58,39.45,40.35,900,41.9,1800,0,27900
UPL30Jan20560CE.NFO,07/01/2020,10:51:01,39.45,40.35,900,41.6,1800,0,27900
UPL30Jan20560CE.NFO,07/01/2020,10:51:05,39.45,40.35,900,42.15,2700,0,27900
UPL30Jan20560CE.NFO,07/01/2020,10:51:09,39.45,40.55,900,42.75,2700,0,27900
UPL30Jan20560CE.NFO,07/01/2020,10:51:14,39.45,40.55,900,42.45,1800,0,27900
UPL30Jan20560CE.NFO,07/01/2020,10:51:18,39.45,40.55,900,41.9,900,0,27900
UPL30Jan20560CE.NFO,07/01/2020,10:51:22,39.45,40.55,900,41.8,900,0,27900
UPL30Jan20560CE.NFO,07/01/2020,10:51:26,39.45,40.65,900,42.4,2700,0,27900
UPL30Jan20560CE.NFO,07/01/2020,10:51:30,39.45,40.75,900,42.1,900,0,27900
UPL30Jan20560CE.NFO,07/01/2020,10:51:41,39.45,40.85,900,42.7,3600,0,27900
UPL30Jan20560CE.NFO,07/01/2020,10:51:45,39.45,40.85,900,42.2,2700,0,27900
UPL30Jan20560CE.NFO,07/01/2020,10:51:50,39.45,40.85,900,42.05,900,0,27900
UPL30Jan20560CE.NFO,07/01/2020,10:51:54,39.45,40.2,1800,42.05,900,0,27900
UPL30Jan20560CE.NFO,07/01/2020,10:51:58,39.45,40.65,900,41.85,900,0,27900
UPL30Jan20560CE.NFO,07/01/2020,10:52:02,39.45,40.65,900,42.2,1800,0,27900
UPL30Jan20560CE.NFO,07/01/2020,10:52:06,39.45,40.45,900,41.95,900,0,27900
UPL30Jan20560CE.NFO,07/01/2020,10:52:10,39.45,40.25,900,42,900,0,27900
UPL30Jan20560CE.NFO,07/01/2020,10:52:16,39.45,40.5,900,41.8,900,0,27900
UPL30Jan20560CE.NFO,07/01/2020,10:52:20,39.45,40,1800,41.7,900,0,27900
UPL30Jan20560CE.NFO,07/01/2020,10:52:25,39.45,40.45,900,41.7,900,0,27900
UPL30Jan20560CE.NFO,07/01/2020,10:52:33,39.45,40.5,900,41.75,900,0,27900
UPL30Jan20560CE.NFO,07/01/2020,10:52:37,39.45,40.2,900,41.8,900,0,27900
UPL30Jan20560CE.NFO,07/01/2020,10:52:41,39.45,40.45,900,42.05,1800,0,27900
UPL30Jan20560CE.NFO,07/01/2020,10:52:46,39.45,39.45,5400,41.8,900,0,27900
UPL30Jan20560CE.NFO,07/01/2020,10:52:49,39.45,39.45,5400,41.7,900,0,27900
UPL30Jan20560CE.NFO,07/01/2020,10:52:54,39.45,39.45,5400,41.6,900,0,27900
UPL30Jan20560CE.NFO,07/01/2020,10:52:59,39.45,39.45,5400,41.9,1800,0,27900
UPL30Jan20560CE.NFO,07/01/2020,10:53:06,39.45,39.45,5400,42.4,2700,0,27900
UPL30Jan20560CE.NFO,07/01/2020,10:53:19,39.45,40.2,900,42.1,1800,0,27900
UPL30Jan20560CE.NFO,07/01/2020,10:53:25,39.45,40.3,900,41.65,900,0,27900
UPL30Jan20560CE.NFO,07/01/2020,10:53:42,39.45,40.6,900,42,900,0,27900
UPL30Jan20560CE.NFO,07/01/2020,10:53:47,39.45,39.8,2700,41.95,900,0,27900
UPL30Jan20560CE.NFO,07/01/2020,10:53:53,39.45,40.2,900,41.85,900,0,27900
UPL30Jan20560CE.NFO,07/01/2020,10:54:01,39.45,40.35,900,42.45,2700,0,27900
UPL30Jan20560CE.NFO,07/01/2020,10:54:06,39.45,40.4,900,42.45,2700,0,27900
UPL30Jan20560CE.NFO,07/01/2020,10:54:12,39.45,40.45,900,42.05,1800,0,27900
UPL30Jan20560CE.NFO,07/01/2020,10:54:18,39.45,40.45,900,41.8,900,0,27900
UPL30Jan20560CE.NFO,07/01/2020,10:54:42,39.45,39.5,9900,41.9,1800,0,27900
UPL30Jan20560CE.NFO,07/01/2020,10:54:47,39.45,40.25,900,41.65,1800,0,27900
UPL30Jan20560CE.NFO,07/01/2020,10:54:52,39.45,40.25,900,41.55,900,0,27900
UPL30Jan20560CE.NFO,07/01/2020,10:54:57,39.45,40.25,900,41.45,900,0,27900
UPL30Jan20560CE.NFO,07/01/2020,10:55:01,39.45,40.05,900,41.45,900,0,27900
UPL30Jan20560CE.NFO,07/01/2020,10:55:19,39.45,40.05,900,41.85,1800,0,27900
UPL30Jan20560CE.NFO,07/01/2020,10:55:23,39.45,40.15,900,41.5,900,0,27900
UPL30Jan20560CE.NFO,07/01/2020,10:55:28,39.45,39.35,900,40.75,900,0,27900
UPL30Jan20560CE.NFO,07/01/2020,10:55:33,39.45,39.25,900,40.65,1800,0,27900
UPL30Jan20560CE.NFO,07/01/2020,10:55:39,39.45,39.3,900,40.8,900,0,27900
UPL30Jan20560CE.NFO,07/01/2020,10:55:44,39.45,39.3,900,40.7,1800,0,27900
UPL30Jan20560CE.NFO,07/01/2020,10:55:52,39.45,39.3,900,40.7,2700,0,27900
UPL30Jan20560CE.NFO,07/01/2020,10:56:02,39.45,39.4,900,40.7,1800,0,27900
UPL30Jan20560CE.NFO,07/01/2020,10:56:07,39.45,38.5,9000,40.6,900,0,27900
UPL30Jan20560CE.NFO,07/01/2020,10:56:13,39.45,39.45,900,40.7,900,0,27900
UPL30Jan20560CE.NFO,07/01/2020,10:56:18,39.45,38.85,2700,40.55,900,0,27900
UPL30Jan20560CE.NFO,07/01/2020,10:56:23,39.45,39.15,900,40.6,1800,0,27900
UPL30Jan20560CE.NFO,07/01/2020,10:56:27,39.45,39.15,900,40.5,900,0,27900
UPL30Jan20560CE.NFO,07/01/2020,10:56:31,39.45,39.15,900,40.4,900,0,27900
UPL30Jan20560CE.NFO,07/01/2020,10:56:36,39.45,39.25,900,40.65,900,0,27900
UPL30Jan20560CE.NFO,07/01/2020,10:56:42,39.45,39.55,900,40.8,900,0,27900
UPL30Jan20560CE.NFO,07/01/2020,10:56:46,39.45,39.2,900,40.75,1800,0,27900
UPL30Jan20560CE.NFO,07/01/2020,10:56:51,39.45,39.45,900,40.7,900,0,27900
UPL30Jan20560CE.NFO,07/01/2020,10:57:00,39.45,39.45,900,41,2700,0,27900
UPL30Jan20560CE.NFO,07/01/2020,10:57:04,39.45,39.45,900,40.7,900,0,27900
UPL30Jan20560CE.NFO,07/01/2020,10:57:08,39.45,39.45,900,40.6,900,0,27900
UPL30Jan20560CE.NFO,07/01/2020,10:57:14,39.45,39.45,900,40.55,900,0,27900
UPL30Jan20560CE.NFO,07/01/2020,10:57:21,39.45,39.45,900,41.25,1800,0,27900
UPL30Jan20560CE.NFO,07/01/2020,10:57:28,39.45,39.25,900,40.55,1800,0,27900
UPL30Jan20560CE.NFO,07/01/2020,10:57:40,39.45,39.35,900,40.55,900,0,27900
UPL30Jan20560CE.NFO,07/01/2020,10:57:46,39.45,39.35,900,40.65,1800,0,27900
UPL30Jan20560CE.NFO,07/01/2020,10:57:52,39.45,39.35,900,40.5,900,0,27900
UPL30Jan20560CE.NFO,07/01/2020,10:58:01,39.45,38.45,6300,40.4,900,0,27900
UPL30Jan20560CE.NFO,07/01/2020,10:58:06,39.45,38.45,6300,40.65,1800,0,27900
UPL30Jan20560CE.NFO,07/01/2020,10:58:11,39.45,39.05,900,40.25,900,0,27900
UPL30Jan20560CE.NFO,07/01/2020,10:58:16,39.45,39.15,900,40.4,900,0,27900
UPL30Jan20560CE.NFO,07/01/2020,10:58:27,39.45,39.25,900,40.55,900,0,27900
UPL30Jan20560CE.NFO,07/01/2020,10:58:32,39.45,39,900,40.55,900,0,27900
UPL30Jan20560CE.NFO,07/01/2020,10:58:38,39.45,39.15,900,40.45,1800,0,27900
UPL30Jan20560CE.NFO,07/01/2020,10:58:49,39.45,38.85,900,40.35,1800,0,27900
UPL30Jan20560CE.NFO,07/01/2020,10:58:55,39.45,39,900,40.3,900,0,27900
UPL30Jan20560CE.NFO,07/01/2020,10:59:00,39.45,39.1,900,40.4,900,0,27900
UPL30Jan20560CE.NFO,07/01/2020,10:59:06,39.45,39.1,900,40.4,1800,0,27900
UPL30Jan20560CE.NFO,07/01/2020,10:59:12,39.45,39.15,900,40.35,900,0,27900
UPL30Jan20560CE.NFO,07/01/2020,10:59:16,39.45,39.15,900,40.85,2700,0,27900
UPL30Jan20560CE.NFO,07/01/2020,10:59:21,39.45,39.15,900,40.55,1800,0,27900
UPL30Jan20560CE.NFO,07/01/2020,10:59:26,39.45,39.15,900,41.05,2700,0,27900
UPL30Jan20560CE.NFO,07/01/2020,10:59:32,39.45,39.15,900,40.5,900,0,27900
UPL30Jan20560CE.NFO,07/01/2020,10:59:37,39.45,39.2,900,40.75,900,0,27900
UPL30Jan20560CE.NFO,07/01/2020,10:59:43,39.45,39.25,900,40.5,1800,0,27900
UPL30Jan20560CE.NFO,07/01/2020,10:59:49,39.45,39.25,900,40.55,900,0,27900
UPL30Jan20560CE.NFO,07/01/2020,10:59:54,39.45,39.05,900,40.45,1800,0,27900
UPL30Jan20560CE.NFO,07/01/2020,10:59:59,39.45,39.15,900,40.45,2700,0,27900
UPL30Jan20560CE.NFO,07/01/2020,11:00:05,39.45,39,900,40.7,900,0,27900
UPL30Jan20560CE.NFO,07/01/2020,11:00:11,39.45,38.3,2700,41.25,5400,0,27900
UPL30Jan20560CE.NFO,07/01/2020,11:00:18,39.45,38.3,2700,40.55,900,0,27900
UPL30Jan20560CE.NFO,07/01/2020,11:00:24,39.45,39.1,900,40.5,900,0,27900
UPL30Jan20560CE.NFO,07/01/2020,11:00:31,39.45,39.1,900,40.45,1800,0,27900
UPL30Jan20560CE.NFO,07/01/2020,11:00:39,39.45,38.75,900,40.35,900,0,27900
UPL30Jan20560CE.NFO,07/01/2020,11:00:45,39.45,38.3,4500,40.3,900,0,27900
UPL30Jan20560CE.NFO,07/01/2020,11:00:51,39.45,38.6,900,40,900,0,27900
UPL30Jan20560CE.NFO,07/01/2020,11:00:59,39.45,38.35,900,40.2,1800,0,27900
UPL30Jan20560CE.NFO,07/01/2020,11:01:07,39.45,38.65,900,40,3600,0,27900
UPL30Jan20560CE.NFO,07/01/2020,11:01:14,39.45,38.55,900,39.95,900,0,27900
UPL30Jan20560CE.NFO,07/01/2020,11:01:22,39.45,38.3,4500,39.95,900,0,27900
UPL30Jan20560CE.NFO,07/01/2020,11:01:29,39.45,38.3,1800,40.5,2700,0,27900
UPL30Jan20560CE.NFO,07/01/2020,11:01:36,39.45,38.3,1800,39.85,900,0,27900
UPL30Jan20560CE.NFO,07/01/2020,11:01:44,39.45,38.3,1800,40.2,1800,0,27900
UPL30Jan20560CE.NFO,07/01/2020,11:01:53,39.45,38.75,900,40.2,1800,0,27900
UPL30Jan20560CE.NFO,07/01/2020,11:02:07,39.45,39,900,40.4,900,0,27900
UPL30Jan20560CE.NFO,07/01/2020,11:02:14,39.45,38.95,900,40.45,2700,0,27900
UPL30Jan20560CE.NFO,07/01/2020,11:02:20,39.45,39,900,40.4,900,0,27900
UPL30Jan20560CE.NFO,07/01/2020,11:02:27,39.45,38.45,1800,40.45,1800,0,27900
UPL30Jan20560CE.NFO,07/01/2020,11:02:34,39.45,38.4,900,40.55,1800,0,27900
UPL30Jan20560CE.NFO,07/01/2020,11:02:41,39.45,38.6,900,40.25,900,0,27900
UPL30Jan20560CE.NFO,07/01/2020,11:02:47,39.45,38.95,900,40.85,2700,0,27900
UPL30Jan20560CE.NFO,07/01/2020,11:02:53,39.45,38.15,3600,40.05,900,0,27900
UPL30Jan20560CE.NFO,07/01/2020,11:03:00,39.45,38.15,3600,40.1,900,0,27900
UPL30Jan20560CE.NFO,07/01/2020,11:03:07,39.45,38.45,900,40.05,2700,0,27900
UPL30Jan20560CE.NFO,07/01/2020,11:03:14,39.45,38.55,900,39.95,1800,0,27900
UPL30Jan20560CE.NFO,07/01/2020,11:03:26,39.45,38.75,900,40,900,0,27900
UPL30Jan20560CE.NFO,07/01/2020,11:03:32,39.45,38.2,3600,40.4,1800,0,27900
UPL30Jan20560CE.NFO,07/01/2020,11:03:38,39.45,38.7,900,39.95,900,0,27900
UPL30Jan20560CE.NFO,07/01/2020,11:03:45,39.45,38.7,900,40.05,1800,0,27900
UPL30Jan20560CE.NFO,07/01/2020,11:03:52,39.45,38.7,900,40.65,2700,0,27900
UPL30Jan20560CE.NFO,07/01/2020,11:03:58,39.45,38.7,900,40.05,1800,0,27900
UPL30Jan20560CE.NFO,07/01/2020,11:04:06,39.45,38.7,900,39.95,900,0,27900
UPL30Jan20560CE.NFO,07/01/2020,11:04:12,39.45,38.7,900,40.3,900,0,27900
UPL30Jan20560CE.NFO,07/01/2020,11:04:19,39.45,38.75,900,40.05,900,0,27900
UPL30Jan20560CE.NFO,07/01/2020,11:04:25,39.45,38.8,900,40.15,900,0,27900
UPL30Jan20560CE.NFO,07/01/2020,11:04:31,39.45,38.9,900,40.1,900,0,27900
UPL30Jan20560CE.NFO,07/01/2020,11:04:38,39.45,38.9,900,40.2,1800,0,27900
UPL30Jan20560CE.NFO,07/01/2020,11:04:45,39.45,38.9,900,40.15,900,0,27900
UPL30Jan20560CE.NFO,07/01/2020,11:04:52,39.45,39.1,900,40.5,1800,0,27900
UPL30Jan20560CE.NFO,07/01/2020,11:04:59,39.45,38.55,900,40.5,900,0,27900
UPL30Jan20560CE.NFO,07/01/2020,11:05:06,39.45,38.85,900,40.7,1800,0,27900
UPL30Jan20560CE.NFO,07/01/2020,11:05:12,39.45,38.85,900,40.15,900,0,27900
UPL30Jan20560CE.NFO,07/01/2020,11:05:19,39.45,38.7,900,40.45,1800,0,27900
UPL30Jan20560CE.NFO,07/01/2020,11:05:26,39.45,38.95,900,40.3,900,0,27900
UPL30Jan20560CE.NFO,07/01/2020,11:05:32,39.45,39.1,900,40.9,1800,0,27900
UPL30Jan20560CE.NFO,07/01/2020,11:05:39,39.45,38.3,8100,40.55,900,0,27900
UPL30Jan20560CE.NFO,07/01/2020,11:05:45,39.45,38.9,900,40.45,900,0,27900
UPL30Jan20560CE.NFO,07/01/2020,11:05:52,39.45,39.15,900,41.1,2700,0,27900
UPL30Jan20560CE.NFO,07/01/2020,11:06:06,39.45,39.45,900,40.7,900,0,27900
UPL30Jan20560CE.NFO,07/01/2020,11:06:13,39.45,38.7,2700,40.95,900,0,27900
UPL30Jan20560CE.NFO,07/01/2020,11:06:19,39.45,39.3,900,40.9,900,0,27900
UPL30Jan20560CE.NFO,07/01/2020,11:06:26,39.45,39.55,900,40.8,900,0,27900
UPL30Jan20560CE.NFO,07/01/2020,11:06:58,39.45,38.6,2700,41.4,3600,0,27900
UPL30Jan20560CE.NFO,07/01/2020,11:07:04,39.45,38.6,2700,40.9,900,0,27900
UPL30Jan20560CE.NFO,07/01/2020,11:07:10,39.45,39.6,900,40.85,900,0,27900
UPL30Jan20560CE.NFO,07/01/2020,11:07:15,39.45,38.65,2700,40.85,900,0,27900
UPL30Jan20560CE.NFO,07/01/2020,11:07:20,39.45,39.45,900,40.85,1800,0,27900
UPL30Jan20560CE.NFO,07/01/2020,11:07:25,39.45,38.7,2700,40.95,900,0,27900
UPL30Jan20560CE.NFO,07/01/2020,11:07:30,39.45,39.65,900,41.45,900,0,27900
UPL30Jan20560CE.NFO,07/01/2020,11:07:35,39.45,39.85,900,41.2,900,0,27900
UPL30Jan20560CE.NFO,07/01/2020,11:07:41,39.45,39.05,2700,41.15,1800,0,27900
UPL30Jan20560CE.NFO,07/01/2020,11:07:46,39.45,39.05,2700,41.1,2700,0,27900
UPL30Jan20560CE.NFO,07/01/2020,11:08:15,39.45,39.25,900,41,1800,0,27900
UPL30Jan20560CE.NFO,07/01/2020,11:08:20,39.45,39.5,900,40.9,900,0,27900
UPL30Jan20560CE.NFO,07/01/2020,11:08:25,39.45,39.65,900,40.95,900,0,27900
UPL30Jan20560CE.NFO,07/01/2020,11:08:30,39.45,39.8,900,40.95,900,0,27900
UPL30Jan20560CE.NFO,07/01/2020,11:08:41,39.45,39.6,900,41.05,1800,0,27900
UPL30Jan20560CE.NFO,07/01/2020,11:08:45,39.45,39.7,900,41.05,900,0,27900
UPL30Jan20560CE.NFO,07/01/2020,11:08:54,39.45,39.7,900,40.95,900,0,27900
UPL30Jan20560CE.NFO,07/01/2020,11:08:58,39.45,39.3,900,41.05,2700,0,27900
UPL30Jan20560CE.NFO,07/01/2020,11:09:03,39.45,39.55,900,40.9,1800,0,27900
UPL30Jan20560CE.NFO,07/01/2020,11:09:07,39.45,39.65,900,40.9,900,0,27900
UPL30Jan20560CE.NFO,07/01/2020,11:09:12,39.45,39.75,900,41.2,2700,0,27900
UPL30Jan20560CE.NFO,07/01/2020,11:09:18,39.45,39.75,900,41,900,0,27900
UPL30Jan20560CE.NFO,07/01/2020,11:09:44,39.45,39.85,900,41.1,900,0,27900
UPL30Jan20560CE.NFO,07/01/2020,11:09:56,39.45,39.95,900,41.1,900,0,27900
UPL30Jan20560CE.NFO,07/01/2020,11:10:05,39.45,39.5,2700,41.1,900,0,27900
UPL30Jan20560CE.NFO,07/01/2020,11:10:10,39.45,39.75,900,41,900,0,27900
UPL30Jan20560CE.NFO,07/01/2020,11:10:15,39.45,39.15,2700,41,900,0,27900
UPL30Jan20560CE.NFO,07/01/2020,11:10:20,39.45,39.65,900,41,900,0,27900
UPL30Jan20560CE.NFO,07/01/2020,11:10:25,39.45,39.8,900,41,900,0,27900
UPL30Jan20560CE.NFO,07/01/2020,11:10:46,39.45,39.65,900,41,900,0,27900
UPL30Jan20560CE.NFO,07/01/2020,11:10:53,39.45,39.75,900,41,900,0,27900
UPL30Jan20560CE.NFO,07/01/2020,11:11:09,39.45,39.6,900,40.8,900,0,27900
UPL30Jan20560CE.NFO,07/01/2020,11:11:14,39.45,39.05,900,41.3,2700,0,27900
UPL30Jan20560CE.NFO,07/01/2020,11:11:22,39.45,39.3,900,41.3,2700,0,27900
UPL30Jan20560CE.NFO,07/01/2020,11:11:38,39.45,39.15,900,40.45,900,0,27900
UPL30Jan20560CE.NFO,07/01/2020,11:11:45,39.45,39,900,40.7,900,0,27900
UPL30Jan20560CE.NFO,07/01/2020,11:11:51,39.45,39.25,900,40.6,900,0,27900
UPL30Jan20560CE.NFO,07/01/2020,11:11:57,39.45,38.95,900,40.6,900,0,27900
UPL30Jan20560CE.NFO,07/01/2020,11:12:06,39.45,38.85,900,40.3,900,0,27900
UPL30Jan20560CE.NFO,07/01/2020,11:12:14,39.45,38.95,900,40.3,900,0,27900
UPL30Jan20560CE.NFO,07/01/2020,11:12:21,39.45,38.4,900,40.2,900,0,27900
UPL30Jan20560CE.NFO,07/01/2020,11:12:26,39.45,38.75,900,40.15,900,0,27900
UPL30Jan20560CE.NFO,07/01/2020,11:12:32,39.45,38.85,900,40.15,900,0,27900
UPL30Jan20560CE.NFO,07/01/2020,11:12:38,39.45,38,2700,40.1,900,0,27900
UPL30Jan20560CE.NFO,07/01/2020,11:12:49,39.45,38,2700,39.85,900,0,27900
UPL30Jan20560CE.NFO,07/01/2020,11:13:38,39.6,38.25,900,39.8,900,900,28800
UPL30Jan20560CE.NFO,07/01/2020,11:13:44,39.6,38.25,900,39.8,900,0,28800
UPL30Jan20560CE.NFO,07/01/2020,11:13:55,39.7,38.45,900,40.05,900,900,28800
UPL30Jan20560CE.NFO,07/01/2020,11:14:00,39.7,39.25,900,40.05,900,0,28800
UPL30Jan20560CE.NFO,07/01/2020,11:14:05,39.7,39.25,900,40.65,1800,0,28800
UPL30Jan20560CE.NFO,07/01/2020,11:14:59,39.7,39.25,900,40.15,900,0,28800
UPL30Jan20560CE.NFO,07/01/2020,11:15:12,39.7,39.25,900,39.9,900,0,28800
UPL30Jan20560CE.NFO,07/01/2020,11:15:39,39.25,38.45,900,39.9,900,900,29700
UPL30Jan20560CE.NFO,07/01/2020,11:15:48,39.25,38.45,900,39.6,900,0,29700
UPL30Jan20560CE.NFO,07/01/2020,11:16:01,39.25,38,900,39.4,900,0,29700
UPL30Jan20560CE.NFO,07/01/2020,11:16:13,39.25,38.1,900,39.4,900,0,29700
UPL30Jan20560CE.NFO,07/01/2020,11:16:26,39.25,38.3,900,40.05,2700,0,29700
UPL30Jan20560CE.NFO,07/01/2020,11:16:36,39.25,38.3,900,39.85,900,0,29700
UPL30Jan20560CE.NFO,07/01/2020,11:16:41,39.25,38.3,900,39.4,900,0,29700
UPL30Jan20560CE.NFO,07/01/2020,11:16:51,39.25,38,900,39.4,900,0,29700
UPL30Jan20560CE.NFO,07/01/2020,11:17:07,39.25,38,900,39.2,900,0,29700
UPL30Jan20560CE.NFO,07/01/2020,11:17:12,39.25,38,900,39.85,2700,0,29700
UPL30Jan20560CE.NFO,07/01/2020,11:17:18,39.25,38.4,900,39.6,900,0,29700
UPL30Jan20560CE.NFO,07/01/2020,11:17:24,39.25,38.5,900,39.6,900,0,29700
UPL30Jan20560CE.NFO,07/01/2020,11:17:29,39.25,38.6,900,39.6,900,0,29700
UPL30Jan20560CE.NFO,07/01/2020,11:17:34,39.25,38.8,900,40.25,1800,0,29700
UPL30Jan20560CE.NFO,07/01/2020,11:18:41,39.25,38.8,900,40.25,900,0,29700
UPL30Jan20560CE.NFO,07/01/2020,11:18:55,39.25,38.8,900,40.15,900,0,29700
UPL30Jan20560CE.NFO,07/01/2020,11:19:19,39.25,38.8,900,39.95,900,0,29700
UPL30Jan20560CE.NFO,07/01/2020,11:19:28,39.25,38.45,900,39.95,900,0,29700
UPL30Jan20560CE.NFO,07/01/2020,11:19:35,39.25,38.55,900,40.6,2700,0,29700
UPL30Jan20560CE.NFO,07/01/2020,11:19:46,39.25,38.65,900,40.6,2700,0,29700
UPL30Jan20560CE.NFO,07/01/2020,11:19:56,39.25,38.65,900,40.05,900,0,29700
UPL30Jan20560CE.NFO,07/01/2020,11:20:04,39.25,38.35,900,39.95,900,0,29700
UPL30Jan20560CE.NFO,07/01/2020,11:20:10,39.25,38.35,900,39.65,900,0,29700
UPL30Jan20560CE.NFO,07/01/2020,11:20:16,39.25,38.2,900,40.1,900,0,29700
UPL30Jan20560CE.NFO,07/01/2020,11:20:26,39.25,38.4,900,39.95,900,0,29700
UPL30Jan20560CE.NFO,07/01/2020,11:20:32,39.25,38.6,900,39.95,900,0,29700
UPL30Jan20560CE.NFO,07/01/2020,11:20:43,39.25,38.8,900,40.6,1800,0,29700
UPL30Jan20560CE.NFO,07/01/2020,11:20:54,39.25,38.75,900,40.6,1800,0,29700
UPL30Jan20560CE.NFO,07/01/2020,11:21:00,39.25,38.85,900,40.6,1800,0,29700
UPL30Jan20560CE.NFO,07/01/2020,11:21:05,39.25,39.4,900,41.15,900,0,29700
UPL30Jan20560CE.NFO,07/01/2020,11:21:10,39.25,38.5,9900,40.9,900,0,29700
UPL30Jan20560CE.NFO,07/01/2020,11:21:15,39.25,39.25,900,40.85,900,0,29700
UPL30Jan20560CE.NFO,07/01/2020,11:21:28,39.25,38.85,900,40.7,900,0,29700
UPL30Jan20560CE.NFO,07/01/2020,11:21:34,39.25,39.05,900,40.4,900,0,29700
UPL30Jan20560CE.NFO,07/01/2020,11:21:58,39.25,38.8,900,40.3,900,0,29700
UPL30Jan20560CE.NFO,07/01/2020,11:22:02,39.25,39.05,900,40.3,900,0,29700
UPL30Jan20560CE.NFO,07/01/2020,11:22:15,39.25,39.1,900,40.3,900,0,29700
UPL30Jan20560CE.NFO,07/01/2020,11:23:06,39.25,39.05,900,40.3,900,0,29700
UPL30Jan20560CE.NFO,07/01/2020,11:23:16,39.25,38.9,900,40.3,900,0,29700
UPL30Jan20560CE.NFO,07/01/2020,11:23:21,39.25,39.05,900,40.3,900,0,29700
UPL30Jan20560CE.NFO,07/01/2020,11:23:26,39.25,38.75,900,40.3,900,0,29700
UPL30Jan20560CE.NFO,07/01/2020,11:23:30,39.25,39,900,40.95,1800,0,29700
UPL30Jan20560CE.NFO,07/01/2020,11:23:40,39.25,39.15,900,40.95,1800,0,29700
UPL30Jan20560CE.NFO,07/01/2020,11:23:45,39.25,39.2,900,40.95,1800,0,29700
UPL30Jan20560CE.NFO,07/01/2020,11:23:56,39.25,39.3,900,40.95,1800,0,29700
UPL30Jan20560CE.NFO,07/01/2020,11:24:02,39.25,38.55,5400,40.95,1800,0,29700
UPL30Jan20560CE.NFO,07/01/2020,11:24:07,39.25,39.2,900,40.95,1800,0,29700
UPL30Jan20560CE.NFO,07/01/2020,11:24:12,39.25,39.1,900,40.95,1800,0,29700
UPL30Jan20560CE.NFO,07/01/2020,11:24:25,39.25,39.2,900,40.95,1800,0,29700
UPL30Jan20560CE.NFO,07/01/2020,11:24:48,39.25,39.3,900,40.95,1800,0,29700
UPL30Jan20560CE.NFO,07/01/2020,11:24:53,39.25,39.2,900,40.95,1800,0,29700
UPL30Jan20560CE.NFO,07/01/2020,11:24:57,39.25,39.3,900,40.95,1800,0,29700
UPL30Jan20560CE.NFO,07/01/2020,11:25:02,39.25,38.45,2700,40.95,1800,0,29700
UPL30Jan20560CE.NFO,07/01/2020,11:25:12,39.25,39.15,1800,40.9,900,0,29700
UPL30Jan20560CE.NFO,07/01/2020,11:25:16,39.25,39.5,900,40.85,900,0,29700
UPL30Jan20560CE.NFO,07/01/2020,11:25:20,39.25,38.75,2700,40.7,900,0,29700
UPL30Jan20560CE.NFO,07/01/2020,11:25:26,39.25,38.75,2700,40.6,900,0,29700
UPL30Jan20560CE.NFO,07/01/2020,11:25:31,39.25,38.75,2700,40.95,900,0,29700
UPL30Jan20560CE.NFO,07/01/2020,11:25:39,39.25,38.75,2700,40.85,900,0,29700
UPL30Jan20560CE.NFO,07/01/2020,11:25:44,39.25,38.75,2700,40.65,900,0,29700
UPL30Jan20560CE.NFO,07/01/2020,11:25:50,39.25,38.75,2700,40.55,900,0,29700
UPL30Jan20560CE.NFO,07/01/2020,11:25:54,39.25,38.75,2700,40.5,900,0,29700
UPL30Jan20560CE.NFO,07/01/2020,11:25:57,39.25,38.75,2700,40.4,900,0,29700
UPL30Jan20560CE.NFO,07/01/2020,11:26:05,39.25,38.75,1800,40.4,900,0,29700
UPL30Jan20560CE.NFO,07/01/2020,11:26:09,39.25,39,900,40.5,900,0,29700
UPL30Jan20560CE.NFO,07/01/2020,11:26:13,39.25,39.1,900,40.5,900,0,29700
UPL30Jan20560CE.NFO,07/01/2020,11:26:18,39.25,39.2,900,40.5,900,0,29700
UPL30Jan20560CE.NFO,07/01/2020,11:26:20,39.25,39.25,900,41.2,1800,0,29700
UPL30Jan20560CE.NFO,07/01/2020,11:26:25,39.25,39.3,900,41.2,1800,0,29700
UPL30Jan20560CE.NFO,07/01/2020,11:26:42,39.25,38.6,2700,40.85,900,0,29700
UPL30Jan20560CE.NFO,07/01/2020,11:26:47,39.25,38.6,2700,40.8,900,0,29700
UPL30Jan20560CE.NFO,07/01/2020,11:26:55,39.25,38.95,1800,40.8,900,0,29700
UPL30Jan20560CE.NFO,07/01/2020,11:26:59,39.25,39.35,900,40.8,900,0,29700
UPL30Jan20560CE.NFO,07/01/2020,11:27:02,39.25,39.6,900,41.2,2700,0,29700
UPL30Jan20560CE.NFO,07/01/2020,11:27:19,39.25,39.8,900,41.2,1800,0,29700
UPL30Jan20560CE.NFO,07/01/2020,11:27:22,39.25,40,900,41.6,900,0,29700
UPL30Jan20560CE.NFO,07/01/2020,11:27:26,39.25,40.1,900,41.45,900,0,29700
UPL30Jan20560CE.NFO,07/01/2020,11:27:31,39.25,40.2,900,42.1,4500,0,29700
UPL30Jan20560CE.NFO,07/01/2020,11:27:34,39.25,40.35,900,41.85,900,0,29700
UPL30Jan20560CE.NFO,07/01/2020,11:27:36,39.25,40.45,900,41.85,900,0,29700
UPL30Jan20560CE.NFO,07/01/2020,11:27:43,39.25,40.5,900,41.85,900,0,29700
UPL30Jan20560CE.NFO,07/01/2020,11:27:51,39.25,40.3,900,41.75,900,0,29700
UPL30Jan20560CE.NFO,07/01/2020,11:27:55,39.25,39.6,7200,41.65,900,0,29700
UPL30Jan20560CE.NFO,07/01/2020,11:27:59,39.25,39.6,7200,41.5,900,0,29700
UPL30Jan20560CE.NFO,07/01/2020,11:28:02,39.25,40,900,41.5,900,0,29700
UPL30Jan20560CE.NFO,07/01/2020,11:28:06,39.25,40.15,900,41.5,900,0,29700
UPL30Jan20560CE.NFO,07/01/2020,11:28:13,39.25,40.15,900,41.45,900,0,29700
UPL30Jan20560CE.NFO,07/01/2020,11:28:59,39.25,39.35,9000,41.3,900,0,29700
UPL30Jan20560CE.NFO,07/01/2020,11:29:03,39.25,39.35,9000,41.25,900,0,29700
UPL30Jan20560CE.NFO,07/01/2020,11:29:07,39.25,40.3,900,41.3,900,0,29700
UPL30Jan20560CE.NFO,07/01/2020,11:29:11,39.25,40.05,900,41.3,900,0,29700
UPL30Jan20560CE.NFO,07/01/2020,11:29:15,39.25,40.35,900,41.3,900,0,29700
UPL30Jan20560CE.NFO,07/01/2020,11:29:25,39.25,40.35,900,41.75,900,0,29700
UPL30Jan20560CE.NFO,07/01/2020,11:29:29,39.25,40.35,900,41.6,900,0,29700
UPL30Jan20560CE.NFO,07/01/2020,11:29:43,39.25,40.45,900,42,900,0,29700
UPL30Jan20560CE.NFO,07/01/2020,11:29:47,39.25,40.45,900,41.65,900,0,29700
UPL30Jan20560CE.NFO,07/01/2020,11:30:32,39.25,40.45,900,41.8,1800,0,29700
UPL30Jan20560CE.NFO,07/01/2020,11:30:35,39.25,40.45,900,41.8,2700,0,29700
UPL30Jan20560CE.NFO,07/01/2020,11:30:38,39.25,40.2,900,41.7,1800,0,29700
UPL30Jan20560CE.NFO,07/01/2020,11:30:42,39.25,40.25,900,41.7,1800,0,29700
UPL30Jan20560CE.NFO,07/01/2020,11:30:45,39.25,40.25,900,41.55,900,0,29700
UPL30Jan20560CE.NFO,07/01/2020,11:30:50,39.25,39.85,900,41.55,900,0,29700
UPL30Jan20560CE.NFO,07/01/2020,11:30:53,39.25,40.25,900,42.05,1800,0,29700
UPL30Jan20560CE.NFO,07/01/2020,11:30:56,39.25,40.25,900,41.75,900,0,29700
UPL30Jan20560CE.NFO,07/01/2020,11:31:00,39.25,40.4,900,42.5,900,0,29700
UPL30Jan20560CE.NFO,07/01/2020,11:31:06,39.25,40.5,900,41.95,900,0,29700
UPL30Jan20560CE.NFO,07/01/2020,11:31:13,39.25,40.35,900,41.75,900,0,29700
UPL30Jan20560CE.NFO,07/01/2020,11:31:27,39.25,39.55,7200,41.6,900,0,29700
UPL30Jan20560CE.NFO,07/01/2020,11:31:32,39.25,40.4,900,42.3,1800,0,29700
UPL30Jan20560CE.NFO,07/01/2020,11:31:36,39.25,40.45,900,42.3,1800,0,29700
UPL30Jan20560CE.NFO,07/01/2020,11:31:48,39.25,40.55,900,42.3,1800,0,29700
UPL30Jan20560CE.NFO,07/01/2020,11:31:55,39.25,39.85,7200,42.3,1800,0,29700
UPL30Jan20560CE.NFO,07/01/2020,11:32:01,39.25,40.2,2700,42.3,1800,0,29700
UPL30Jan20560CE.NFO,07/01/2020,11:32:07,39.25,40.55,900,42.3,1800,0,29700
UPL30Jan20560CE.NFO,07/01/2020,11:32:23,39.25,40.65,900,42.3,1800,0,29700
UPL30Jan20560CE.NFO,07/01/2020,11:32:27,39.25,40.8,900,42.4,900,0,29700
UPL30Jan20560CE.NFO,07/01/2020,11:32:32,39.25,40.5,900,42.2,900,0,29700
UPL30Jan20560CE.NFO,07/01/2020,11:32:37,39.25,40.75,900,42,900,0,29700
UPL30Jan20560CE.NFO,07/01/2020,11:32:42,39.25,39.9,2700,41.9,900,0,29700
UPL30Jan20560CE.NFO,07/01/2020,11:32:46,39.25,40.6,900,42.3,900,0,29700
UPL30Jan20560CE.NFO,07/01/2020,11:32:50,39.25,40.75,900,42.4,1800,0,29700
UPL30Jan20560CE.NFO,07/01/2020,11:32:54,39.25,40.4,900,41.9,900,0,29700
UPL30Jan20560CE.NFO,07/01/2020,11:32:57,39.25,40.75,900,42.55,900,0,29700
UPL30Jan20560CE.NFO,07/01/2020,11:33:02,39.25,40.75,900,42.1,900,0,29700
UPL30Jan20560CE.NFO,07/01/2020,11:33:05,39.25,40.45,900,42.3,900,0,29700
UPL30Jan20560CE.NFO,07/01/2020,11:33:08,39.25,40.75,900,42.2,900,0,29700
UPL30Jan20560CE.NFO,07/01/2020,11:33:12,39.25,40.85,900,42.2,900,0,29700
UPL30Jan20560CE.NFO,07/01/2020,11:33:15,39.25,40.6,900,42.2,900,0,29700
UPL30Jan20560CE.NFO,07/01/2020,11:33:19,39.25,40.9,900,42.2,900,0,29700
UPL30Jan20560CE.NFO,07/01/2020,11:33:22,39.25,41,900,42.2,900,0,29700
UPL30Jan20560CE.NFO,07/01/2020,11:33:25,39.25,40.7,900,42.75,1800,0,29700
UPL30Jan20560CE.NFO,07/01/2020,11:33:29,39.25,40.85,900,42.75,1800,0,29700
UPL30Jan20560CE.NFO,07/01/2020,11:33:36,39.25,40.95,900,42.75,1800,0,29700
UPL30Jan20560CE.NFO,07/01/2020,11:33:41,39.25,40.15,2700,42.75,1800,0,29700
UPL30Jan20560CE.NFO,07/01/2020,11:34:05,39.25,40.9,900,42.75,1800,0,29700
UPL30Jan20560CE.NFO,07/01/2020,11:34:11,39.25,41.1,900,42.75,1800,0,29700
UPL30Jan20560CE.NFO,07/01/2020,11:34:19,39.25,40.9,900,42.75,1800,0,29700
UPL30Jan20560CE.NFO,07/01/2020,11:34:25,39.25,41.05,900,42.75,1800,0,29700
UPL30Jan20560CE.NFO,07/01/2020,11:34:38,39.25,40.4,2700,42.7,900,0,29700
UPL30Jan20560CE.NFO,07/01/2020,11:34:44,39.25,39.9,5400,42.45,900,0,29700
UPL30Jan20560CE.NFO,07/01/2020,11:34:50,39.25,39.9,5400,42.65,900,0,29700
UPL30Jan20560CE.NFO,07/01/2020,11:34:56,39.25,39.9,5400,42.4,900,0,29700
UPL30Jan20560CE.NFO,07/01/2020,11:35:02,39.25,40.85,900,43.1,900,0,29700
UPL30Jan20560CE.NFO,07/01/2020,11:35:08,39.25,41.05,900,42.4,900,0,29700
UPL30Jan20560CE.NFO,07/01/2020,11:35:15,39.25,40.95,900,42.4,900,0,29700
UPL30Jan20560CE.NFO,07/01/2020,11:35:21,39.25,41.1,900,42.55,1800,0,29700
UPL30Jan20560CE.NFO,07/01/2020,11:35:28,39.25,41.6,900,43.15,900,0,29700
UPL30Jan20560CE.NFO,07/01/2020,11:35:39,39.25,41.55,900,43,900,0,29700
UPL30Jan20560CE.NFO,07/01/2020,11:35:45,39.25,41.4,900,43,900,0,29700
UPL30Jan20560CE.NFO,07/01/2020,11:35:51,39.25,41.75,900,43.1,900,0,29700
UPL30Jan20560CE.NFO,07/01/2020,11:35:56,39.25,41.4,900,43,900,0,29700
UPL30Jan20560CE.NFO,07/01/2020,11:36:01,39.25,41.3,900,43.3,900,0,29700
UPL30Jan20560CE.NFO,07/01/2020,11:36:06,39.25,41,4500,43.15,900,0,29700
UPL30Jan20560CE.NFO,07/01/2020,11:36:10,39.25,41.7,900,43.55,900,0,29700
UPL30Jan20560CE.NFO,07/01/2020,11:36:15,39.25,42.15,900,44.1,1800,0,29700
UPL30Jan20560CE.NFO,07/01/2020,11:36:20,39.25,42.15,900,43.7,900,0,29700
UPL30Jan20560CE.NFO,07/01/2020,11:36:26,39.25,42.15,900,44.15,2700,0,29700
UPL30Jan20560CE.NFO,07/01/2020,11:36:31,39.25,41.35,3600,43.45,1800,0,29700
UPL30Jan20560CE.NFO,07/01/2020,11:36:36,39.25,41.35,3600,43.25,900,0,29700
UPL30Jan20560CE.NFO,07/01/2020,11:36:41,39.25,41.9,900,43.35,900,0,29700
UPL30Jan20560CE.NFO,07/01/2020,11:36:47,39.25,42.1,900,43.75,900,0,29700
UPL30Jan20560CE.NFO,07/01/2020,11:36:53,39.25,41.5,900,43.15,900,0,29700
UPL30Jan20560CE.NFO,07/01/2020,11:37:00,39.25,42.05,900,43.3,900,0,29700
UPL30Jan20560CE.NFO,07/01/2020,11:37:16,39.25,41.2,8100,43.2,1800,0,29700
UPL30Jan20560CE.NFO,07/01/2020,11:37:25,39.25,41.85,900,43.5,900,0,29700
UPL30Jan20560CE.NFO,07/01/2020,11:37:29,39.25,41.85,900,43.25,900,0,29700
UPL30Jan20560CE.NFO,07/01/2020,11:37:39,39.25,41.85,900,43.45,1800,0,29700
UPL30Jan20560CE.NFO,07/01/2020,11:37:45,39.25,41.85,900,43.2,900,0,29700
UPL30Jan20560CE.NFO,07/01/2020,11:37:50,39.25,41.95,900,43.2,900,0,29700
UPL30Jan20560CE.NFO,07/01/2020,11:37:54,39.25,41.95,900,43.5,900,0,29700
UPL30Jan20560CE.NFO,07/01/2020,11:37:57,39.25,41.95,900,43.3,900,0,29700
UPL30Jan20560CE.NFO,07/01/2020,11:38:04,39.25,41.65,900,43.1,900,0,29700
UPL30Jan20560CE.NFO,07/01/2020,11:38:29,39.25,41.75,900,43.1,900,0,29700
UPL30Jan20560CE.NFO,07/01/2020,11:38:33,39.25,41.75,900,42.95,900,0,29700
UPL30Jan20560CE.NFO,07/01/2020,11:38:37,39.25,41.75,900,43.15,900,0,29700
UPL30Jan20560CE.NFO,07/01/2020,11:38:40,39.25,41.75,900,43,900,0,29700
UPL30Jan20560CE.NFO,07/01/2020,11:38:43,39.25,41.45,900,42.8,900,0,29700
UPL30Jan20560CE.NFO,07/01/2020,11:38:51,39.25,41.55,900,42.8,900,0,29700
UPL30Jan20560CE.NFO,07/01/2020,11:39:02,39.25,41.65,900,43,900,0,29700
UPL30Jan20560CE.NFO,07/01/2020,11:39:06,39.25,41.65,900,42.95,900,0,29700
UPL30Jan20560CE.NFO,07/01/2020,11:39:20,39.25,41.75,900,42.95,900,0,29700
UPL30Jan20560CE.NFO,07/01/2020,11:39:30,39.25,41.4,1800,42.95,900,0,29700
UPL30Jan20560CE.NFO,07/01/2020,11:39:35,39.25,41.75,900,42.95,900,0,29700
UPL30Jan20560CE.NFO,07/01/2020,11:39:59,39.25,40.9,2700,43.1,900,0,29700
UPL30Jan20560CE.NFO,07/01/2020,11:40:06,39.25,41.7,900,42.95,900,0,29700
UPL30Jan20560CE.NFO,07/01/2020,11:40:11,39.25,40.7,2700,42.95,900,0,29700
UPL30Jan20560CE.NFO,07/01/2020,11:40:25,39.25,41.4,900,42.85,900,0,29700
UPL30Jan20560CE.NFO,07/01/2020,11:40:45,39.25,41.5,900,42.85,900,0,29700
UPL30Jan20560CE.NFO,07/01/2020,11:40:49,39.25,41.5,900,42.75,900,0,29700
UPL30Jan20560CE.NFO,07/01/2020,11:41:22,39.25,41.6,900,43.25,1800,0,29700
UPL30Jan20560CE.NFO,07/01/2020,11:41:25,39.25,41.6,900,43.25,2700,0,29700
UPL30Jan20560CE.NFO,07/01/2020,11:41:32,39.25,41.6,900,43,900,0,29700
UPL30Jan20560CE.NFO,07/01/2020,11:41:35,39.25,41.6,900,42.9,900,0,29700
UPL30Jan20560CE.NFO,07/01/2020,11:41:51,39.25,41.25,1800,42.8,900,0,29700
UPL30Jan20560CE.NFO,07/01/2020,11:41:53,39.25,41.5,900,42.8,900,0,29700
UPL30Jan20560CE.NFO,07/01/2020,11:42:31,39.25,41.6,900,42.8,900,0,29700
UPL30Jan20560CE.NFO,07/01/2020,11:42:45,39.25,40.9,9900,42.9,1800,0,29700
UPL30Jan20560CE.NFO,07/01/2020,11:42:49,39.25,41.3,900,42.75,900,0,29700
UPL30Jan20560CE.NFO,07/01/2020,11:42:53,39.25,41.55,900,42.7,900,0,29700
UPL30Jan20560CE.NFO,07/01/2020,11:43:04,39.25,41.65,900,43.3,1800,0,29700
UPL30Jan20560CE.NFO,07/01/2020,11:43:17,39.25,41.65,900,43,900,0,29700
UPL30Jan20560CE.NFO,07/01/2020,11:43:21,39.25,41.45,900,42.75,900,0,29700
UPL30Jan20560CE.NFO,07/01/2020,11:43:26,39.25,41.7,900,42.75,900,0,29700
UPL30Jan20560CE.NFO,07/01/2020,11:43:29,39.25,40.85,13500,42.65,900,0,29700
UPL30Jan20560CE.NFO,07/01/2020,11:43:34,39.25,40.85,13500,42.6,900,0,29700
UPL30Jan20560CE.NFO,07/01/2020,11:43:38,39.25,41.7,900,42.65,900,0,29700
UPL30Jan20560CE.NFO,07/01/2020,11:43:49,39.25,41.1,3600,43.2,1800,0,29700
UPL30Jan20560CE.NFO,07/01/2020,11:43:53,39.25,41.5,900,42.75,900,0,29700
UPL30Jan20560CE.NFO,07/01/2020,11:43:57,39.25,41.35,900,42.65,900,0,29700
UPL30Jan20560CE.NFO,07/01/2020,11:44:00,39.25,41.4,900,42.65,900,0,29700
UPL30Jan20560CE.NFO,07/01/2020,11:44:03,42.65,42.6,900,44.65,1800,900,28800
UPL30Jan20560CE.NFO,07/01/2020,11:44:03,42.65,42.6,900,44.65,1800,0,28800
UPL30Jan20560CE.NFO,07/01/2020,11:44:06,42.65,42.6,900,44.65,1800,0,28800
UPL30Jan20560CE.NFO,07/01/2020,11:44:13,42.65,42.25,900,43.95,900,0,28800
UPL30Jan20560CE.NFO,07/01/2020,11:44:23,42.65,42.25,900,43.85,900,0,28800
UPL30Jan20560CE.NFO,07/01/2020,11:44:29,42.65,42.35,900,43.65,900,0,28800
UPL30Jan20560CE.NFO,07/01/2020,11:44:32,42.65,42.35,900,43.6,900,0,28800
UPL30Jan20560CE.NFO,07/01/2020,11:44:47,42.65,42.35,900,43.85,900,0,28800
UPL30Jan20560CE.NFO,07/01/2020,11:44:50,42.65,42.35,900,43.65,900,0,28800
UPL30Jan20560CE.NFO,07/01/2020,11:44:54,42.65,42.35,900,43.6,900,0,28800
UPL30Jan20560CE.NFO,07/01/2020,11:45:01,42.65,41.5,11700,43.6,900,0,28800
UPL30Jan20560CE.NFO,07/01/2020,11:45:04,42.65,42.1,900,43.5,900,0,28800
UPL30Jan20560CE.NFO,07/01/2020,11:45:08,42.65,42.35,900,43.5,900,0,28800
UPL30Jan20560CE.NFO,07/01/2020,11:45:15,42.65,41.35,11700,43.5,900,0,28800
UPL30Jan20560CE.NFO,07/01/2020,11:45:18,42.65,41.75,900,43.4,900,0,28800
UPL30Jan20560CE.NFO,07/01/2020,11:45:22,42.65,41.95,900,43.3,900,0,28800
UPL30Jan20560CE.NFO,07/01/2020,11:45:26,42.65,41.65,900,43.2,900,0,28800
UPL30Jan20560CE.NFO,07/01/2020,11:45:30,42.65,40.95,5400,43.1,900,0,28800
UPL30Jan20560CE.NFO,07/01/2020,11:45:35,42.65,40.95,5400,43.05,900,0,28800
UPL30Jan20560CE.NFO,07/01/2020,11:45:53,42.65,40.95,5400,43.3,900,0,28800
UPL30Jan20560CE.NFO,07/01/2020,11:46:00,42.65,40.95,14400,43.9,1800,0,28800
UPL30Jan20560CE.NFO,07/01/2020,11:46:02,42.65,40.95,18000,44.6,1800,0,28800
UPL30Jan20560CE.NFO,07/01/2020,11:46:06,42.65,40.95,16200,44.1,900,0,28800
UPL30Jan20560CE.NFO,07/01/2020,11:46:10,42.65,40.95,18000,44.3,900,0,28800
UPL30Jan20560CE.NFO,07/01/2020,11:46:14,42.65,40.95,18000,44.9,900,0,28800
UPL30Jan20560CE.NFO,07/01/2020,11:46:18,42.65,40.95,18000,44.5,900,0,28800
UPL30Jan20560CE.NFO,07/01/2020,11:46:21,42.65,40.95,18000,44.45,900,0,28800
UPL30Jan20560CE.NFO,07/01/2020,11:46:25,42.65,40.95,18000,45.05,3600,0,28800
UPL30Jan20560CE.NFO,07/01/2020,11:46:28,42.65,40.95,18000,44.45,900,0,28800
UPL30Jan20560CE.NFO,07/01/2020,11:46:31,42.65,40.95,18000,44.25,900,0,28800
UPL30Jan20560CE.NFO,07/01/2020,11:46:34,42.65,40.95,18000,44.45,900,0,28800
UPL30Jan20560CE.NFO,07/01/2020,11:46:37,42.65,40.95,18000,44.4,900,0,28800
UPL30Jan20560CE.NFO,07/01/2020,11:46:41,42.65,40.95,18000,44.3,900,0,28800
UPL30Jan20560CE.NFO,07/01/2020,11:46:44,42.65,40.95,18000,44.6,900,0,28800
UPL30Jan20560CE.NFO,07/01/2020,11:46:48,42.65,40.95,18000,44.2,900,0,28800
UPL30Jan20560CE.NFO,07/01/2020,11:46:51,42.65,40.95,18000,44.6,900,0,28800
UPL30Jan20560CE.NFO,07/01/2020,11:46:53,42.65,40.95,18000,44.5,1800,0,28800
UPL30Jan20560CE.NFO,07/01/2020,11:46:55,42.65,40.95,18000,44.5,900,0,28800
UPL30Jan20560CE.NFO,07/01/2020,11:46:57,42.65,40.95,18000,44.75,900,0,28800
UPL30Jan20560CE.NFO,07/01/2020,11:47:00,42.65,40.95,18000,44.55,900,0,28800
UPL30Jan20560CE.NFO,07/01/2020,11:47:02,42.65,40.95,18000,45.25,1800,0,28800
UPL30Jan20560CE.NFO,07/01/2020,11:47:06,42.65,40.95,18000,44.65,900,0,28800
UPL30Jan20560CE.NFO,07/01/2020,11:47:09,42.65,40.95,18000,44.4,900,0,28800
UPL30Jan20560CE.NFO,07/01/2020,11:47:13,42.65,40.95,18000,45.05,1800,0,28800
UPL30Jan20560CE.NFO,07/01/2020,11:47:17,42.65,40.95,18000,44.55,900,0,28800
UPL30Jan20560CE.NFO,07/01/2020,11:47:21,42.65,40.95,18000,44.35,1800,0,28800
UPL30Jan20560CE.NFO,07/01/2020,11:47:25,42.65,40.95,18000,44.25,900,0,28800
UPL30Jan20560CE.NFO,07/01/2020,11:47:29,42.65,40.95,18000,44.1,1800,0,28800
UPL30Jan20560CE.NFO,07/01/2020,11:47:35,42.65,40.95,18000,44.2,900,0,28800
UPL30Jan20560CE.NFO,07/01/2020,11:47:39,42.65,40.95,18000,44.3,900,0,28800
UPL30Jan20560CE.NFO,07/01/2020,11:47:43,42.65,40.95,18000,44.1,900,0,28800
UPL30Jan20560CE.NFO,07/01/2020,11:47:47,44.1,40.95,18000,44.65,900,900,28800
UPL30Jan20560CE.NFO,07/01/2020,11:47:47,44.1,40.95,18000,44.65,900,0,28800
UPL30Jan20560CE.NFO,07/01/2020,11:47:50,44.1,40.95,18000,44.5,900,0,28800
UPL30Jan20560CE.NFO,07/01/2020,11:47:53,44.1,40.95,18000,44.25,900,0,28800
UPL30Jan20560CE.NFO,07/01/2020,11:47:57,44.1,42.45,900,44.25,1800,0,28800
UPL30Jan20560CE.NFO,07/01/2020,11:48:00,44.1,42.5,900,44.25,900,0,28800
UPL30Jan20560CE.NFO,07/01/2020,11:48:05,44.1,42.6,900,44.6,900,0,28800
UPL30Jan20560CE.NFO,07/01/2020,11:48:09,44.1,42.75,900,45.1,900,0,28800
UPL30Jan20560CE.NFO,07/01/2020,11:48:13,44.1,42.75,900,44.85,900,0,28800
UPL30Jan20560CE.NFO,07/01/2020,11:48:19,44.1,42.75,900,44.7,900,0,28800
UPL30Jan20560CE.NFO,07/01/2020,11:48:24,44.65,42.75,900,45.2,2700,900,28800
UPL30Jan20560CE.NFO,07/01/2020,11:48:24,44.65,42.75,900,45.2,2700,0,28800
UPL30Jan20560CE.NFO,07/01/2020,11:48:28,44.65,42.85,900,44.9,900,0,28800
UPL30Jan20560CE.NFO,07/01/2020,11:48:32,44.65,42.85,900,44.75,1800,0,28800
UPL30Jan20560CE.NFO,07/01/2020,11:48:36,44.65,42.85,900,44.65,1800,0,28800
UPL30Jan20560CE.NFO,07/01/2020,11:48:40,44.65,41.85,11700,44.6,900,0,28800
UPL30Jan20560CE.NFO,07/01/2020,11:48:45,44.65,42.6,900,44.45,1800,0,28800
UPL30Jan20560CE.NFO,07/01/2020,11:48:59,44.65,42.7,900,44.45,900,0,28800
UPL30Jan20560CE.NFO,07/01/2020,11:49:11,44.65,42.7,900,44.45,1800,0,28800
UPL30Jan20560CE.NFO,07/01/2020,11:49:23,44.65,42.9,900,44.45,900,0,28800
UPL30Jan20560CE.NFO,07/01/2020,11:49:31,44.65,42.9,900,45.05,900,0,28800
UPL30Jan20560CE.NFO,07/01/2020,11:49:45,44.65,43.1,900,45.05,900,0,28800
UPL30Jan20560CE.NFO,07/01/2020,11:50:16,44.65,43.15,900,45.05,900,0,28800
UPL30Jan20560CE.NFO,07/01/2020,11:50:32,44.65,43.55,900,45.9,900,0,28800
UPL30Jan20560CE.NFO,07/01/2020,11:50:42,44.65,43.55,900,45.7,900,0,28800
UPL30Jan20560CE.NFO,07/01/2020,11:50:45,44.65,43.55,900,45.6,900,0,28800
UPL30Jan20560CE.NFO,07/01/2020,11:50:48,44.65,43.75,900,45.5,900,0,28800
UPL30Jan20560CE.NFO,07/01/2020,11:50:51,44.65,43.8,900,45.5,900,0,28800
UPL30Jan20560CE.NFO,07/01/2020,11:51:02,44.65,43.55,900,45.3,900,0,28800
UPL30Jan20560CE.NFO,07/01/2020,11:51:06,44.65,43.8,900,45.75,900,0,28800
UPL30Jan20560CE.NFO,07/01/2020,11:51:12,44.65,43.75,900,45.35,900,0,28800
UPL30Jan20560CE.NFO,07/01/2020,11:51:17,44.65,43.85,900,46,900,0,28800
UPL30Jan20560CE.NFO,07/01/2020,11:51:21,44.65,43.85,900,45.8,900,0,28800
UPL30Jan20560CE.NFO,07/01/2020,11:51:26,44.65,44.05,900,45.75,900,0,28800
UPL30Jan20560CE.NFO,07/01/2020,11:51:31,44.65,44.05,900,45.7,900,0,28800
UPL30Jan20560CE.NFO,07/01/2020,11:51:36,44.65,43.75,900,45.45,900,0,28800
UPL30Jan20560CE.NFO,07/01/2020,11:51:41,44.65,43.9,900,45.4,900,0,28800
UPL30Jan20560CE.NFO,07/01/2020,11:51:45,44.65,44.05,1800,45.85,900,0,28800
UPL30Jan20560CE.NFO,07/01/2020,11:51:50,44.65,44.1,900,45.75,900,0,28800
UPL30Jan20560CE.NFO,07/01/2020,11:51:59,44.65,43.5,1800,45.7,900,0,28800
UPL30Jan20560CE.NFO,07/01/2020,11:52:03,44.65,43.85,900,45.55,1800,0,28800
UPL30Jan20560CE.NFO,07/01/2020,11:52:07,44.65,43.95,900,45.8,900,0,28800
UPL30Jan20560CE.NFO,07/01/2020,11:52:11,44.65,43,5400,45.55,900,0,28800
UPL30Jan20560CE.NFO,07/01/2020,11:52:14,44.65,43.75,900,46.05,900,0,28800
UPL30Jan20560CE.NFO,07/01/2020,11:52:17,44.65,43.75,900,45.8,900,0,28800
UPL30Jan20560CE.NFO,07/01/2020,11:52:21,44.65,43.25,1800,45.5,900,0,28800
UPL30Jan20560CE.NFO,07/01/2020,11:52:23,44.65,43.55,1800,46.35,4500,0,28800
UPL30Jan20560CE.NFO,07/01/2020,11:52:26,44.65,43.7,900,46.35,4500,0,28800
UPL30Jan20560CE.NFO,07/01/2020,11:52:29,44.65,43.8,900,46.35,4500,0,28800
UPL30Jan20560CE.NFO,07/01/2020,11:52:32,44.65,43.9,900,46.35,4500,0,28800
UPL30Jan20560CE.NFO,07/01/2020,11:52:40,44.65,44,900,46.35,4500,0,28800
UPL30Jan20560CE.NFO,07/01/2020,11:52:47,44.65,44,900,46.35,6300,0,28800
UPL30Jan20560CE.NFO,07/01/2020,11:52:51,44.65,44,900,46.35,4500,0,28800
UPL30Jan20560CE.NFO,07/01/2020,11:52:55,44.65,42.95,900,46.15,7200,0,28800
UPL30Jan20560CE.NFO,07/01/2020,11:53:00,44.65,42.9,1800,45.7,900,0,28800
UPL30Jan20560CE.NFO,07/01/2020,11:53:04,44.65,42.15,1800,45.35,900,0,28800
UPL30Jan20560CE.NFO,07/01/2020,11:53:09,44.65,43.4,900,45.85,900,0,28800
UPL30Jan20560CE.NFO,07/01/2020,11:53:12,44.65,43.6,900,45.55,900,0,28800
UPL30Jan20560CE.NFO,07/01/2020,11:53:15,44.65,42.7,5400,45.5,900,0,28800
UPL30Jan20560CE.NFO,07/01/2020,11:53:19,44.65,43.2,900,45.5,900,0,28800
UPL30Jan20560CE.NFO,07/01/2020,11:53:22,44.65,42.05,5400,45.5,900,0,28800
UPL30Jan20560CE.NFO,07/01/2020,11:53:25,44.65,42.05,5400,45.4,900,0,28800
UPL30Jan20560CE.NFO,07/01/2020,11:53:32,44.65,42.05,5400,45.3,900,0,28800
UPL30Jan20560CE.NFO,07/01/2020,11:53:36,44.65,42.55,900,45.3,900,0,28800
UPL30Jan20560CE.NFO,07/01/2020,11:53:38,44.65,42.85,900,45.3,900,0,28800
UPL30Jan20560CE.NFO,07/01/2020,11:53:41,44.65,43,900,45.3,900,0,28800
UPL30Jan20560CE.NFO,07/01/2020,11:53:44,44.65,42.7,900,45.2,900,0,28800
UPL30Jan20560CE.NFO,07/01/2020,11:53:49,44.65,42.8,900,45.2,900,0,28800
UPL30Jan20560CE.NFO,07/01/2020,11:53:52,44.65,42.85,900,45.2,900,0,28800
UPL30Jan20560CE.NFO,07/01/2020,11:53:57,44.65,42.95,900,45.2,900,0,28800
UPL30Jan20560CE.NFO,07/01/2020,11:53:59,44.65,43.15,900,45.2,900,0,28800
UPL30Jan20560CE.NFO,07/01/2020,11:54:02,44.65,43.25,900,45.2,900,0,28800
UPL30Jan20560CE.NFO,07/01/2020,11:54:06,44.65,43.45,900,45.2,900,0,28800
UPL30Jan20560CE.NFO,07/01/2020,11:54:17,44.65,43.5,900,45.9,900,0,28800
UPL30Jan20560CE.NFO,07/01/2020,11:54:21,44.65,43.6,900,45.9,900,0,28800
UPL30Jan20560CE.NFO,07/01/2020,11:54:25,44.65,43.4,900,45.9,900,0,28800
UPL30Jan20560CE.NFO,07/01/2020,11:54:28,44.65,43.45,900,45.85,2700,0,28800
UPL30Jan20560CE.NFO,07/01/2020,11:54:31,44.65,43.7,900,45.8,900,0,28800
UPL30Jan20560CE.NFO,07/01/2020,11:54:38,44.65,43.5,900,45.8,900,0,28800
UPL30Jan20560CE.NFO,07/01/2020,11:54:43,44.65,43.6,900,45.8,900,0,28800
UPL30Jan20560CE.NFO,07/01/2020,11:54:50,44.65,43.8,900,45.8,900,0,28800
UPL30Jan20560CE.NFO,07/01/2020,11:54:52,44.65,43.55,900,45.8,900,0,28800
UPL30Jan20560CE.NFO,07/01/2020,11:54:55,44.65,43.7,900,45.8,900,0,28800
UPL30Jan20560CE.NFO,07/01/2020,11:54:57,44.65,42.65,5400,45.8,900,0,28800
UPL30Jan20560CE.NFO,07/01/2020,11:55:18,44.65,43.35,900,45.7,900,0,28800
UPL30Jan20560CE.NFO,07/01/2020,11:55:21,44.65,41.75,9000,45.6,900,0,28800
UPL30Jan20560CE.NFO,07/01/2020,11:55:28,44.65,41.75,18000,45.6,900,0,28800
UPL30Jan20560CE.NFO,07/01/2020,11:55:31,44.65,41.75,16200,45.6,900,0,28800
UPL30Jan20560CE.NFO,07/01/2020,11:55:44,44.65,41.75,18000,45.6,900,0,28800
UPL30Jan20560CE.NFO,07/01/2020,11:55:47,44.65,41.75,16200,45.6,900,0,28800
UPL30Jan20560CE.NFO,07/01/2020,11:55:54,44.65,41.75,18000,45.6,900,0,28800
UPL30Jan20560CE.NFO,07/01/2020,11:55:57,44.65,41.75,16200,45.6,900,0,28800
UPL30Jan20560CE.NFO,07/01/2020,11:56:10,44.65,41.75,10800,45.6,900,0,28800
UPL30Jan20560CE.NFO,07/01/2020,11:56:16,44.65,41.75,16200,45.6,900,0,28800
UPL30Jan20560CE.NFO,07/01/2020,11:56:19,44.65,41.75,18000,45.6,900,0,28800
UPL30Jan20560CE.NFO,07/01/2020,11:56:29,44.65,41.75,10800,45.6,900,0,28800
UPL30Jan20560CE.NFO,07/01/2020,11:56:32,44.65,41.75,18000,45.6,900,0,28800
UPL30Jan20560CE.NFO,07/01/2020,11:56:59,44.65,41.75,14400,45.5,900,0,28800
UPL30Jan20560CE.NFO,07/01/2020,11:57:02,44.65,41.75,5400,45.5,900,0,28800
UPL30Jan20560CE.NFO,07/01/2020,11:57:05,44.65,41.75,7200,45.5,900,0,28800
UPL30Jan20560CE.NFO,07/01/2020,11:57:12,44.65,41.75,10800,45.5,900,0,28800
UPL30Jan20560CE.NFO,07/01/2020,11:57:16,44.65,41.75,18000,45.5,900,0,28800
UPL30Jan20560CE.NFO,07/01/2020,11:57:19,44.65,41.75,16200,45.5,900,0,28800
UPL30Jan20560CE.NFO,07/01/2020,11:57:23,44.65,43.3,900,45.5,900,0,28800
UPL30Jan20560CE.NFO,07/01/2020,11:57:27,44.65,43.35,900,45.5,900,0,28800
UPL30Jan20560CE.NFO,07/01/2020,11:57:31,44.65,43.45,900,45.5,900,0,28800
UPL30Jan20560CE.NFO,07/01/2020,11:57:36,44.65,43.15,900,45.5,900,0,28800
UPL30Jan20560CE.NFO,07/01/2020,11:57:46,44.65,43.25,900,45.5,900,0,28800
UPL30Jan20560CE.NFO,07/01/2020,11:57:52,44.65,42.95,900,45.5,900,0,28800
UPL30Jan20560CE.NFO,07/01/2020,11:57:57,44.65,43.2,900,45.5,900,0,28800
UPL30Jan20560CE.NFO,07/01/2020,11:58:01,44.65,43.2,900,45.3,900,0,28800
UPL30Jan20560CE.NFO,07/01/2020,11:58:06,44.65,43.25,900,45.3,900,0,28800
UPL30Jan20560CE.NFO,07/01/2020,11:58:10,44.65,43.3,900,45.3,900,0,28800
UPL30Jan20560CE.NFO,07/01/2020,11:58:25,44.65,43.4,900,45.3,900,0,28800
UPL30Jan20560CE.NFO,07/01/2020,11:58:29,44.65,43.45,900,45.3,900,0,28800
UPL30Jan20560CE.NFO,07/01/2020,11:58:33,44.65,43.5,900,45.3,900,0,28800
UPL30Jan20560CE.NFO,07/01/2020,11:58:49,44.65,43.6,900,45.3,900,0,28800
UPL30Jan20560CE.NFO,07/01/2020,11:59:13,44.65,43.7,900,46.05,900,0,28800
UPL30Jan20560CE.NFO,07/01/2020,11:59:28,44.65,43.8,900,46.05,900,0,28800
UPL30Jan20560CE.NFO,07/01/2020,11:59:40,44.65,43.95,900,46.05,900,0,28800
UPL30Jan20560CE.NFO,07/01/2020,11:59:43,44.65,44.05,900,46.05,900,0,28800
UPL30Jan20560CE.NFO,07/01/2020,11:59:47,44.65,44.25,900,46.05,900,0,28800
UPL30Jan20560CE.NFO,07/01/2020,11:59:52,44.65,44.35,900,46.65,900,0,28800
UPL30Jan20560CE.NFO,07/01/2020,12:00:04,44.65,44.45,900,46.65,900,0,28800
UPL30Jan20560CE.NFO,07/01/2020,12:00:07,44.65,45,900,47.3,1800,0,28800
UPL30Jan20560CE.NFO,07/01/2020,12:00:11,44.65,44.6,900,46.95,900,0,28800
UPL30Jan20560CE.NFO,07/01/2020,12:00:15,44.65,44.45,900,46.85,1800,0,28800
UPL30Jan20560CE.NFO,07/01/2020,12:00:19,44.65,44.7,900,46.85,900,0,28800
UPL30Jan20560CE.NFO,07/01/2020,12:00:27,44.65,44.85,900,46.85,900,0,28800
UPL30Jan20560CE.NFO,07/01/2020,12:00:31,44.65,45,900,46.85,900,0,28800
UPL30Jan20560CE.NFO,07/01/2020,12:00:40,44.65,44.6,1800,46.85,1800,0,28800
UPL30Jan20560CE.NFO,07/01/2020,12:00:44,44.65,45.3,900,47.45,900,0,28800
UPL30Jan20560CE.NFO,07/01/2020,12:00:47,44.65,45.15,900,47.35,900,0,28800
UPL30Jan20560CE.NFO,07/01/2020,12:00:54,44.65,45.35,900,47.25,900,0,28800
UPL30Jan20560CE.NFO,07/01/2020,12:00:57,44.65,45.35,900,47.2,900,0,28800
UPL30Jan20560CE.NFO,07/01/2020,12:01:00,44.65,45.05,1800,47.15,900,0,28800
UPL30Jan20560CE.NFO,07/01/2020,12:01:03,44.65,45.2,900,47.15,900,0,28800
UPL30Jan20560CE.NFO,07/01/2020,12:01:06,44.65,44.65,1800,47.05,900,0,28800
UPL30Jan20560CE.NFO,07/01/2020,12:01:09,44.65,45,900,47.05,900,0,28800
UPL30Jan20560CE.NFO,07/01/2020,12:01:11,44.65,45.1,900,47.05,900,0,28800
UPL30Jan20560CE.NFO,07/01/2020,12:01:19,44.65,45.2,900,47.05,900,0,28800
UPL30Jan20560CE.NFO,07/01/2020,12:01:22,44.65,44.7,900,47.05,1800,0,28800
UPL30Jan20560CE.NFO,07/01/2020,12:01:25,44.65,45.5,900,47.7,1800,0,28800
UPL30Jan20560CE.NFO,07/01/2020,12:01:28,44.65,45.65,900,47.4,900,0,28800
UPL30Jan20560CE.NFO,07/01/2020,12:01:34,44.65,45.75,900,47.4,900,0,28800
UPL30Jan20560CE.NFO,07/01/2020,12:01:37,44.65,45.8,900,47.4,900,0,28800
UPL30Jan20560CE.NFO,07/01/2020,12:01:40,44.65,45,5400,47.3,900,0,28800
UPL30Jan20560CE.NFO,07/01/2020,12:01:43,44.65,45,2700,47.2,900,0,28800
UPL30Jan20560CE.NFO,07/01/2020,12:01:46,44.65,45.3,1800,47.2,900,0,28800
UPL30Jan20560CE.NFO,07/01/2020,12:01:49,44.65,45.7,900,47.2,900,0,28800
UPL30Jan20560CE.NFO,07/01/2020,12:01:52,44.65,45.45,900,47.6,900,0,28800
UPL30Jan20560CE.NFO,07/01/2020,12:01:55,44.65,45.7,900,47.6,900,0,28800
UPL30Jan20560CE.NFO,07/01/2020,12:01:58,44.65,45.8,900,47.6,900,0,28800
UPL30Jan20560CE.NFO,07/01/2020,12:02:06,44.65,45.9,900,47.6,900,0,28800
UPL30Jan20560CE.NFO,07/01/2020,12:02:09,44.65,46,900,47.6,900,0,28800
UPL30Jan20560CE.NFO,07/01/2020,12:02:38,44.65,45.45,900,48.2,2700,0,28800
UPL30Jan20560CE.NFO,07/01/2020,12:02:45,44.65,46.05,900,47.85,900,0,28800
UPL30Jan20560CE.NFO,07/01/2020,12:02:51,44.65,46.1,900,47.85,900,0,28800
UPL30Jan20560CE.NFO,07/01/2020,12:03:01,44.65,45.45,5400,47.75,900,0,28800
UPL30Jan20560CE.NFO,07/01/2020,12:03:06,44.65,46.05,900,47.75,900,0,28800
UPL30Jan20560CE.NFO,07/01/2020,12:03:12,44.65,46.35,900,48.4,900,0,28800
UPL30Jan20560CE.NFO,07/01/2020,12:03:18,44.65,46.5,900,48.4,900,0,28800
UPL30Jan20560CE.NFO,07/01/2020,12:03:24,44.65,46.35,900,48.3,900,0,28800
UPL30Jan20560CE.NFO,07/01/2020,12:03:30,44.65,46.85,900,48.3,900,0,28800
UPL30Jan20560CE.NFO,07/01/2020,12:03:35,44.65,46.5,900,48.3,900,0,28800
UPL30Jan20560CE.NFO,07/01/2020,12:03:40,44.65,47,900,48.9,900,0,28800
UPL30Jan20560CE.NFO,07/01/2020,12:03:44,44.65,46.95,900,48.8,900,0,28800
UPL30Jan20560CE.NFO,07/01/2020,12:03:48,44.65,46.85,900,48.8,900,0,28800
UPL30Jan20560CE.NFO,07/01/2020,12:03:51,44.65,46.7,900,48.7,1800,0,28800
UPL30Jan20560CE.NFO,07/01/2020,12:04:01,44.65,46.7,900,48.6,900,0,28800
UPL30Jan20560CE.NFO,07/01/2020,12:04:08,44.65,46.05,6300,48.6,900,0,28800
UPL30Jan20560CE.NFO,07/01/2020,12:04:11,44.65,46.15,900,48.45,900,0,28800
UPL30Jan20560CE.NFO,07/01/2020,12:04:15,44.65,46.5,900,48.4,900,0,28800
UPL30Jan20560CE.NFO,07/01/2020,12:04:18,44.65,46.3,900,48.3,900,0,28800
UPL30Jan20560CE.NFO,07/01/2020,12:04:21,44.65,46.35,900,48.3,1800,0,28800
UPL30Jan20560CE.NFO,07/01/2020,12:04:25,44.65,46.4,900,48.3,900,0,28800
UPL30Jan20560CE.NFO,07/01/2020,12:04:28,44.65,46.55,900,48.3,900,0,28800
UPL30Jan20560CE.NFO,07/01/2020,12:04:34,44.65,46.1,1800,48.2,900,0,28800
UPL30Jan20560CE.NFO,07/01/2020,12:04:38,44.65,46.35,900,48.2,900,0,28800
UPL30Jan20560CE.NFO,07/01/2020,12:04:42,44.65,45.4,5400,48.1,900,0,28800
UPL30Jan20560CE.NFO,07/01/2020,12:04:52,44.65,45.4,2700,48,900,0,28800
UPL30Jan20560CE.NFO,07/01/2020,12:04:54,44.65,46.2,900,48,900,0,28800
UPL30Jan20560CE.NFO,07/01/2020,12:04:57,44.65,46.35,900,48,900,0,28800
UPL30Jan20560CE.NFO,07/01/2020,12:05:00,44.65,46.1,900,48,900,0,28800
UPL30Jan20560CE.NFO,07/01/2020,12:05:03,44.65,46.3,900,48,900,0,28800
UPL30Jan20560CE.NFO,07/01/2020,12:05:08,44.65,46.05,900,47.9,900,0,28800
UPL30Jan20560CE.NFO,07/01/2020,12:05:12,44.65,45.9,900,47.8,900,0,28800
UPL30Jan20560CE.NFO,07/01/2020,12:05:16,44.65,46.15,900,47.8,900,0,28800
UPL30Jan20560CE.NFO,07/01/2020,12:05:30,44.65,46.25,900,47.8,900,0,28800
UPL30Jan20560CE.NFO,07/01/2020,12:05:41,44.65,46.05,900,47.7,900,0,28800
UPL30Jan20560CE.NFO,07/01/2020,12:05:43,44.65,46.2,900,47.7,900,0,28800
UPL30Jan20560CE.NFO,07/01/2020,12:05:45,44.65,46.3,900,47.7,900,0,28800
UPL30Jan20560CE.NFO,07/01/2020,12:05:57,44.65,45.55,1800,47.6,900,0,28800
UPL30Jan20560CE.NFO,07/01/2020,12:06:00,44.65,45.8,900,47.6,900,0,28800
UPL30Jan20560CE.NFO,07/01/2020,12:06:04,44.65,45.9,900,47.6,900,0,28800
UPL30Jan20560CE.NFO,07/01/2020,12:06:07,44.65,46.1,900,47.6,900,0,28800
UPL30Jan20560CE.NFO,07/01/2020,12:06:21,44.65,46.2,900,47.6,900,0,28800
UPL30Jan20560CE.NFO,07/01/2020,12:06:24,44.65,45.8,1800,48.2,900,0,28800
UPL30Jan20560CE.NFO,07/01/2020,12:06:27,44.65,46.2,900,48.15,900,0,28800
UPL30Jan20560CE.NFO,07/01/2020,12:06:31,44.65,46.45,900,48.15,900,0,28800
UPL30Jan20560CE.NFO,07/01/2020,12:06:37,44.65,45.95,1800,48.05,900,0,28800
UPL30Jan20560CE.NFO,07/01/2020,12:06:40,44.65,46.25,900,48.05,900,0,28800
UPL30Jan20560CE.NFO,07/01/2020,12:06:43,44.65,46.3,900,48.05,900,0,28800
UPL30Jan20560CE.NFO,07/01/2020,12:07:25,44.65,46.45,900,48.05,900,0,28800
UPL30Jan20560CE.NFO,07/01/2020,12:07:26,44.65,46.5,900,48.05,900,0,28800
UPL30Jan20560CE.NFO,07/01/2020,12:07:33,44.65,46.65,900,48.05,900,0,28800
UPL30Jan20560CE.NFO,07/01/2020,12:07:36,44.65,46.7,900,48.05,900,0,28800
UPL30Jan20560CE.NFO,07/01/2020,12:08:04,44.65,46.8,900,48.9,900,0,28800
UPL30Jan20560CE.NFO,07/01/2020,12:08:11,44.65,46.9,900,48.9,900,0,28800
UPL30Jan20560CE.NFO,07/01/2020,12:08:34,44.65,46.9,900,48.8,900,0,28800
UPL30Jan20560CE.NFO,07/01/2020,12:08:51,44.65,47,900,48.8,900,0,28800
UPL30Jan20560CE.NFO,07/01/2020,12:08:55,44.65,47.1,900,48.8,900,0,28800
UPL30Jan20560CE.NFO,07/01/2020,12:09:02,44.65,47.05,900,48.7,900,0,28800
UPL30Jan20560CE.NFO,07/01/2020,12:09:17,44.65,47.4,900,48.7,900,0,28800
UPL30Jan20560CE.NFO,07/01/2020,12:09:20,44.65,47.5,900,49.4,900,0,28800
UPL30Jan20560CE.NFO,07/01/2020,12:09:23,44.65,46.95,6300,49.35,900,0,28800
UPL30Jan20560CE.NFO,07/01/2020,12:09:25,44.65,47.15,900,49.3,900,0,28800
UPL30Jan20560CE.NFO,07/01/2020,12:09:28,44.65,47.55,900,49.3,900,0,28800
UPL30Jan20560CE.NFO,07/01/2020,12:09:31,44.65,47.7,900,49.3,900,0,28800
UPL30Jan20560CE.NFO,07/01/2020,12:09:34,44.65,47.5,900,49.2,900,0,28800
UPL30Jan20560CE.NFO,07/01/2020,12:09:37,44.65,47.7,900,49.2,900,0,28800
UPL30Jan20560CE.NFO,07/01/2020,12:09:39,44.65,47.6,900,49.2,900,0,28800
UPL30Jan20560CE.NFO,07/01/2020,12:09:43,44.65,47.75,900,49.2,900,0,28800
UPL30Jan20560CE.NFO,07/01/2020,12:09:47,44.65,46.8,13500,49.15,900,0,28800
UPL30Jan20560CE.NFO,07/01/2020,12:09:50,44.65,47.55,1800,49.1,900,0,28800
UPL30Jan20560CE.NFO,07/01/2020,12:09:54,44.65,47.8,900,49.1,900,0,28800
UPL30Jan20560CE.NFO,07/01/2020,12:09:56,44.65,47.5,900,49.1,900,0,28800
UPL30Jan20560CE.NFO,07/01/2020,12:09:59,44.65,47.65,900,49.1,900,0,28800
UPL30Jan20560CE.NFO,07/01/2020,12:10:01,44.65,46.6,13500,49,900,0,28800
UPL30Jan20560CE.NFO,07/01/2020,12:10:03,44.65,47.45,900,49,900,0,28800
UPL30Jan20560CE.NFO,07/01/2020,12:10:06,44.65,47.75,900,49,900,0,28800
UPL30Jan20560CE.NFO,07/01/2020,12:10:09,44.65,47.8,900,49,900,0,28800
UPL30Jan20560CE.NFO,07/01/2020,12:10:12,44.65,47.35,900,49,900,0,28800
UPL30Jan20560CE.NFO,07/01/2020,12:10:15,44.65,47.65,900,49,900,0,28800
UPL30Jan20560CE.NFO,07/01/2020,12:10:18,44.65,47.8,900,49,900,0,28800
UPL30Jan20560CE.NFO,07/01/2020,12:10:26,44.65,47.9,900,49,900,0,28800
UPL30Jan20560CE.NFO,07/01/2020,12:10:41,44.65,47,2700,49,1800,0,28800
UPL30Jan20560CE.NFO,07/01/2020,12:10:44,44.65,47.2,1800,49,900,0,28800
UPL30Jan20560CE.NFO,07/01/2020,12:10:47,44.65,47.5,900,49,900,0,28800
UPL30Jan20560CE.NFO,07/01/2020,12:10:49,44.65,47.65,900,49,900,0,28800
UPL30Jan20560CE.NFO,07/01/2020,12:10:51,44.65,47.75,900,49,900,0,28800
UPL30Jan20560CE.NFO,07/01/2020,12:10:58,44.65,47.85,900,49,900,0,28800
UPL30Jan20560CE.NFO,07/01/2020,12:11:06,44.65,47.95,900,49,900,0,28800
UPL30Jan20560CE.NFO,07/01/2020,12:11:30,44.65,48.1,900,49.65,900,0,28800
UPL30Jan20560CE.NFO,07/01/2020,12:11:33,44.65,47.2,5400,49.55,900,0,28800
UPL30Jan20560CE.NFO,07/01/2020,12:12:44,44.65,47.8,900,49.55,900,0,28800
UPL30Jan20560CE.NFO,07/01/2020,12:13:11,44.65,48.05,900,49.55,900,0,28800
UPL30Jan20560CE.NFO,07/01/2020,12:13:56,44.65,47.7,900,49.45,900,0,28800
UPL30Jan20560CE.NFO,07/01/2020,12:14:00,44.65,47.75,900,49.45,900,0,28800
UPL30Jan20560CE.NFO,07/01/2020,12:14:07,44.65,47.75,900,49.45,1800,0,28800
UPL30Jan20560CE.NFO,07/01/2020,12:14:12,44.65,47.55,900,49.25,900,0,28800
UPL30Jan20560CE.NFO,07/01/2020,12:14:17,44.65,47.7,900,49.25,900,0,28800
UPL30Jan20560CE.NFO,07/01/2020,12:14:31,44.65,47.4,900,49.2,900,0,28800
UPL30Jan20560CE.NFO,07/01/2020,12:14:35,44.65,47.6,900,49.15,900,0,28800
UPL30Jan20560CE.NFO,07/01/2020,12:14:38,44.65,47.5,900,49.8,900,0,28800
UPL30Jan20560CE.NFO,07/01/2020,12:14:41,44.65,47.8,900,49.65,900,0,28800
UPL30Jan20560CE.NFO,07/01/2020,12:14:44,44.65,48.05,900,49.65,900,0,28800
UPL30Jan20560CE.NFO,07/01/2020,12:14:47,44.65,48.15,900,49.65,900,0,28800
UPL30Jan20560CE.NFO,07/01/2020,12:14:53,44.65,47.85,900,49.55,900,0,28800
UPL30Jan20560CE.NFO,07/01/2020,12:14:56,44.65,47,10800,49.45,900,0,28800
UPL30Jan20560CE.NFO,07/01/2020,12:14:59,44.65,47.75,900,49.45,900,0,28800
UPL30Jan20560CE.NFO,07/01/2020,12:15:03,44.65,48,900,49.45,900,0,28800
UPL30Jan20560CE.NFO,07/01/2020,12:15:06,44.65,47.9,900,49.35,900,0,28800
UPL30Jan20560CE.NFO,07/01/2020,12:15:09,44.65,47.3,1800,49.25,900,0,28800
UPL30Jan20560CE.NFO,07/01/2020,12:15:13,44.65,47.6,900,49.15,900,0,28800
UPL30Jan20560CE.NFO,07/01/2020,12:15:16,44.65,47.35,900,49.15,900,0,28800
UPL30Jan20560CE.NFO,07/01/2020,12:15:20,44.65,47.75,900,49.15,900,0,28800
UPL30Jan20560CE.NFO,07/01/2020,12:15:25,44.65,47.3,900,49.05,900,0,28800
UPL30Jan20560CE.NFO,07/01/2020,12:15:29,44.65,47.35,900,49.05,900,0,28800
UPL30Jan20560CE.NFO,07/01/2020,12:15:33,44.65,46.4,5400,48.85,900,0,28800
UPL30Jan20560CE.NFO,07/01/2020,12:15:36,44.65,46.4,5400,48.8,900,0,28800
UPL30Jan20560CE.NFO,07/01/2020,12:15:40,44.65,46.6,1800,48.8,900,0,28800
UPL30Jan20560CE.NFO,07/01/2020,12:15:44,44.65,47.1,900,48.8,1800,0,28800
UPL30Jan20560CE.NFO,07/01/2020,12:15:47,44.65,47.15,900,48.8,1800,0,28800
UPL30Jan20560CE.NFO,07/01/2020,12:15:49,44.65,46.2,2700,48.8,1800,0,28800
UPL30Jan20560CE.NFO,07/01/2020,12:15:52,44.65,46.7,1800,48.8,1800,0,28800
UPL30Jan20560CE.NFO,07/01/2020,12:15:56,44.65,47.05,900,48.8,1800,0,28800
UPL30Jan20560CE.NFO,07/01/2020,12:16:01,44.65,47.35,900,48.8,900,0,28800
UPL30Jan20560CE.NFO,07/01/2020,12:16:04,44.65,47.45,900,48.8,900,0,28800
UPL30Jan20560CE.NFO,07/01/2020,12:16:08,44.65,47.65,900,49.45,900,0,28800
UPL30Jan20560CE.NFO,07/01/2020,12:16:12,44.65,46.7,4500,49.45,900,0,28800
UPL30Jan20560CE.NFO,07/01/2020,12:16:15,44.65,46.7,5400,49.45,900,0,28800
UPL30Jan20560CE.NFO,07/01/2020,12:16:22,44.65,46.7,5400,49.35,900,0,28800
UPL30Jan20560CE.NFO,07/01/2020,12:16:32,44.65,47,1800,49.35,900,0,28800
UPL30Jan20560CE.NFO,07/01/2020,12:16:35,44.65,47.3,900,49.35,900,0,28800
UPL30Jan20560CE.NFO,07/01/2020,12:16:37,44.65,47.45,900,49.35,900,0,28800
UPL30Jan20560CE.NFO,07/01/2020,12:16:51,44.65,47.7,1800,49.35,900,0,28800
UPL30Jan20560CE.NFO,07/01/2020,12:16:54,44.65,47.8,900,49.35,900,0,28800
UPL30Jan20560CE.NFO,07/01/2020,12:16:57,44.65,47.9,900,49.35,900,0,28800
UPL30Jan20560CE.NFO,07/01/2020,12:17:01,44.65,47.2,1800,49.3,900,0,28800
UPL30Jan20560CE.NFO,07/01/2020,12:17:04,44.65,47.4,900,49.25,900,0,28800
UPL30Jan20560CE.NFO,07/01/2020,12:17:06,44.65,47.7,900,50,1800,0,28800
UPL30Jan20560CE.NFO,07/01/2020,12:17:09,44.65,47.2,900,49.7,900,0,28800
UPL30Jan20560CE.NFO,07/01/2020,12:17:11,44.65,47.55,900,49.7,900,0,28800
UPL30Jan20560CE.NFO,07/01/2020,12:17:13,44.65,47.55,900,49.6,900,0,28800
UPL30Jan20560CE.NFO,07/01/2020,12:17:15,44.65,47.65,900,49.6,900,0,28800
UPL30Jan20560CE.NFO,07/01/2020,12:17:22,44.65,47.75,900,49.6,900,0,28800
UPL30Jan20560CE.NFO,07/01/2020,12:17:29,44.65,48.1,900,49.6,900,0,28800
UPL30Jan20560CE.NFO,07/01/2020,12:17:31,44.65,48.4,900,50.6,900,0,28800
UPL30Jan20560CE.NFO,07/01/2020,12:17:34,44.65,48.45,900,50.6,900,0,28800
UPL30Jan20560CE.NFO,07/01/2020,12:17:36,44.65,48.45,900,50.5,900,0,28800
UPL30Jan20560CE.NFO,07/01/2020,12:17:39,44.65,48.5,900,50.5,900,0,28800
UPL30Jan20560CE.NFO,07/01/2020,12:17:41,44.65,48.85,900,50.5,900,0,28800
UPL30Jan20560CE.NFO,07/01/2020,12:17:44,44.65,48.95,900,50.5,900,0,28800
UPL30Jan20560CE.NFO,07/01/2020,12:17:46,44.65,48.5,2700,50.5,900,0,28800
UPL30Jan20560CE.NFO,07/01/2020,12:17:50,44.65,48.35,900,50.4,900,0,28800
UPL30Jan20560CE.NFO,07/01/2020,12:17:53,44.65,48.4,900,50.4,900,0,28800
UPL30Jan20560CE.NFO,07/01/2020,12:17:58,44.65,48.35,900,50.4,900,0,28800
UPL30Jan20560CE.NFO,07/01/2020,12:18:01,44.65,48.4,900,50.4,900,0,28800
UPL30Jan20560CE.NFO,07/01/2020,12:18:07,44.65,48.5,900,50.4,900,0,28800
UPL30Jan20560CE.NFO,07/01/2020,12:18:10,44.65,47.7,7200,50.4,900,0,28800
UPL30Jan20560CE.NFO,07/01/2020,12:18:12,44.65,48.6,900,50.3,900,0,28800
UPL30Jan20560CE.NFO,07/01/2020,12:18:15,44.65,48.3,900,50.2,900,0,28800
UPL30Jan20560CE.NFO,07/01/2020,12:18:18,44.65,48.55,900,50.2,900,0,28800
UPL30Jan20560CE.NFO,07/01/2020,12:18:21,44.65,48.8,900,50.2,900,0,28800
UPL30Jan20560CE.NFO,07/01/2020,12:18:25,44.65,48.55,900,50.2,900,0,28800
UPL30Jan20560CE.NFO,07/01/2020,12:18:28,44.65,48.65,900,50.2,900,0,28800
UPL30Jan20560CE.NFO,07/01/2020,12:18:32,44.65,48.7,900,50.2,900,0,28800
UPL30Jan20560CE.NFO,07/01/2020,12:18:38,44.65,48.25,1800,50.2,900,0,28800
UPL30Jan20560CE.NFO,07/01/2020,12:18:40,44.65,48.55,900,50.2,900,0,28800
UPL30Jan20560CE.NFO,07/01/2020,12:18:43,44.65,48.7,900,50.2,900,0,28800
UPL30Jan20560CE.NFO,07/01/2020,12:18:52,44.65,48.9,900,51.35,6300,0,28800
UPL30Jan20560CE.NFO,07/01/2020,12:18:54,44.65,48.9,900,51.15,6300,0,28800
UPL30Jan20560CE.NFO,07/01/2020,12:18:56,44.65,48.95,900,50.95,900,0,28800
UPL30Jan20560CE.NFO,07/01/2020,12:19:07,44.65,49.35,900,50.9,900,0,28800
UPL30Jan20560CE.NFO,07/01/2020,12:19:13,44.65,48.95,900,50.8,900,0,28800
