Ticker,Date,Time,LTP,BuyPrice,BuyQty,SellPrice,SellQty,LTQ,OpenInterest
VOLTAS30Jan20660PE.NFO,07/01/2020,09:17:19,18.75,18.25,1000,20.75,1000,1000,45000
VOLTAS30Jan20660PE.NFO,07/01/2020,09:17:19,18.75,18.25,1000,20.75,1000,0,45000
VOLTAS30Jan20660PE.NFO,07/01/2020,09:17:19,18.75,18.25,1000,20.75,1000,0,45000
VOLTAS30Jan20660PE.NFO,07/01/2020,09:17:19,18.75,18.25,1000,20.75,1000,0,45000
VOLTAS30Jan20660PE.NFO,07/01/2020,09:17:29,18.75,18.4,3000,21,1000,0,45000
VOLTAS30Jan20660PE.NFO,07/01/2020,09:17:40,18.75,18.25,3000,20.95,1000,0,45000
VOLTAS30Jan20660PE.NFO,07/01/2020,09:17:50,18.75,18.25,3000,20.8,1000,0,45000
VOLTAS30Jan20660PE.NFO,07/01/2020,09:18:00,18.75,18.25,7000,20.25,1000,0,45000
VOLTAS30Jan20660PE.NFO,07/01/2020,09:18:10,18.75,17.9,5000,20.05,1000,0,45000
VOLTAS30Jan20660PE.NFO,07/01/2020,09:18:19,18.75,17.9,11000,19.95,1000,0,45000
VOLTAS30Jan20660PE.NFO,07/01/2020,09:18:28,18.75,17.9,7000,19.95,2000,0,45000
VOLTAS30Jan20660PE.NFO,07/01/2020,09:18:36,18.75,17.9,3000,19.85,1000,0,45000
VOLTAS30Jan20660PE.NFO,07/01/2020,09:18:46,17.9,17.45,3000,18.7,1000,1000,45000
VOLTAS30Jan20660PE.NFO,07/01/2020,09:18:46,17.9,17.45,3000,18.7,1000,0,45000
VOLTAS30Jan20660PE.NFO,07/01/2020,09:18:55,17.9,17.45,8000,18.7,1000,0,45000
VOLTAS30Jan20660PE.NFO,07/01/2020,09:19:04,17.9,17.5,6000,18.7,1000,1000,45000
VOLTAS30Jan20660PE.NFO,07/01/2020,09:19:12,17.9,17.55,9000,18.75,2000,0,45000
VOLTAS30Jan20660PE.NFO,07/01/2020,09:19:21,17.9,17.55,3000,18.75,2000,0,45000
VOLTAS30Jan20660PE.NFO,07/01/2020,09:19:38,17.9,17.15,7000,18.75,2000,0,45000
VOLTAS30Jan20660PE.NFO,07/01/2020,09:19:46,17.9,17.15,9000,18.75,2000,0,45000
VOLTAS30Jan20660PE.NFO,07/01/2020,09:20:01,17.9,17.15,9000,18.75,2000,1000,45000
VOLTAS30Jan20660PE.NFO,07/01/2020,09:20:10,17.9,17.05,1000,18.75,2000,0,45000
VOLTAS30Jan20660PE.NFO,07/01/2020,09:20:18,17.9,17.25,1000,18.65,1000,0,45000
VOLTAS30Jan20660PE.NFO,07/01/2020,09:20:25,17.85,17.15,4000,17.9,1000,1000,45000
VOLTAS30Jan20660PE.NFO,07/01/2020,09:20:25,17.85,17.15,4000,17.9,1000,0,45000
VOLTAS30Jan20660PE.NFO,07/01/2020,09:20:33,17.9,17.15,4000,18,1000,1000,45000
VOLTAS30Jan20660PE.NFO,07/01/2020,09:20:40,17.9,17.15,8000,18,1000,0,45000
VOLTAS30Jan20660PE.NFO,07/01/2020,09:20:56,17.9,16.75,8000,18.55,1000,0,45000
VOLTAS30Jan20660PE.NFO,07/01/2020,09:21:03,17.9,16.75,12000,18.55,1000,0,45000
VOLTAS30Jan20660PE.NFO,07/01/2020,09:21:12,17.9,16.75,10000,18.55,1000,0,45000
VOLTAS30Jan20660PE.NFO,07/01/2020,09:21:27,17.9,16.75,12000,18.55,1000,0,45000
VOLTAS30Jan20660PE.NFO,07/01/2020,09:21:34,17.9,16.75,16000,18.55,1000,0,45000
VOLTAS30Jan20660PE.NFO,07/01/2020,09:21:51,17.9,16.75,12000,18.55,2000,0,45000
VOLTAS30Jan20660PE.NFO,07/01/2020,09:21:59,17.9,16.75,6000,18.35,1000,0,45000
VOLTAS30Jan20660PE.NFO,07/01/2020,09:22:06,17.9,16.75,4000,18.05,1000,0,45000
VOLTAS30Jan20660PE.NFO,07/01/2020,09:22:15,17.9,16.75,6000,18.05,1000,0,45000
VOLTAS30Jan20660PE.NFO,07/01/2020,09:22:44,17.9,16.75,10000,18.05,1000,0,45000
VOLTAS30Jan20660PE.NFO,07/01/2020,09:22:51,17.9,16.75,6000,18.05,1000,0,45000
VOLTAS30Jan20660PE.NFO,07/01/2020,09:23:06,17.9,16.75,4000,18.05,2000,0,45000
VOLTAS30Jan20660PE.NFO,07/01/2020,09:23:40,17.9,16.75,6000,18.05,1000,0,45000
VOLTAS30Jan20660PE.NFO,07/01/2020,09:23:46,17.9,16.75,4000,18.05,1000,0,45000
VOLTAS30Jan20660PE.NFO,07/01/2020,09:23:53,17.9,16.75,6000,18.05,1000,0,45000
VOLTAS30Jan20660PE.NFO,07/01/2020,09:24:40,17.9,16.75,4000,17.95,1000,0,45000
VOLTAS30Jan20660PE.NFO,07/01/2020,09:24:59,17.9,16.75,4000,17.85,1000,0,45000
VOLTAS30Jan20660PE.NFO,07/01/2020,09:25:06,17.9,16.55,2000,17.55,1000,0,45000
VOLTAS30Jan20660PE.NFO,07/01/2020,09:25:21,17.9,16.55,2000,17.45,1000,0,45000
VOLTAS30Jan20660PE.NFO,07/01/2020,09:26:13,17.9,16.75,1000,17.45,1000,0,45000
VOLTAS30Jan20660PE.NFO,07/01/2020,09:26:21,17.9,16.6,2000,17.45,1000,0,45000
VOLTAS30Jan20660PE.NFO,07/01/2020,09:26:27,16.7,16.4,2000,17.45,1000,1000,45000
VOLTAS30Jan20660PE.NFO,07/01/2020,09:26:27,16.7,16.4,2000,17.45,1000,0,45000
VOLTAS30Jan20660PE.NFO,07/01/2020,09:26:33,16.7,16.4,2000,17.45,1000,0,45000
VOLTAS30Jan20660PE.NFO,07/01/2020,09:26:46,16.7,16.25,4000,17.45,1000,0,45000
VOLTAS30Jan20660PE.NFO,07/01/2020,09:26:52,16.7,16.25,2000,17.35,1000,0,45000
VOLTAS30Jan20660PE.NFO,07/01/2020,09:27:13,16.7,16.25,4000,17.35,1000,0,45000
VOLTAS30Jan20660PE.NFO,07/01/2020,09:27:33,16.7,16.25,6000,17.35,1000,0,45000
VOLTAS30Jan20660PE.NFO,07/01/2020,09:27:39,16.7,16.25,4000,17.35,1000,0,45000
VOLTAS30Jan20660PE.NFO,07/01/2020,09:27:45,16.7,16.25,2000,17.2,1000,0,45000
VOLTAS30Jan20660PE.NFO,07/01/2020,09:27:51,16.7,16.25,4000,17.2,1000,0,45000
VOLTAS30Jan20660PE.NFO,07/01/2020,09:28:15,16.7,16.25,4000,17.35,1000,0,45000
VOLTAS30Jan20660PE.NFO,07/01/2020,09:28:34,17.35,16.3,6000,17.35,2000,1000,45000
VOLTAS30Jan20660PE.NFO,07/01/2020,09:28:40,17.35,16.55,2000,17.3,2000,0,45000
VOLTAS30Jan20660PE.NFO,07/01/2020,09:28:45,17.35,16.55,4000,17.3,2000,0,45000
VOLTAS30Jan20660PE.NFO,07/01/2020,09:28:57,17.35,16.55,1000,17.2,1000,0,45000
VOLTAS30Jan20660PE.NFO,07/01/2020,09:29:02,17.35,16.35,1000,17.1,1000,0,45000
VOLTAS30Jan20660PE.NFO,07/01/2020,09:29:09,16.9,16.1,4000,17,1000,1000,45000
VOLTAS30Jan20660PE.NFO,07/01/2020,09:29:34,17,16.6,1000,17.4,1000,1000,44000
VOLTAS30Jan20660PE.NFO,07/01/2020,09:29:40,17,16.65,1000,17.3,1000,0,44000
VOLTAS30Jan20660PE.NFO,07/01/2020,09:29:46,17,16.65,1000,17.45,1000,0,44000
VOLTAS30Jan20660PE.NFO,07/01/2020,09:29:52,17,16.9,1000,17.4,1000,0,44000
VOLTAS30Jan20660PE.NFO,07/01/2020,09:29:57,17,16.9,2000,17.5,1000,0,44000
VOLTAS30Jan20660PE.NFO,07/01/2020,09:30:02,16.9,16.85,1000,17.5,2000,2000,44000
VOLTAS30Jan20660PE.NFO,07/01/2020,09:30:08,16.9,16.85,1000,17.4,1000,0,44000
VOLTAS30Jan20660PE.NFO,07/01/2020,09:30:14,17.4,16.85,1000,17.45,1000,1000,44000
VOLTAS30Jan20660PE.NFO,07/01/2020,09:30:19,17.4,16.85,1000,17.45,1000,0,44000
VOLTAS30Jan20660PE.NFO,07/01/2020,09:30:25,17.4,16.55,2000,17.4,2000,0,44000
VOLTAS30Jan20660PE.NFO,07/01/2020,09:30:31,17.4,16.55,2000,17.4,1000,2000,44000
VOLTAS30Jan20660PE.NFO,07/01/2020,09:30:36,17.4,16.55,2000,17.55,1000,1000,44000
VOLTAS30Jan20660PE.NFO,07/01/2020,09:30:41,17.4,16.65,1000,17.55,1000,0,44000
VOLTAS30Jan20660PE.NFO,07/01/2020,09:31:07,17.4,16.4,2000,17.45,1000,0,44000
VOLTAS30Jan20660PE.NFO,07/01/2020,09:31:13,17.4,16.35,2000,17.45,1000,0,44000
VOLTAS30Jan20660PE.NFO,07/01/2020,09:31:20,17.4,16.45,2000,17.45,1000,0,44000
VOLTAS30Jan20660PE.NFO,07/01/2020,09:31:25,17.4,16.55,3000,17.45,1000,0,44000
VOLTAS30Jan20660PE.NFO,07/01/2020,09:31:31,17.4,16.6,1000,17.45,1000,0,44000
VOLTAS30Jan20660PE.NFO,07/01/2020,09:31:37,17.45,16.65,1000,17.6,1000,1000,44000
VOLTAS30Jan20660PE.NFO,07/01/2020,09:31:42,17.45,16.65,1000,17.55,1000,0,44000
VOLTAS30Jan20660PE.NFO,07/01/2020,09:31:53,17.45,16.55,1000,17.55,2000,0,44000
VOLTAS30Jan20660PE.NFO,07/01/2020,09:32:05,17.45,16.45,1000,17.45,1000,0,44000
VOLTAS30Jan20660PE.NFO,07/01/2020,09:32:19,17.45,16.6,2000,17.5,1000,0,44000
VOLTAS30Jan20660PE.NFO,07/01/2020,09:32:26,17.45,16.9,1000,17.55,1000,0,44000
VOLTAS30Jan20660PE.NFO,07/01/2020,09:32:39,17.45,16.9,1000,17.6,1000,0,44000
VOLTAS30Jan20660PE.NFO,07/01/2020,09:32:45,17.45,17,1000,17.65,1000,0,44000
VOLTAS30Jan20660PE.NFO,07/01/2020,09:32:51,17.45,17,1000,17.7,1000,0,44000
VOLTAS30Jan20660PE.NFO,07/01/2020,09:32:57,17.45,17,1000,17.65,1000,0,44000
VOLTAS30Jan20660PE.NFO,07/01/2020,09:33:02,17.45,16.9,1000,17.65,1000,0,44000
VOLTAS30Jan20660PE.NFO,07/01/2020,09:33:39,17.45,17,1000,17.75,1000,0,44000
VOLTAS30Jan20660PE.NFO,07/01/2020,09:33:55,17.45,16.85,1000,17.75,1000,0,44000
VOLTAS30Jan20660PE.NFO,07/01/2020,09:34:06,17.45,16.85,1000,17.65,2000,0,44000
VOLTAS30Jan20660PE.NFO,07/01/2020,09:34:23,17.45,16.95,1000,17.7,1000,0,44000
VOLTAS30Jan20660PE.NFO,07/01/2020,09:34:29,17.45,16.85,1000,17.65,2000,0,44000
VOLTAS30Jan20660PE.NFO,07/01/2020,09:34:36,17.45,16.95,1000,17.75,2000,0,44000
VOLTAS30Jan20660PE.NFO,07/01/2020,09:34:48,17.45,17,1000,17.75,2000,0,44000
VOLTAS30Jan20660PE.NFO,07/01/2020,09:34:54,17.45,16.95,1000,17.75,2000,0,44000
VOLTAS30Jan20660PE.NFO,07/01/2020,09:35:04,17.45,16.85,1000,17.75,2000,0,44000
VOLTAS30Jan20660PE.NFO,07/01/2020,09:35:32,17.45,16.9,1000,17.75,2000,0,44000
VOLTAS30Jan20660PE.NFO,07/01/2020,09:35:38,17.45,17,1000,17.75,2000,0,44000
VOLTAS30Jan20660PE.NFO,07/01/2020,09:35:46,17.45,17,1000,17.85,1000,0,44000
VOLTAS30Jan20660PE.NFO,07/01/2020,09:36:08,17.45,16.95,1000,17.85,1000,0,44000
VOLTAS30Jan20660PE.NFO,07/01/2020,09:36:32,17.45,17,1000,17.85,1000,0,44000
VOLTAS30Jan20660PE.NFO,07/01/2020,09:37:04,17.45,17,1000,18.25,3000,0,44000
VOLTAS30Jan20660PE.NFO,07/01/2020,09:37:15,17.45,17,1000,17.8,1000,0,44000
VOLTAS30Jan20660PE.NFO,07/01/2020,09:37:25,17.45,17.05,1000,18.2,1000,0,44000
VOLTAS30Jan20660PE.NFO,07/01/2020,09:37:46,17.45,17.1,1000,18.05,1000,0,44000
VOLTAS30Jan20660PE.NFO,07/01/2020,09:38:00,17.45,17.15,1000,18.05,1000,0,44000
VOLTAS30Jan20660PE.NFO,07/01/2020,09:38:05,17.45,17,1000,18.15,3000,0,44000
VOLTAS30Jan20660PE.NFO,07/01/2020,09:38:54,17.45,17.05,1000,18.15,3000,0,44000
VOLTAS30Jan20660PE.NFO,07/01/2020,09:38:59,17.45,17.05,1000,18.05,3000,0,44000
VOLTAS30Jan20660PE.NFO,07/01/2020,09:39:04,17.45,16.7,1000,18.3,3000,0,44000
VOLTAS30Jan20660PE.NFO,07/01/2020,09:39:09,17.45,16.8,1000,18.3,3000,0,44000
VOLTAS30Jan20660PE.NFO,07/01/2020,09:39:15,17.45,16.95,1000,18.3,3000,0,44000
VOLTAS30Jan20660PE.NFO,07/01/2020,09:39:20,17.45,16.65,1000,18.05,1000,0,44000
VOLTAS30Jan20660PE.NFO,07/01/2020,09:39:35,17.45,16.3,1000,18.05,1000,0,44000
VOLTAS30Jan20660PE.NFO,07/01/2020,09:39:57,17.45,16.35,1000,17.95,1000,0,44000
VOLTAS30Jan20660PE.NFO,07/01/2020,09:40:02,17.45,16.3,2000,17.95,1000,0,44000
VOLTAS30Jan20660PE.NFO,07/01/2020,09:40:14,17.45,16.6,4000,18.1,1000,0,44000
VOLTAS30Jan20660PE.NFO,07/01/2020,09:40:20,17.45,16.7,4000,18.1,1000,0,44000
VOLTAS30Jan20660PE.NFO,07/01/2020,09:40:26,17.45,16.8,1000,18.35,1000,0,44000
VOLTAS30Jan20660PE.NFO,07/01/2020,09:40:31,17.45,16.85,1000,18.05,2000,0,44000
VOLTAS30Jan20660PE.NFO,07/01/2020,09:40:37,17.45,16.9,1000,18.05,2000,0,44000
VOLTAS30Jan20660PE.NFO,07/01/2020,09:40:43,17.45,17,1000,18.15,2000,0,44000
VOLTAS30Jan20660PE.NFO,07/01/2020,09:40:48,17.45,17,1000,18.1,1000,0,44000
VOLTAS30Jan20660PE.NFO,07/01/2020,09:41:51,17.45,16.95,2000,18.1,1000,0,44000
VOLTAS30Jan20660PE.NFO,07/01/2020,09:42:06,17.45,17,1000,17.85,2000,0,44000
VOLTAS30Jan20660PE.NFO,07/01/2020,09:42:13,17.45,16.6,3000,17.8,1000,0,44000
VOLTAS30Jan20660PE.NFO,07/01/2020,09:42:20,17.45,16.8,2000,17.8,1000,0,44000
VOLTAS30Jan20660PE.NFO,07/01/2020,09:42:26,17.45,16.85,2000,18.45,3000,0,44000
VOLTAS30Jan20660PE.NFO,07/01/2020,09:42:33,17.45,16.85,1000,18.45,3000,0,44000
VOLTAS30Jan20660PE.NFO,07/01/2020,09:42:40,17.45,16.65,1000,18.45,3000,0,44000
VOLTAS30Jan20660PE.NFO,07/01/2020,09:43:00,17.45,16.85,1000,18.35,3000,0,44000
VOLTAS30Jan20660PE.NFO,07/01/2020,09:43:06,17.45,17,1000,18.35,3000,0,44000
VOLTAS30Jan20660PE.NFO,07/01/2020,09:43:21,17.45,17.05,1000,18.35,3000,0,44000
VOLTAS30Jan20660PE.NFO,07/01/2020,09:43:26,17.45,17.1,1000,18.35,3000,0,44000
VOLTAS30Jan20660PE.NFO,07/01/2020,09:43:32,17.45,17.05,1000,18.35,3000,0,44000
VOLTAS30Jan20660PE.NFO,07/01/2020,09:44:21,17.45,17.05,1000,18.2,4000,0,44000
VOLTAS30Jan20660PE.NFO,07/01/2020,09:45:28,17.45,17.05,1000,18.2,2000,0,44000
VOLTAS30Jan20660PE.NFO,07/01/2020,09:45:33,17.45,17.25,1000,18.2,2000,0,44000
VOLTAS30Jan20660PE.NFO,07/01/2020,09:45:38,17.45,16.85,1000,18.2,2000,0,44000
VOLTAS30Jan20660PE.NFO,07/01/2020,09:45:55,17.45,17.05,1000,18.2,2000,0,44000
VOLTAS30Jan20660PE.NFO,07/01/2020,09:46:17,17.45,17.05,2000,18.2,2000,0,44000
VOLTAS30Jan20660PE.NFO,07/01/2020,09:47:15,17.45,17.15,1000,17.95,1000,0,44000
VOLTAS30Jan20660PE.NFO,07/01/2020,09:47:20,17.45,17.15,1000,18.15,1000,0,44000
VOLTAS30Jan20660PE.NFO,07/01/2020,09:47:25,17.45,17.15,1000,18.1,1000,0,44000
VOLTAS30Jan20660PE.NFO,07/01/2020,09:47:34,17.45,17.15,1000,18.15,2000,0,44000
VOLTAS30Jan20660PE.NFO,07/01/2020,09:47:57,17.45,17.3,1000,18.15,2000,0,44000
VOLTAS30Jan20660PE.NFO,07/01/2020,09:48:02,17.45,17.25,1000,18.15,2000,0,44000
VOLTAS30Jan20660PE.NFO,07/01/2020,09:48:26,17.45,17.25,1000,18.05,1000,0,44000
VOLTAS30Jan20660PE.NFO,07/01/2020,09:48:37,17.45,17.15,1000,18.05,1000,0,44000
VOLTAS30Jan20660PE.NFO,07/01/2020,09:48:50,17.45,17.15,1000,18.3,3000,0,44000
VOLTAS30Jan20660PE.NFO,07/01/2020,09:49:24,17.45,17.15,1000,18.3,2000,0,44000
VOLTAS30Jan20660PE.NFO,07/01/2020,09:49:31,17.45,17.15,2000,18.2,2000,0,44000
VOLTAS30Jan20660PE.NFO,07/01/2020,09:49:57,17.45,17.15,2000,17.9,1000,0,44000
VOLTAS30Jan20660PE.NFO,07/01/2020,09:51:15,17.45,17.15,2000,17.7,1000,0,44000
VOLTAS30Jan20660PE.NFO,07/01/2020,09:51:23,17.45,17.15,1000,18.05,2000,0,44000
VOLTAS30Jan20660PE.NFO,07/01/2020,09:51:27,17.45,17.05,1000,17.95,2000,0,44000
VOLTAS30Jan20660PE.NFO,07/01/2020,09:51:50,17.45,17.15,1000,17.95,1000,0,44000
VOLTAS30Jan20660PE.NFO,07/01/2020,09:51:55,17.45,17.15,1000,17.9,1000,0,44000
VOLTAS30Jan20660PE.NFO,07/01/2020,09:52:00,17.45,17.05,1000,17.95,1000,0,44000
VOLTAS30Jan20660PE.NFO,07/01/2020,09:52:04,17.45,17.05,1000,18.25,1000,0,44000
VOLTAS30Jan20660PE.NFO,07/01/2020,09:52:10,17.45,17.15,1000,18,1000,0,44000
VOLTAS30Jan20660PE.NFO,07/01/2020,09:52:25,17.45,17.15,1000,17.95,1000,0,44000
VOLTAS30Jan20660PE.NFO,07/01/2020,09:52:31,17.45,17.25,1000,18,1000,0,44000
VOLTAS30Jan20660PE.NFO,07/01/2020,09:54:37,17.45,17.25,1000,18.25,1000,0,44000
VOLTAS30Jan20660PE.NFO,07/01/2020,09:54:42,17.45,17.1,1000,18.15,1000,0,44000
VOLTAS30Jan20660PE.NFO,07/01/2020,09:54:47,17.45,17.25,2000,18.15,1000,0,44000
VOLTAS30Jan20660PE.NFO,07/01/2020,09:54:52,17.45,17.3,1000,18.1,1000,0,44000
VOLTAS30Jan20660PE.NFO,07/01/2020,09:54:58,17.45,17.3,1000,18.05,1000,0,44000
VOLTAS30Jan20660PE.NFO,07/01/2020,09:55:09,17.45,17.3,1000,17.95,1000,0,44000
VOLTAS30Jan20660PE.NFO,07/01/2020,09:55:14,17.45,17.3,1000,18.1,1000,0,44000
VOLTAS30Jan20660PE.NFO,07/01/2020,09:55:37,17.45,17.2,1000,18.05,1000,0,44000
VOLTAS30Jan20660PE.NFO,07/01/2020,09:55:41,17.45,17.05,1000,18.05,1000,0,44000
VOLTAS30Jan20660PE.NFO,07/01/2020,09:55:50,17.45,17.1,1000,18.05,1000,0,44000
VOLTAS30Jan20660PE.NFO,07/01/2020,09:55:54,17.45,17.1,1000,18.1,1000,0,44000
VOLTAS30Jan20660PE.NFO,07/01/2020,09:56:04,17.45,17.2,2000,18.1,1000,0,44000
VOLTAS30Jan20660PE.NFO,07/01/2020,09:56:09,17.45,17.2,2000,18.45,2000,0,44000
VOLTAS30Jan20660PE.NFO,07/01/2020,09:56:16,17.45,17.2,2000,18.2,1000,0,44000
VOLTAS30Jan20660PE.NFO,07/01/2020,09:56:45,17.45,17.4,1000,18.15,1000,0,44000
VOLTAS30Jan20660PE.NFO,07/01/2020,09:56:49,17.45,17.15,1000,18.3,1000,0,44000
VOLTAS30Jan20660PE.NFO,07/01/2020,09:56:58,17.45,17.25,1000,18.25,2000,0,44000
VOLTAS30Jan20660PE.NFO,07/01/2020,09:57:02,17.45,17.45,1000,18.15,1000,0,44000
VOLTAS30Jan20660PE.NFO,07/01/2020,09:57:17,17.45,17.15,1000,18.25,1000,0,44000
VOLTAS30Jan20660PE.NFO,07/01/2020,09:57:34,17.45,17.5,1000,18.25,1000,0,44000
VOLTAS30Jan20660PE.NFO,07/01/2020,09:57:43,17.45,17.5,1000,18.15,1000,0,44000
VOLTAS30Jan20660PE.NFO,07/01/2020,09:57:55,17.45,17.1,1000,18.3,1000,0,44000
VOLTAS30Jan20660PE.NFO,07/01/2020,09:58:11,17.45,17.25,2000,18.3,1000,0,44000
VOLTAS30Jan20660PE.NFO,07/01/2020,09:58:21,17.45,17.25,2000,18.25,1000,0,44000
VOLTAS30Jan20660PE.NFO,07/01/2020,09:58:35,17.45,17.25,2000,18.2,1000,0,44000
VOLTAS30Jan20660PE.NFO,07/01/2020,09:58:40,17.45,17.25,2000,18,1000,0,44000
VOLTAS30Jan20660PE.NFO,07/01/2020,09:58:45,17.45,17.4,1000,18.15,1000,0,44000
VOLTAS30Jan20660PE.NFO,07/01/2020,09:58:50,17.45,17.45,1000,18.3,1000,0,44000
VOLTAS30Jan20660PE.NFO,07/01/2020,09:59:02,17.45,17.55,1000,18.45,1000,0,44000
VOLTAS30Jan20660PE.NFO,07/01/2020,09:59:08,17.45,17.55,1000,18.35,1000,0,44000
VOLTAS30Jan20660PE.NFO,07/01/2020,09:59:19,17.45,17.3,1000,18.45,1000,0,44000
VOLTAS30Jan20660PE.NFO,07/01/2020,10:00:28,17.45,17.5,1000,18.45,1000,0,44000
VOLTAS30Jan20660PE.NFO,07/01/2020,10:00:49,17.45,17.4,1000,18.45,1000,0,44000
VOLTAS30Jan20660PE.NFO,07/01/2020,10:01:14,17.45,17.4,1000,18.35,1000,0,44000
VOLTAS30Jan20660PE.NFO,07/01/2020,10:01:21,17.45,17.4,1000,18.25,1000,0,44000
VOLTAS30Jan20660PE.NFO,07/01/2020,10:01:28,17.45,17.4,1000,18.3,1000,0,44000
VOLTAS30Jan20660PE.NFO,07/01/2020,10:02:13,17.45,17.4,1000,18.35,1000,0,44000
VOLTAS30Jan20660PE.NFO,07/01/2020,10:02:28,17.45,17.55,1000,18.35,1000,0,44000
VOLTAS30Jan20660PE.NFO,07/01/2020,10:02:43,17.45,17.65,1000,18.35,1000,0,44000
VOLTAS30Jan20660PE.NFO,07/01/2020,10:02:48,17.45,17.75,1000,18.35,1000,0,44000
VOLTAS30Jan20660PE.NFO,07/01/2020,10:02:53,17.45,17.75,1000,18.45,1000,0,44000
VOLTAS30Jan20660PE.NFO,07/01/2020,10:03:04,17.45,17.75,2000,18.45,1000,0,44000
VOLTAS30Jan20660PE.NFO,07/01/2020,10:03:42,17.45,17.4,1000,18.45,1000,0,44000
VOLTAS30Jan20660PE.NFO,07/01/2020,10:03:54,17.45,17.4,1000,18.4,1000,0,44000
VOLTAS30Jan20660PE.NFO,07/01/2020,10:04:05,17.45,17.4,1000,18.35,2000,0,44000
VOLTAS30Jan20660PE.NFO,07/01/2020,10:05:02,17.45,17.45,1000,18.35,2000,0,44000
VOLTAS30Jan20660PE.NFO,07/01/2020,10:05:22,17.45,17.45,1000,18.4,2000,0,44000
VOLTAS30Jan20660PE.NFO,07/01/2020,10:05:27,17.45,17.55,2000,18.4,2000,0,44000
VOLTAS30Jan20660PE.NFO,07/01/2020,10:05:33,17.45,17.55,2000,18.55,3000,0,44000
VOLTAS30Jan20660PE.NFO,07/01/2020,10:05:52,17.45,17.75,2000,18.45,1000,0,44000
VOLTAS30Jan20660PE.NFO,07/01/2020,10:05:57,17.45,17.4,1000,18.45,1000,0,44000
VOLTAS30Jan20660PE.NFO,07/01/2020,10:06:03,17.45,17.4,2000,18.25,1000,0,44000
VOLTAS30Jan20660PE.NFO,07/01/2020,10:06:15,17.45,17.4,2000,18.2,1000,0,44000
VOLTAS30Jan20660PE.NFO,07/01/2020,10:06:27,17.45,17.4,2000,18.15,1000,0,44000
VOLTAS30Jan20660PE.NFO,07/01/2020,10:06:32,17.45,17.15,1000,18.15,1000,0,44000
VOLTAS30Jan20660PE.NFO,07/01/2020,10:06:42,17.45,17.25,1000,18.15,1000,0,44000
VOLTAS30Jan20660PE.NFO,07/01/2020,10:07:25,17.45,17.35,1000,18.2,1000,0,44000
VOLTAS30Jan20660PE.NFO,07/01/2020,10:07:31,17.45,17.35,1000,18.5,1000,0,44000
VOLTAS30Jan20660PE.NFO,07/01/2020,10:07:37,17.45,17.4,1000,18.4,1000,0,44000
VOLTAS30Jan20660PE.NFO,07/01/2020,10:07:55,17.45,17.05,1000,18.3,1000,0,44000
VOLTAS30Jan20660PE.NFO,07/01/2020,10:08:01,17.45,17.05,1000,18.5,1000,0,44000
VOLTAS30Jan20660PE.NFO,07/01/2020,10:08:05,17.45,17.05,1000,18.3,1000,0,44000
VOLTAS30Jan20660PE.NFO,07/01/2020,10:08:10,17.45,17.25,2000,18.45,1000,0,44000
VOLTAS30Jan20660PE.NFO,07/01/2020,10:08:15,17.45,17.7,1000,18.5,1000,0,44000
VOLTAS30Jan20660PE.NFO,07/01/2020,10:08:33,17.45,17.8,1000,18.5,1000,0,44000
VOLTAS30Jan20660PE.NFO,07/01/2020,10:08:40,17.45,18.05,1000,18.55,1000,0,44000
VOLTAS30Jan20660PE.NFO,07/01/2020,10:08:52,17.45,18.05,1000,18.55,2000,0,44000
VOLTAS30Jan20660PE.NFO,07/01/2020,10:08:58,17.45,18.05,1000,18.55,1000,0,44000
VOLTAS30Jan20660PE.NFO,07/01/2020,10:09:03,17.45,18.15,1000,18.55,1000,0,44000
VOLTAS30Jan20660PE.NFO,07/01/2020,10:09:19,17.45,18.25,2000,18.55,1000,0,44000
VOLTAS30Jan20660PE.NFO,07/01/2020,10:09:24,17.45,18.25,3000,18.55,1000,0,44000
VOLTAS30Jan20660PE.NFO,07/01/2020,10:09:35,17.45,18.25,2000,18.55,1000,0,44000
VOLTAS30Jan20660PE.NFO,07/01/2020,10:09:40,18.55,18.25,2000,19,2000,1000,44000
VOLTAS30Jan20660PE.NFO,07/01/2020,10:09:45,18.55,18.55,2000,19.1,2000,0,44000
VOLTAS30Jan20660PE.NFO,07/01/2020,10:09:50,18.55,18.55,1000,19.2,2000,1000,44000
VOLTAS30Jan20660PE.NFO,07/01/2020,10:09:55,18.55,18.55,1000,19.2,2000,0,44000
VOLTAS30Jan20660PE.NFO,07/01/2020,10:10:01,18.55,18.2,2000,19.25,1000,1000,44000
VOLTAS30Jan20660PE.NFO,07/01/2020,10:10:08,18.55,18.3,1000,19,2000,0,44000
VOLTAS30Jan20660PE.NFO,07/01/2020,10:10:15,18.55,18.25,1000,18.85,1000,0,44000
VOLTAS30Jan20660PE.NFO,07/01/2020,10:10:20,18.55,18.2,2000,19.2,2000,0,44000
VOLTAS30Jan20660PE.NFO,07/01/2020,10:10:25,18.55,18.3,1000,19,1000,0,44000
VOLTAS30Jan20660PE.NFO,07/01/2020,10:10:35,18.55,18.2,1000,18.85,1000,0,44000
VOLTAS30Jan20660PE.NFO,07/01/2020,10:11:03,18.55,18.1,1000,18.85,1000,0,44000
VOLTAS30Jan20660PE.NFO,07/01/2020,10:11:20,18.55,17.85,1000,18.85,1000,0,44000
VOLTAS30Jan20660PE.NFO,07/01/2020,10:11:59,18.55,17.85,1000,19.15,1000,0,44000
VOLTAS30Jan20660PE.NFO,07/01/2020,10:12:05,18.55,18.15,2000,19.2,2000,0,44000
VOLTAS30Jan20660PE.NFO,07/01/2020,10:12:11,18.55,18.3,1000,19.05,2000,0,44000
VOLTAS30Jan20660PE.NFO,07/01/2020,10:12:17,18.55,18.3,2000,19,1000,0,44000
VOLTAS30Jan20660PE.NFO,07/01/2020,10:12:22,18.55,18.4,1000,19,1000,0,44000
VOLTAS30Jan20660PE.NFO,07/01/2020,10:12:27,18.55,18.3,1000,18.7,1000,0,44000
VOLTAS30Jan20660PE.NFO,07/01/2020,10:12:43,18.55,18.35,1000,18.8,1000,0,44000
VOLTAS30Jan20660PE.NFO,07/01/2020,10:12:48,18.55,18.25,1000,18.7,1000,0,44000
VOLTAS30Jan20660PE.NFO,07/01/2020,10:12:54,18.55,18.3,2000,18.75,2000,0,44000
VOLTAS30Jan20660PE.NFO,07/01/2020,10:12:59,18.55,18.3,1000,18.7,1000,0,44000
VOLTAS30Jan20660PE.NFO,07/01/2020,10:13:05,18.55,18.25,1000,18.65,2000,0,44000
VOLTAS30Jan20660PE.NFO,07/01/2020,10:13:11,18.55,18.25,2000,18.95,1000,0,44000
VOLTAS30Jan20660PE.NFO,07/01/2020,10:13:23,18.55,18.5,1000,18.75,1000,0,44000
VOLTAS30Jan20660PE.NFO,07/01/2020,10:13:30,18.55,18.3,1000,18.7,2000,0,44000
VOLTAS30Jan20660PE.NFO,07/01/2020,10:13:52,18.55,18.75,2000,19.15,1000,0,44000
VOLTAS30Jan20660PE.NFO,07/01/2020,10:13:58,18.55,18.65,2000,19.1,2000,0,44000
VOLTAS30Jan20660PE.NFO,07/01/2020,10:14:03,18.55,18.6,1000,19,2000,0,44000
VOLTAS30Jan20660PE.NFO,07/01/2020,10:14:09,18.55,18.65,1000,19,1000,0,44000
VOLTAS30Jan20660PE.NFO,07/01/2020,10:14:14,18.55,18.75,2000,19.15,2000,0,44000
VOLTAS30Jan20660PE.NFO,07/01/2020,10:14:20,18.55,18.85,1000,19.25,2000,0,44000
VOLTAS30Jan20660PE.NFO,07/01/2020,10:14:26,18.55,18.85,1000,19.2,1000,0,44000
VOLTAS30Jan20660PE.NFO,07/01/2020,10:14:32,18.55,18.85,3000,19.25,2000,0,44000
VOLTAS30Jan20660PE.NFO,07/01/2020,10:14:43,18.55,18.85,1000,19.2,1000,0,44000
VOLTAS30Jan20660PE.NFO,07/01/2020,10:14:48,18.55,18.85,1000,19.25,1000,0,44000
VOLTAS30Jan20660PE.NFO,07/01/2020,10:15:00,18.55,19,1000,19.65,2000,0,44000
VOLTAS30Jan20660PE.NFO,07/01/2020,10:15:06,18.55,19,1000,19.2,1000,0,44000
VOLTAS30Jan20660PE.NFO,07/01/2020,10:15:11,18.55,18.85,1000,19.2,1000,0,44000
VOLTAS30Jan20660PE.NFO,07/01/2020,10:15:16,18.55,18.8,1000,19.2,1000,0,44000
VOLTAS30Jan20660PE.NFO,07/01/2020,10:15:26,18.55,18.75,2000,19.15,1000,0,44000
VOLTAS30Jan20660PE.NFO,07/01/2020,10:15:32,18.55,18.8,2000,19.2,1000,0,44000
VOLTAS30Jan20660PE.NFO,07/01/2020,10:15:38,18.55,18.8,1000,19.2,1000,0,44000
VOLTAS30Jan20660PE.NFO,07/01/2020,10:15:43,18.55,18.8,3000,19.2,1000,0,44000
VOLTAS30Jan20660PE.NFO,07/01/2020,10:15:48,18.55,18.8,2000,19.2,1000,0,44000
VOLTAS30Jan20660PE.NFO,07/01/2020,10:15:54,18.55,18.95,2000,19.35,1000,0,44000
VOLTAS30Jan20660PE.NFO,07/01/2020,10:16:00,18.55,18.7,2000,19.35,1000,0,44000
VOLTAS30Jan20660PE.NFO,07/01/2020,10:16:05,18.55,18.7,1000,19.35,1000,0,44000
VOLTAS30Jan20660PE.NFO,07/01/2020,10:16:26,18.55,18.8,1000,19.35,1000,0,44000
VOLTAS30Jan20660PE.NFO,07/01/2020,10:16:32,18.55,18.8,1000,19.2,2000,0,44000
VOLTAS30Jan20660PE.NFO,07/01/2020,10:16:37,18.55,18.75,1000,19.5,1000,0,44000
VOLTAS30Jan20660PE.NFO,07/01/2020,10:16:42,18.55,18.8,2000,19.15,1000,0,44000
VOLTAS30Jan20660PE.NFO,07/01/2020,10:16:47,18.55,18.8,1000,19.15,1000,0,44000
VOLTAS30Jan20660PE.NFO,07/01/2020,10:17:08,18.55,18.8,2000,19.15,1000,0,44000
VOLTAS30Jan20660PE.NFO,07/01/2020,10:17:28,18.55,18.75,1000,19.15,1000,0,44000
VOLTAS30Jan20660PE.NFO,07/01/2020,10:17:39,18.55,18.8,1000,19.15,1000,0,44000
VOLTAS30Jan20660PE.NFO,07/01/2020,10:18:00,18.55,18.8,1000,19.25,1000,0,44000
VOLTAS30Jan20660PE.NFO,07/01/2020,10:18:08,18.55,18.8,1000,19.15,1000,0,44000
VOLTAS30Jan20660PE.NFO,07/01/2020,10:18:26,18.55,18.8,1000,19.25,1000,0,44000
VOLTAS30Jan20660PE.NFO,07/01/2020,10:18:56,18.55,18.95,1000,19.35,1000,0,44000
VOLTAS30Jan20660PE.NFO,07/01/2020,10:19:00,18.55,18.95,2000,19.35,1000,0,44000
VOLTAS30Jan20660PE.NFO,07/01/2020,10:19:08,18.55,18.95,1000,19.35,1000,0,44000
VOLTAS30Jan20660PE.NFO,07/01/2020,10:19:39,18.55,18.9,1000,19.35,1000,0,44000
VOLTAS30Jan20660PE.NFO,07/01/2020,10:19:44,18.55,18.8,3000,19.25,1000,0,44000
VOLTAS30Jan20660PE.NFO,07/01/2020,10:19:49,18.55,19,1000,19.4,1000,0,44000
VOLTAS30Jan20660PE.NFO,07/01/2020,10:19:54,18.55,19.15,1000,19.55,1000,0,44000
VOLTAS30Jan20660PE.NFO,07/01/2020,10:20:05,19.55,19.15,2000,19.6,2000,1000,44000
VOLTAS30Jan20660PE.NFO,07/01/2020,10:20:05,19.55,19.15,2000,19.6,2000,0,44000
VOLTAS30Jan20660PE.NFO,07/01/2020,10:20:10,19.55,19.15,2000,19.55,1000,0,44000
VOLTAS30Jan20660PE.NFO,07/01/2020,10:20:14,19.55,19.2,1000,19.6,2000,0,44000
VOLTAS30Jan20660PE.NFO,07/01/2020,10:20:24,19.55,19.15,1000,19.6,2000,0,44000
VOLTAS30Jan20660PE.NFO,07/01/2020,10:20:29,19.55,19.25,1000,19.6,2000,0,44000
VOLTAS30Jan20660PE.NFO,07/01/2020,10:20:33,19.55,19.2,1000,19.55,1000,0,44000
VOLTAS30Jan20660PE.NFO,07/01/2020,10:20:38,19.55,19.3,1000,19.6,2000,0,44000
VOLTAS30Jan20660PE.NFO,07/01/2020,10:20:41,19.55,19.25,2000,19.6,2000,0,44000
VOLTAS30Jan20660PE.NFO,07/01/2020,10:20:45,19.55,19.25,2000,19.55,1000,0,44000
VOLTAS30Jan20660PE.NFO,07/01/2020,10:20:54,19.55,19.15,1000,19.55,1000,0,44000
VOLTAS30Jan20660PE.NFO,07/01/2020,10:20:58,19.55,19.2,3000,19.55,1000,0,44000
VOLTAS30Jan20660PE.NFO,07/01/2020,10:21:03,19.55,19.1,1000,19.6,1000,0,44000
VOLTAS30Jan20660PE.NFO,07/01/2020,10:21:08,19.55,19.2,2000,19.6,1000,0,44000
VOLTAS30Jan20660PE.NFO,07/01/2020,10:21:12,19.55,19.2,2000,19.8,1000,0,44000
VOLTAS30Jan20660PE.NFO,07/01/2020,10:21:17,19.55,19.25,1000,19.65,1000,0,44000
VOLTAS30Jan20660PE.NFO,07/01/2020,10:21:22,19.55,19.2,1000,19.65,1000,0,44000
VOLTAS30Jan20660PE.NFO,07/01/2020,10:21:37,19.55,19.15,1000,19.55,1000,0,44000
VOLTAS30Jan20660PE.NFO,07/01/2020,10:21:46,19.55,19.2,1000,19.55,1000,0,44000
VOLTAS30Jan20660PE.NFO,07/01/2020,10:21:50,19.55,19.1,1000,19.55,1000,0,44000
VOLTAS30Jan20660PE.NFO,07/01/2020,10:21:55,19.55,19.1,2000,19.55,1000,0,44000
VOLTAS30Jan20660PE.NFO,07/01/2020,10:22:04,19.55,19.05,4000,19.45,1000,0,44000
VOLTAS30Jan20660PE.NFO,07/01/2020,10:22:08,19.55,19.15,2000,19.55,1000,0,44000
VOLTAS30Jan20660PE.NFO,07/01/2020,10:22:18,19.55,19.25,5000,19.7,1000,0,44000
VOLTAS30Jan20660PE.NFO,07/01/2020,10:22:23,19.55,19.3,2000,19.7,1000,0,44000
VOLTAS30Jan20660PE.NFO,07/01/2020,10:22:31,19.55,19.3,2000,19.8,1000,0,44000
VOLTAS30Jan20660PE.NFO,07/01/2020,10:22:35,19.55,19.4,2000,19.85,1000,0,44000
VOLTAS30Jan20660PE.NFO,07/01/2020,10:22:40,19.55,19.5,2000,19.95,1000,0,44000
VOLTAS30Jan20660PE.NFO,07/01/2020,10:22:53,19.55,19.65,4000,20.05,1000,0,44000
VOLTAS30Jan20660PE.NFO,07/01/2020,10:23:19,19.55,19.8,1000,20.25,1000,0,44000
VOLTAS30Jan20660PE.NFO,07/01/2020,10:23:23,19.55,19.9,1000,20.25,1000,0,44000
VOLTAS30Jan20660PE.NFO,07/01/2020,10:23:28,19.55,19.9,1000,20.55,2000,0,44000
VOLTAS30Jan20660PE.NFO,07/01/2020,10:23:33,19.55,19.85,1000,20.2,1000,0,44000
VOLTAS30Jan20660PE.NFO,07/01/2020,10:23:48,19.55,19.8,2000,20.2,1000,0,44000
VOLTAS30Jan20660PE.NFO,07/01/2020,10:23:52,19.55,19.85,2000,20.65,2000,0,44000
VOLTAS30Jan20660PE.NFO,07/01/2020,10:23:56,19.55,19.85,2000,20.35,1000,0,44000
VOLTAS30Jan20660PE.NFO,07/01/2020,10:24:00,19.55,19.85,2000,20.25,1000,0,44000
VOLTAS30Jan20660PE.NFO,07/01/2020,10:24:03,19.55,19.85,1000,20.25,1000,0,44000
VOLTAS30Jan20660PE.NFO,07/01/2020,10:24:26,19.55,19.85,1000,20.55,2000,0,44000
VOLTAS30Jan20660PE.NFO,07/01/2020,10:24:30,19.55,19.85,1000,20.2,1000,0,44000
VOLTAS30Jan20660PE.NFO,07/01/2020,10:24:45,19.55,19.9,1000,20.2,1000,0,44000
VOLTAS30Jan20660PE.NFO,07/01/2020,10:25:17,19.55,19.85,1000,20.2,1000,0,44000
VOLTAS30Jan20660PE.NFO,07/01/2020,10:25:34,19.55,19.8,2000,20.2,1000,0,44000
VOLTAS30Jan20660PE.NFO,07/01/2020,10:25:38,19.55,19.85,1000,20.3,1000,0,44000
VOLTAS30Jan20660PE.NFO,07/01/2020,10:25:42,19.55,19.9,3000,20.3,1000,0,44000
VOLTAS30Jan20660PE.NFO,07/01/2020,10:25:47,19.55,19.9,4000,20.3,1000,0,44000
VOLTAS30Jan20660PE.NFO,07/01/2020,10:25:53,19.55,19.95,2000,20.3,1000,0,44000
VOLTAS30Jan20660PE.NFO,07/01/2020,10:25:58,19.55,19.85,1000,20.25,1000,0,44000
VOLTAS30Jan20660PE.NFO,07/01/2020,10:26:02,19.55,19.8,2000,20.4,1000,0,44000
VOLTAS30Jan20660PE.NFO,07/01/2020,10:26:12,19.55,19.8,1000,20.25,1000,0,44000
VOLTAS30Jan20660PE.NFO,07/01/2020,10:26:21,19.55,19.85,1000,20.65,2000,0,44000
VOLTAS30Jan20660PE.NFO,07/01/2020,10:26:29,19.55,19.95,1000,20.45,1000,0,44000
VOLTAS30Jan20660PE.NFO,07/01/2020,10:26:31,19.55,20.05,1000,20.7,1000,0,44000
VOLTAS30Jan20660PE.NFO,07/01/2020,10:26:35,19.55,20.05,1000,20.55,1000,0,44000
VOLTAS30Jan20660PE.NFO,07/01/2020,10:26:39,19.55,20.1,1000,21.1,2000,0,44000
VOLTAS30Jan20660PE.NFO,07/01/2020,10:26:43,19.55,20.05,1000,21.2,2000,0,44000
VOLTAS30Jan20660PE.NFO,07/01/2020,10:26:48,19.55,20.1,1000,21.1,2000,0,44000
VOLTAS30Jan20660PE.NFO,07/01/2020,10:27:13,19.55,20.2,1000,21.1,2000,0,44000
VOLTAS30Jan20660PE.NFO,07/01/2020,10:27:46,19.55,20.1,1000,21.25,2000,0,44000
VOLTAS30Jan20660PE.NFO,07/01/2020,10:27:51,19.55,20.1,1000,21,2000,0,44000
VOLTAS30Jan20660PE.NFO,07/01/2020,10:28:12,19.55,20.05,1000,21,2000,0,44000
VOLTAS30Jan20660PE.NFO,07/01/2020,10:28:21,19.55,20.1,1000,20.7,1000,0,44000
VOLTAS30Jan20660PE.NFO,07/01/2020,10:28:26,19.55,19.95,2000,20.4,1000,0,44000
VOLTAS30Jan20660PE.NFO,07/01/2020,10:28:31,19.55,19.9,1000,20.3,1000,0,44000
VOLTAS30Jan20660PE.NFO,07/01/2020,10:28:35,19.55,19.9,2000,20.3,1000,0,44000
VOLTAS30Jan20660PE.NFO,07/01/2020,10:28:39,19.55,20.05,1000,20.4,1000,0,44000
VOLTAS30Jan20660PE.NFO,07/01/2020,10:28:46,19.55,20.05,1000,20.3,1000,0,44000
VOLTAS30Jan20660PE.NFO,07/01/2020,10:28:49,19.55,19.95,2000,20.7,1000,0,44000
VOLTAS30Jan20660PE.NFO,07/01/2020,10:28:52,19.55,19.95,1000,20.3,1000,0,44000
VOLTAS30Jan20660PE.NFO,07/01/2020,10:28:56,19.55,19.9,2000,20.25,1000,0,44000
VOLTAS30Jan20660PE.NFO,07/01/2020,10:28:59,19.55,19.9,1000,20.55,1000,0,44000
VOLTAS30Jan20660PE.NFO,07/01/2020,10:29:02,19.55,19.9,1000,20.4,1000,0,44000
VOLTAS30Jan20660PE.NFO,07/01/2020,10:29:06,19.55,19.85,1000,20.15,1000,0,44000
VOLTAS30Jan20660PE.NFO,07/01/2020,10:29:09,19.55,19.8,2000,20.55,2000,0,44000
VOLTAS30Jan20660PE.NFO,07/01/2020,10:29:13,19.55,19.85,1000,20.15,1000,0,44000
VOLTAS30Jan20660PE.NFO,07/01/2020,10:29:16,19.55,19.8,1000,20.1,1000,0,44000
VOLTAS30Jan20660PE.NFO,07/01/2020,10:29:28,19.55,19.8,3000,20.2,1000,0,44000
VOLTAS30Jan20660PE.NFO,07/01/2020,10:29:32,19.55,20,2000,20.4,1000,0,44000
VOLTAS30Jan20660PE.NFO,07/01/2020,10:29:39,19.55,19.55,1000,19.95,1000,0,44000
VOLTAS30Jan20660PE.NFO,07/01/2020,10:29:43,19.55,19.65,1000,20.05,1000,0,44000
VOLTAS30Jan20660PE.NFO,07/01/2020,10:29:46,19.55,19.7,1000,20.15,1000,0,44000
VOLTAS30Jan20660PE.NFO,07/01/2020,10:29:49,19.55,19.65,2000,20.15,1000,0,44000
VOLTAS30Jan20660PE.NFO,07/01/2020,10:30:00,19.55,19.7,1000,20.15,1000,0,44000
VOLTAS30Jan20660PE.NFO,07/01/2020,10:30:05,19.55,19.6,1000,20.15,1000,0,44000
VOLTAS30Jan20660PE.NFO,07/01/2020,10:30:08,19.55,19.55,2000,20.05,1000,0,44000
VOLTAS30Jan20660PE.NFO,07/01/2020,10:30:18,19.55,19.6,1000,20.05,1000,0,44000
VOLTAS30Jan20660PE.NFO,07/01/2020,10:30:28,19.55,19.6,1000,20.15,1000,0,44000
VOLTAS30Jan20660PE.NFO,07/01/2020,10:31:09,19.55,19.6,1000,20.05,1000,0,44000
VOLTAS30Jan20660PE.NFO,07/01/2020,10:31:16,20.05,19.7,1000,20.15,1000,1000,43000
VOLTAS30Jan20660PE.NFO,07/01/2020,10:31:16,20.05,19.7,1000,20.15,1000,0,43000
VOLTAS30Jan20660PE.NFO,07/01/2020,10:31:20,20.05,19.7,1000,20.15,1000,0,43000
VOLTAS30Jan20660PE.NFO,07/01/2020,10:31:24,20.05,19.8,3000,20.25,2000,0,43000
VOLTAS30Jan20660PE.NFO,07/01/2020,10:31:27,20.05,19.8,2000,20.25,1000,0,43000
VOLTAS30Jan20660PE.NFO,07/01/2020,10:31:35,20.05,19.9,1000,20.25,1000,0,43000
VOLTAS30Jan20660PE.NFO,07/01/2020,10:31:42,20.05,19.9,2000,20.25,1000,0,43000
VOLTAS30Jan20660PE.NFO,07/01/2020,10:32:28,20.05,19.85,2000,20.25,1000,0,43000
VOLTAS30Jan20660PE.NFO,07/01/2020,10:32:32,20.05,19.85,2000,20.25,2000,0,43000
VOLTAS30Jan20660PE.NFO,07/01/2020,10:33:28,20.05,19.65,2000,20.25,2000,0,43000
VOLTAS30Jan20660PE.NFO,07/01/2020,10:33:43,20.05,19.7,2000,20.25,2000,0,43000
VOLTAS30Jan20660PE.NFO,07/01/2020,10:33:51,20.05,19.75,3000,20.25,2000,0,43000
VOLTAS30Jan20660PE.NFO,07/01/2020,10:34:03,20.05,19.9,1000,20.85,2000,0,43000
VOLTAS30Jan20660PE.NFO,07/01/2020,10:34:06,20.05,19.9,1000,20.25,1000,0,43000
VOLTAS30Jan20660PE.NFO,07/01/2020,10:34:29,20.05,19.8,3000,20.25,1000,0,43000
VOLTAS30Jan20660PE.NFO,07/01/2020,10:34:36,20.05,19.75,1000,20.15,1000,0,43000
VOLTAS30Jan20660PE.NFO,07/01/2020,10:34:41,20.05,19.8,1000,20.15,1000,0,43000
VOLTAS30Jan20660PE.NFO,07/01/2020,10:34:45,20.05,19.85,3000,20.25,1000,0,43000
VOLTAS30Jan20660PE.NFO,07/01/2020,10:34:50,20.05,19.8,3000,20.25,1000,0,43000
VOLTAS30Jan20660PE.NFO,07/01/2020,10:35:03,20.05,19.8,2000,20.25,1000,0,43000
VOLTAS30Jan20660PE.NFO,07/01/2020,10:35:10,20.05,19.9,1000,20.25,1000,0,43000
VOLTAS30Jan20660PE.NFO,07/01/2020,10:35:17,20.05,19.75,3000,20.2,1000,0,43000
VOLTAS30Jan20660PE.NFO,07/01/2020,10:35:20,20.05,19.75,3000,20.15,1000,0,43000
VOLTAS30Jan20660PE.NFO,07/01/2020,10:36:11,20.05,19.65,1000,20.05,1000,0,43000
VOLTAS30Jan20660PE.NFO,07/01/2020,10:36:27,20.05,19.65,2000,20.05,1000,0,43000
VOLTAS30Jan20660PE.NFO,07/01/2020,10:36:37,20.05,19.75,1000,20.4,1000,0,43000
VOLTAS30Jan20660PE.NFO,07/01/2020,10:36:40,20.05,19.75,1000,20.15,1000,0,43000
VOLTAS30Jan20660PE.NFO,07/01/2020,10:36:56,20.05,19.75,1000,20.1,1000,0,43000
VOLTAS30Jan20660PE.NFO,07/01/2020,10:37:08,20.05,19.7,1000,20.1,1000,0,43000
VOLTAS30Jan20660PE.NFO,07/01/2020,10:37:11,20.05,19.75,1000,20.1,1000,0,43000
VOLTAS30Jan20660PE.NFO,07/01/2020,10:37:22,20.05,19.7,2000,20.1,1000,0,43000
VOLTAS30Jan20660PE.NFO,07/01/2020,10:37:48,20.05,19.75,1000,20.1,1000,0,43000
VOLTAS30Jan20660PE.NFO,07/01/2020,10:37:55,20.05,19.7,1000,20.1,1000,0,43000
VOLTAS30Jan20660PE.NFO,07/01/2020,10:38:06,20.05,19.75,1000,20.1,1000,0,43000
VOLTAS30Jan20660PE.NFO,07/01/2020,10:38:08,20.05,19.7,1000,20.1,1000,0,43000
VOLTAS30Jan20660PE.NFO,07/01/2020,10:38:11,20.05,19.75,1000,20.1,1000,0,43000
VOLTAS30Jan20660PE.NFO,07/01/2020,10:38:14,20.05,19.7,1000,20.05,1000,0,43000
VOLTAS30Jan20660PE.NFO,07/01/2020,10:38:18,20.05,19.7,2000,20.05,1000,0,43000
VOLTAS30Jan20660PE.NFO,07/01/2020,10:38:55,20.05,19.7,1000,20.05,1000,0,43000
VOLTAS30Jan20660PE.NFO,07/01/2020,10:39:07,20.05,19.75,1000,20.15,2000,0,43000
VOLTAS30Jan20660PE.NFO,07/01/2020,10:39:15,20.05,19.9,3000,20.35,2000,0,43000
VOLTAS30Jan20660PE.NFO,07/01/2020,10:39:20,20.05,20,1000,20.6,1000,0,43000
VOLTAS30Jan20660PE.NFO,07/01/2020,10:39:24,20.05,20,1000,20.4,1000,0,43000
VOLTAS30Jan20660PE.NFO,07/01/2020,10:39:28,20.05,19.9,1000,20.25,1000,0,43000
VOLTAS30Jan20660PE.NFO,07/01/2020,10:39:34,20.05,19.9,2000,20.3,1000,0,43000
VOLTAS30Jan20660PE.NFO,07/01/2020,10:39:41,20.05,19.9,3000,20.3,1000,0,43000
VOLTAS30Jan20660PE.NFO,07/01/2020,10:39:51,20.05,19.9,3000,20.35,1000,0,43000
VOLTAS30Jan20660PE.NFO,07/01/2020,10:39:54,20.05,19.8,2000,20.25,1000,0,43000
VOLTAS30Jan20660PE.NFO,07/01/2020,10:40:06,20.05,19.7,2000,20.15,1000,0,43000
VOLTAS30Jan20660PE.NFO,07/01/2020,10:40:12,20.05,19.75,3000,20.15,1000,0,43000
VOLTAS30Jan20660PE.NFO,07/01/2020,10:40:21,20.05,19.65,2000,20.15,1000,0,43000
VOLTAS30Jan20660PE.NFO,07/01/2020,10:40:25,20.05,19.65,1000,20.15,1000,0,43000
VOLTAS30Jan20660PE.NFO,07/01/2020,10:40:33,20.05,19.65,2000,20.15,1000,0,43000
VOLTAS30Jan20660PE.NFO,07/01/2020,10:41:18,20.05,19.5,3000,20.15,1000,0,43000
VOLTAS30Jan20660PE.NFO,07/01/2020,10:41:22,20.05,19.5,1000,20.05,1000,0,43000
VOLTAS30Jan20660PE.NFO,07/01/2020,10:41:28,20.05,19.5,1000,20.4,1000,0,43000
VOLTAS30Jan20660PE.NFO,07/01/2020,10:41:42,20.05,19.55,2000,20.5,1000,0,43000
VOLTAS30Jan20660PE.NFO,07/01/2020,10:41:46,20.05,19.55,2000,20.4,1000,0,43000
VOLTAS30Jan20660PE.NFO,07/01/2020,10:41:49,20.05,19.55,2000,20.35,1000,0,43000
VOLTAS30Jan20660PE.NFO,07/01/2020,10:41:53,20.05,19.6,1000,20.85,2000,0,43000
VOLTAS30Jan20660PE.NFO,07/01/2020,10:41:57,20.05,19.55,3000,20.55,3000,0,43000
VOLTAS30Jan20660PE.NFO,07/01/2020,10:42:01,20.05,19.55,3000,20.45,1000,0,43000
VOLTAS30Jan20660PE.NFO,07/01/2020,10:42:05,20.05,19.55,3000,20.4,1000,0,43000
VOLTAS30Jan20660PE.NFO,07/01/2020,10:42:36,20.05,19.65,1000,20.4,1000,0,43000
VOLTAS30Jan20660PE.NFO,07/01/2020,10:42:39,20.05,19.55,3000,20.4,1000,0,43000
VOLTAS30Jan20660PE.NFO,07/01/2020,10:42:52,20.05,19.6,2000,20.5,1000,0,43000
VOLTAS30Jan20660PE.NFO,07/01/2020,10:42:55,20.05,19.6,2000,20.35,1000,0,43000
VOLTAS30Jan20660PE.NFO,07/01/2020,10:42:57,20.05,19.6,2000,20.3,1000,0,43000
VOLTAS30Jan20660PE.NFO,07/01/2020,10:43:02,20.05,19.65,1000,20.3,1000,0,43000
VOLTAS30Jan20660PE.NFO,07/01/2020,10:43:06,20.05,19.6,2000,20.05,1000,0,43000
VOLTAS30Jan20660PE.NFO,07/01/2020,10:43:22,20.05,19.65,1000,20.05,1000,0,43000
VOLTAS30Jan20660PE.NFO,07/01/2020,10:43:44,20.05,19.55,2000,19.95,1000,0,43000
VOLTAS30Jan20660PE.NFO,07/01/2020,10:43:48,20.05,19.5,2000,19.95,1000,0,43000
VOLTAS30Jan20660PE.NFO,07/01/2020,10:44:03,20.05,19.5,1000,19.95,1000,0,43000
VOLTAS30Jan20660PE.NFO,07/01/2020,10:44:27,20.05,19.5,3000,19.95,1000,0,43000
VOLTAS30Jan20660PE.NFO,07/01/2020,10:45:02,20.05,19.55,2000,20,1000,0,43000
VOLTAS30Jan20660PE.NFO,07/01/2020,10:45:07,20.05,19.65,1000,20.05,1000,0,43000
VOLTAS30Jan20660PE.NFO,07/01/2020,10:45:12,20.05,19.6,1000,20.05,1000,0,43000
VOLTAS30Jan20660PE.NFO,07/01/2020,10:45:17,20.05,19.65,1000,20.05,1000,0,43000
VOLTAS30Jan20660PE.NFO,07/01/2020,10:45:22,20.05,19.6,1000,20.05,1000,0,43000
VOLTAS30Jan20660PE.NFO,07/01/2020,10:45:26,20.05,19.65,1000,20.05,1000,0,43000
VOLTAS30Jan20660PE.NFO,07/01/2020,10:45:39,20.05,19.6,2000,20.05,1000,0,43000
VOLTAS30Jan20660PE.NFO,07/01/2020,10:46:16,20.05,19.65,1000,20.05,1000,0,43000
VOLTAS30Jan20660PE.NFO,07/01/2020,10:46:20,20.05,19.6,2000,20.05,1000,0,43000
VOLTAS30Jan20660PE.NFO,07/01/2020,10:46:37,20.05,19.55,1000,20.05,1000,0,43000
VOLTAS30Jan20660PE.NFO,07/01/2020,10:46:40,20.05,19.55,3000,20.05,1000,0,43000
VOLTAS30Jan20660PE.NFO,07/01/2020,10:46:43,20.05,19.55,3000,20,1000,0,43000
VOLTAS30Jan20660PE.NFO,07/01/2020,10:46:49,20.05,19.55,3000,19.95,1000,0,43000
VOLTAS30Jan20660PE.NFO,07/01/2020,10:46:51,20.05,19.55,2000,19.95,1000,0,43000
VOLTAS30Jan20660PE.NFO,07/01/2020,10:46:54,20.05,19.6,1000,19.95,1000,0,43000
VOLTAS30Jan20660PE.NFO,07/01/2020,10:47:17,20.05,19.45,1000,19.85,1000,0,43000
VOLTAS30Jan20660PE.NFO,07/01/2020,10:47:23,20.05,19.45,1000,19.9,2000,0,43000
VOLTAS30Jan20660PE.NFO,07/01/2020,10:47:27,20.05,19.5,1000,19.9,2000,0,43000
VOLTAS30Jan20660PE.NFO,07/01/2020,10:47:31,20.05,19.55,2000,20,1000,0,43000
VOLTAS30Jan20660PE.NFO,07/01/2020,10:47:34,20.05,19.6,1000,20,1000,0,43000
VOLTAS30Jan20660PE.NFO,07/01/2020,10:47:46,20.05,19.6,2000,20,1000,0,43000
VOLTAS30Jan20660PE.NFO,07/01/2020,10:48:18,20.05,19.6,1000,20,1000,0,43000
VOLTAS30Jan20660PE.NFO,07/01/2020,10:48:34,20.05,19.65,2000,20.05,2000,0,43000
VOLTAS30Jan20660PE.NFO,07/01/2020,10:48:40,20.05,19.65,1000,20.05,2000,0,43000
VOLTAS30Jan20660PE.NFO,07/01/2020,10:49:00,20.05,19.65,3000,20.05,2000,0,43000
VOLTAS30Jan20660PE.NFO,07/01/2020,10:49:30,20.05,19.8,1000,20.05,1000,0,43000
VOLTAS30Jan20660PE.NFO,07/01/2020,10:49:36,20.05,19.65,1000,20.05,2000,0,43000
VOLTAS30Jan20660PE.NFO,07/01/2020,10:49:45,20.05,19.65,2000,20.05,2000,0,43000
VOLTAS30Jan20660PE.NFO,07/01/2020,10:50:02,20.05,19.65,1000,20,1000,0,43000
VOLTAS30Jan20660PE.NFO,07/01/2020,10:50:24,20.05,19.6,2000,20,1000,0,43000
VOLTAS30Jan20660PE.NFO,07/01/2020,10:50:34,20.05,19.75,2000,20.1,1000,0,43000
VOLTAS30Jan20660PE.NFO,07/01/2020,10:50:40,20.05,19.75,1000,20.1,1000,0,43000
VOLTAS30Jan20660PE.NFO,07/01/2020,10:51:50,20.05,19.65,1000,20.05,2000,0,43000
VOLTAS30Jan20660PE.NFO,07/01/2020,10:52:06,20.05,19.65,3000,20.05,2000,0,43000
VOLTAS30Jan20660PE.NFO,07/01/2020,10:52:11,20.05,19.65,1000,20,1000,0,43000
VOLTAS30Jan20660PE.NFO,07/01/2020,10:52:16,20.05,19.7,2000,20.05,1000,0,43000
VOLTAS30Jan20660PE.NFO,07/01/2020,10:52:59,20.05,19.7,2000,20.1,1000,0,43000
VOLTAS30Jan20660PE.NFO,07/01/2020,10:53:06,20.05,19.75,1000,20.15,2000,0,43000
VOLTAS30Jan20660PE.NFO,07/01/2020,10:53:25,20.05,19.75,1000,20.1,1000,0,43000
VOLTAS30Jan20660PE.NFO,07/01/2020,10:53:47,20.05,19.8,1000,20.3,1000,0,43000
VOLTAS30Jan20660PE.NFO,07/01/2020,10:53:54,20.05,19.9,1000,20.55,2000,0,43000
VOLTAS30Jan20660PE.NFO,07/01/2020,10:54:01,20.05,19.9,1000,20.3,1000,0,43000
VOLTAS30Jan20660PE.NFO,07/01/2020,10:54:06,20.05,19.9,1000,20.35,1000,0,43000
VOLTAS30Jan20660PE.NFO,07/01/2020,10:54:12,20.05,19.9,1000,20.45,1000,0,43000
VOLTAS30Jan20660PE.NFO,07/01/2020,10:54:18,20.05,19.9,1000,20.4,1000,0,43000
VOLTAS30Jan20660PE.NFO,07/01/2020,10:54:29,20.05,19.9,2000,20.55,2000,0,43000
VOLTAS30Jan20660PE.NFO,07/01/2020,10:54:38,20.05,19.9,2000,20.75,2000,0,43000
VOLTAS30Jan20660PE.NFO,07/01/2020,10:54:43,20.05,19.75,2000,20.75,2000,0,43000
VOLTAS30Jan20660PE.NFO,07/01/2020,10:54:48,20.05,19.65,1000,21.05,2000,0,43000
VOLTAS30Jan20660PE.NFO,07/01/2020,10:54:52,20.05,19.6,2000,20.45,2000,0,43000
VOLTAS30Jan20660PE.NFO,07/01/2020,10:54:57,20.05,19.6,2000,20.4,1000,0,43000
VOLTAS30Jan20660PE.NFO,07/01/2020,10:55:01,20.05,19.7,1000,20.9,2000,0,43000
VOLTAS30Jan20660PE.NFO,07/01/2020,10:55:05,20.05,19.65,1000,20.4,2000,0,43000
VOLTAS30Jan20660PE.NFO,07/01/2020,10:55:10,20.05,19.65,1000,20.35,1000,0,43000
VOLTAS30Jan20660PE.NFO,07/01/2020,10:55:15,20.05,19.65,2000,20.6,2000,0,43000
VOLTAS30Jan20660PE.NFO,07/01/2020,10:55:19,20.05,19.55,3000,20.75,2000,0,43000
VOLTAS30Jan20660PE.NFO,07/01/2020,10:55:23,20.05,19.55,3000,20.5,1000,0,43000
VOLTAS30Jan20660PE.NFO,07/01/2020,10:55:28,20.05,19.65,1000,20.8,2000,0,43000
VOLTAS30Jan20660PE.NFO,07/01/2020,10:55:33,20.05,19.65,1000,21,2000,0,43000
VOLTAS30Jan20660PE.NFO,07/01/2020,10:55:39,20.05,19.65,1000,20.35,1000,0,43000
VOLTAS30Jan20660PE.NFO,07/01/2020,10:55:53,20.05,19.65,2000,20.5,2000,0,43000
VOLTAS30Jan20660PE.NFO,07/01/2020,10:55:57,20.05,19.65,2000,20.6,2000,0,43000
VOLTAS30Jan20660PE.NFO,07/01/2020,10:56:02,20.05,19.65,1000,20.6,2000,0,43000
VOLTAS30Jan20660PE.NFO,07/01/2020,10:56:07,20.05,19.65,1000,20.75,2000,0,43000
VOLTAS30Jan20660PE.NFO,07/01/2020,10:56:13,20.05,19.65,1000,20.4,1000,0,43000
VOLTAS30Jan20660PE.NFO,07/01/2020,10:57:04,20.05,19.7,1000,20.7,2000,0,43000
VOLTAS30Jan20660PE.NFO,07/01/2020,10:57:08,20.05,19.7,1000,20.6,2000,0,43000
VOLTAS30Jan20660PE.NFO,07/01/2020,10:57:21,20.05,19.8,1000,20.4,1000,0,43000
VOLTAS30Jan20660PE.NFO,07/01/2020,10:57:28,20.05,19.8,1000,20.6,1000,0,43000
VOLTAS30Jan20660PE.NFO,07/01/2020,10:57:35,20.05,19.8,1000,20.5,1000,0,43000
VOLTAS30Jan20660PE.NFO,07/01/2020,10:57:46,20.05,19.8,1000,20.55,2000,0,43000
VOLTAS30Jan20660PE.NFO,07/01/2020,10:57:56,20.05,19.85,1000,20.9,2000,0,43000
VOLTAS30Jan20660PE.NFO,07/01/2020,10:58:01,20.05,19.85,1000,20.5,2000,0,43000
VOLTAS30Jan20660PE.NFO,07/01/2020,10:58:06,20.05,19.85,1000,20.8,2000,0,43000
VOLTAS30Jan20660PE.NFO,07/01/2020,10:58:11,20.05,19.85,1000,20.7,2000,0,43000
VOLTAS30Jan20660PE.NFO,07/01/2020,10:58:16,20.05,19.9,1000,20.7,1000,0,43000
VOLTAS30Jan20660PE.NFO,07/01/2020,10:58:22,20.05,19.95,1000,20.95,2000,0,43000
VOLTAS30Jan20660PE.NFO,07/01/2020,10:58:27,20.05,19.95,1000,21.3,4000,0,43000
VOLTAS30Jan20660PE.NFO,07/01/2020,10:58:32,20.05,19.95,1000,20.75,2000,0,43000
VOLTAS30Jan20660PE.NFO,07/01/2020,10:58:38,20.05,19.95,1000,21,2000,0,43000
VOLTAS30Jan20660PE.NFO,07/01/2020,10:58:43,20.05,19.95,1000,20.7,2000,0,43000
VOLTAS30Jan20660PE.NFO,07/01/2020,10:58:49,20.05,19.95,1000,20.65,1000,0,43000
VOLTAS30Jan20660PE.NFO,07/01/2020,10:58:55,20.05,19.95,1000,20.75,2000,0,43000
VOLTAS30Jan20660PE.NFO,07/01/2020,10:59:00,20.05,19.95,1000,20.7,2000,0,43000
VOLTAS30Jan20660PE.NFO,07/01/2020,10:59:06,20.05,19.95,1000,20.8,2000,0,43000
VOLTAS30Jan20660PE.NFO,07/01/2020,10:59:12,20.05,20,1000,20.8,2000,0,43000
VOLTAS30Jan20660PE.NFO,07/01/2020,10:59:16,20.05,20,1000,20.9,2000,0,43000
VOLTAS30Jan20660PE.NFO,07/01/2020,10:59:21,20.05,19.95,1000,21.1,2000,0,43000
VOLTAS30Jan20660PE.NFO,07/01/2020,10:59:26,20.05,19.95,1000,21.4,5000,0,43000
VOLTAS30Jan20660PE.NFO,07/01/2020,10:59:32,20.05,20,1000,21.1,2000,0,43000
VOLTAS30Jan20660PE.NFO,07/01/2020,10:59:37,20.05,20,1000,21.2,2000,0,43000
VOLTAS30Jan20660PE.NFO,07/01/2020,10:59:43,20.05,19.8,1000,20.75,1000,1000,43000
VOLTAS30Jan20660PE.NFO,07/01/2020,10:59:49,20.05,19.8,4000,20.85,1000,0,43000
VOLTAS30Jan20660PE.NFO,07/01/2020,10:59:54,20.05,19.8,4000,20.95,1000,0,43000
VOLTAS30Jan20660PE.NFO,07/01/2020,10:59:59,20.05,19.8,3000,21.15,1000,0,43000
VOLTAS30Jan20660PE.NFO,07/01/2020,11:00:25,20.05,19.8,2000,21.1,2000,0,43000
VOLTAS30Jan20660PE.NFO,07/01/2020,11:00:31,20.05,19.8,3000,21.1,2000,0,43000
VOLTAS30Jan20660PE.NFO,07/01/2020,11:00:52,20.05,20,2000,21.45,2000,0,43000
VOLTAS30Jan20660PE.NFO,07/01/2020,11:00:59,20.05,20,1000,21.4,1000,0,43000
VOLTAS30Jan20660PE.NFO,07/01/2020,11:01:36,20.05,20,1000,21.3,2000,0,43000
VOLTAS30Jan20660PE.NFO,07/01/2020,11:01:53,20.05,20,1000,21.2,2000,0,43000
VOLTAS30Jan20660PE.NFO,07/01/2020,11:04:25,20.05,20.1,1000,21.6,2000,0,43000
VOLTAS30Jan20660PE.NFO,07/01/2020,11:04:31,20.05,20.1,1000,21.5,2000,0,43000
VOLTAS30Jan20660PE.NFO,07/01/2020,11:04:38,20.05,20.1,3000,21.4,2000,0,43000
VOLTAS30Jan20660PE.NFO,07/01/2020,11:04:45,20.05,20.1,1000,21.4,2000,0,43000
VOLTAS30Jan20660PE.NFO,07/01/2020,11:05:13,20.05,20.1,3000,21.55,2000,0,43000
VOLTAS30Jan20660PE.NFO,07/01/2020,11:05:26,20.1,19.85,1000,21.15,1000,1000,42000
VOLTAS30Jan20660PE.NFO,07/01/2020,11:05:26,20.1,19.85,1000,21.15,1000,0,42000
VOLTAS30Jan20660PE.NFO,07/01/2020,11:05:32,20.1,19.8,1000,21,1000,0,42000
VOLTAS30Jan20660PE.NFO,07/01/2020,11:05:52,20.1,19.7,2000,20.95,1000,0,42000
VOLTAS30Jan20660PE.NFO,07/01/2020,11:06:06,20.1,19.7,2000,21.1,3000,0,42000
VOLTAS30Jan20660PE.NFO,07/01/2020,11:06:19,20.1,19.75,1000,20.75,1000,0,42000
VOLTAS30Jan20660PE.NFO,07/01/2020,11:06:26,20.1,19.75,1000,20.35,1000,0,42000
VOLTAS30Jan20660PE.NFO,07/01/2020,11:06:32,20.1,19.9,1000,20.45,1000,0,42000
VOLTAS30Jan20660PE.NFO,07/01/2020,11:06:37,20.1,19.9,2000,20.35,1000,0,42000
VOLTAS30Jan20660PE.NFO,07/01/2020,11:07:04,20.1,19.9,1000,20.35,1000,0,42000
VOLTAS30Jan20660PE.NFO,07/01/2020,11:07:20,20.1,19.9,2000,20.35,1000,0,42000
VOLTAS30Jan20660PE.NFO,07/01/2020,11:07:30,20.1,20,1000,20.4,1000,0,42000
VOLTAS30Jan20660PE.NFO,07/01/2020,11:07:35,20.1,19.9,1000,20.4,1000,0,42000
VOLTAS30Jan20660PE.NFO,07/01/2020,11:07:41,20.1,19.85,1000,20.3,1000,0,42000
VOLTAS30Jan20660PE.NFO,07/01/2020,11:07:46,20.1,19.9,1000,20.4,1000,0,42000
VOLTAS30Jan20660PE.NFO,07/01/2020,11:07:51,20.1,20,1000,20.4,1000,0,42000
VOLTAS30Jan20660PE.NFO,07/01/2020,11:07:56,20.1,20,1000,20.75,1000,0,42000
VOLTAS30Jan20660PE.NFO,07/01/2020,11:08:00,20.1,20,1000,20.45,1000,0,42000
VOLTAS30Jan20660PE.NFO,07/01/2020,11:08:05,20.1,19.9,3000,20.35,1000,0,42000
VOLTAS30Jan20660PE.NFO,07/01/2020,11:09:39,20.1,20,3000,20.55,1000,0,42000
VOLTAS30Jan20660PE.NFO,07/01/2020,11:09:44,20.1,20,1000,20.45,1000,0,42000
VOLTAS30Jan20660PE.NFO,07/01/2020,11:09:48,20.1,19.9,3000,20.45,2000,0,42000
VOLTAS30Jan20660PE.NFO,07/01/2020,11:10:00,20.1,19.9,1000,20.35,1000,0,42000
VOLTAS30Jan20660PE.NFO,07/01/2020,11:10:05,20.1,20,2000,20.45,1000,0,42000
VOLTAS30Jan20660PE.NFO,07/01/2020,11:10:10,20.1,20,1000,20.45,1000,0,42000
VOLTAS30Jan20660PE.NFO,07/01/2020,11:10:15,20.1,19.9,1000,20.35,1000,0,42000
VOLTAS30Jan20660PE.NFO,07/01/2020,11:10:32,20.1,19.9,2000,20.35,1000,0,42000
VOLTAS30Jan20660PE.NFO,07/01/2020,11:11:15,20.1,19.95,2000,20.55,1000,0,42000
VOLTAS30Jan20660PE.NFO,07/01/2020,11:11:22,20.1,19.75,1000,20.15,1000,0,42000
VOLTAS30Jan20660PE.NFO,07/01/2020,11:11:30,20.1,19.8,1000,20.2,1000,0,42000
VOLTAS30Jan20660PE.NFO,07/01/2020,11:11:38,20.1,19.75,1000,20.2,1000,0,42000
VOLTAS30Jan20660PE.NFO,07/01/2020,11:11:52,20.1,19.75,1000,20.1,1000,0,42000
VOLTAS30Jan20660PE.NFO,07/01/2020,11:11:58,20.1,19.75,2000,20.2,1000,0,42000
VOLTAS30Jan20660PE.NFO,07/01/2020,11:12:06,20.1,19.75,3000,20.2,1000,0,42000
VOLTAS30Jan20660PE.NFO,07/01/2020,11:12:14,20.1,19.75,1000,20.15,1000,0,42000
VOLTAS30Jan20660PE.NFO,07/01/2020,11:12:26,20.1,19.75,2000,20.2,1000,0,42000
VOLTAS30Jan20660PE.NFO,07/01/2020,11:12:38,20.1,19.8,5000,20.3,1000,0,42000
VOLTAS30Jan20660PE.NFO,07/01/2020,11:12:43,20.1,19.9,3000,20.35,2000,0,42000
VOLTAS30Jan20660PE.NFO,07/01/2020,11:12:59,20.1,19.95,1000,20.35,1000,0,42000
VOLTAS30Jan20660PE.NFO,07/01/2020,11:13:04,20.1,20,1000,20.35,1000,0,42000
VOLTAS30Jan20660PE.NFO,07/01/2020,11:13:21,20.1,20.05,1000,20.45,2000,0,42000
VOLTAS30Jan20660PE.NFO,07/01/2020,11:13:26,20.1,19.9,2000,20.3,1000,0,42000
VOLTAS30Jan20660PE.NFO,07/01/2020,11:13:50,20.1,19.9,1000,20.3,1000,0,42000
VOLTAS30Jan20660PE.NFO,07/01/2020,11:14:21,20.1,19.9,2000,20.3,1000,0,42000
VOLTAS30Jan20660PE.NFO,07/01/2020,11:14:35,20.1,19.9,2000,20.45,1000,0,42000
VOLTAS30Jan20660PE.NFO,07/01/2020,11:14:39,20.1,19.9,2000,20.35,1000,0,42000
VOLTAS30Jan20660PE.NFO,07/01/2020,11:14:49,20.1,19.9,2000,20.3,1000,0,42000
VOLTAS30Jan20660PE.NFO,07/01/2020,11:14:54,20.1,20,1000,20.45,1000,0,42000
VOLTAS30Jan20660PE.NFO,07/01/2020,11:14:59,20.1,20,2000,20.45,1000,0,42000
VOLTAS30Jan20660PE.NFO,07/01/2020,11:15:06,20.1,20,3000,20.45,1000,0,42000
VOLTAS30Jan20660PE.NFO,07/01/2020,11:15:18,20.1,20.15,3000,20.65,1000,0,42000
VOLTAS30Jan20660PE.NFO,07/01/2020,11:15:24,20.1,20.15,4000,20.65,1000,0,42000
VOLTAS30Jan20660PE.NFO,07/01/2020,11:16:26,20.1,20.15,2000,20.55,1000,0,42000
VOLTAS30Jan20660PE.NFO,07/01/2020,11:16:31,20.1,20.15,2000,21.1,1000,0,42000
VOLTAS30Jan20660PE.NFO,07/01/2020,11:16:36,20.1,20.15,2000,20.75,1000,0,42000
VOLTAS30Jan20660PE.NFO,07/01/2020,11:16:41,20.1,20.15,2000,20.65,2000,0,42000
VOLTAS30Jan20660PE.NFO,07/01/2020,11:16:46,20.1,20.25,2000,20.65,2000,0,42000
VOLTAS30Jan20660PE.NFO,07/01/2020,11:16:57,20.1,20.25,1000,20.65,2000,0,42000
VOLTAS30Jan20660PE.NFO,07/01/2020,11:17:02,20.1,20.3,2000,20.9,1000,0,42000
VOLTAS30Jan20660PE.NFO,07/01/2020,11:17:07,20.1,20.25,2000,20.65,1000,0,42000
VOLTAS30Jan20660PE.NFO,07/01/2020,11:17:41,20.1,20.25,1000,21,3000,0,42000
VOLTAS30Jan20660PE.NFO,07/01/2020,11:17:47,20.1,20.25,1000,20.6,1000,0,42000
VOLTAS30Jan20660PE.NFO,07/01/2020,11:17:52,20.1,20.15,2000,20.6,1000,0,42000
VOLTAS30Jan20660PE.NFO,07/01/2020,11:17:57,20.1,20.15,2000,20.6,2000,0,42000
VOLTAS30Jan20660PE.NFO,07/01/2020,11:18:02,20.1,20.15,2000,20.6,1000,0,42000
VOLTAS30Jan20660PE.NFO,07/01/2020,11:18:06,20.1,20.25,1000,20.6,1000,0,42000
VOLTAS30Jan20660PE.NFO,07/01/2020,11:18:11,20.1,20.3,2000,20.7,1000,0,42000
VOLTAS30Jan20660PE.NFO,07/01/2020,11:18:20,20.1,20.4,1000,20.75,1000,0,42000
VOLTAS30Jan20660PE.NFO,07/01/2020,11:18:29,20.1,20.4,1000,20.8,2000,0,42000
VOLTAS30Jan20660PE.NFO,07/01/2020,11:18:49,20.1,20.4,1000,20.8,1000,0,42000
VOLTAS30Jan20660PE.NFO,07/01/2020,11:18:55,20.1,20.35,1000,20.75,2000,0,42000
VOLTAS30Jan20660PE.NFO,07/01/2020,11:19:01,20.1,20.3,1000,20.65,1000,0,42000
VOLTAS30Jan20660PE.NFO,07/01/2020,11:19:28,20.1,20.5,1000,20.9,1000,0,42000
VOLTAS30Jan20660PE.NFO,07/01/2020,11:19:35,20.1,20.45,2000,20.9,1000,0,42000
VOLTAS30Jan20660PE.NFO,07/01/2020,11:19:40,20.1,20.45,2000,20.85,1000,0,42000
VOLTAS30Jan20660PE.NFO,07/01/2020,11:20:04,20.1,20.45,2000,20.85,2000,0,42000
VOLTAS30Jan20660PE.NFO,07/01/2020,11:20:10,20.1,20.5,1000,20.85,2000,0,42000
VOLTAS30Jan20660PE.NFO,07/01/2020,11:20:16,20.1,20.45,2000,20.85,2000,0,42000
VOLTAS30Jan20660PE.NFO,07/01/2020,11:20:26,20.1,20.35,2000,20.85,2000,0,42000
VOLTAS30Jan20660PE.NFO,07/01/2020,11:20:32,20.1,20.3,2000,20.85,2000,0,42000
VOLTAS30Jan20660PE.NFO,07/01/2020,11:21:15,20.1,20.3,1000,20.7,1000,0,42000
VOLTAS30Jan20660PE.NFO,07/01/2020,11:21:28,20.1,20.3,3000,20.7,1000,0,42000
VOLTAS30Jan20660PE.NFO,07/01/2020,11:21:40,20.1,20.3,2000,20.7,1000,0,42000
VOLTAS30Jan20660PE.NFO,07/01/2020,11:21:58,20.1,20.3,3000,20.7,1000,0,42000
VOLTAS30Jan20660PE.NFO,07/01/2020,11:22:03,20.1,20.3,2000,20.7,1000,0,42000
VOLTAS30Jan20660PE.NFO,07/01/2020,11:22:53,20.1,20.3,1000,20.7,1000,0,42000
VOLTAS30Jan20660PE.NFO,07/01/2020,11:23:31,20.1,20.2,2000,20.65,2000,0,42000
VOLTAS30Jan20660PE.NFO,07/01/2020,11:23:40,20.1,20.2,2000,20.7,1000,0,42000
VOLTAS30Jan20660PE.NFO,07/01/2020,11:23:45,20.1,20.25,1000,20.65,1000,0,42000
VOLTAS30Jan20660PE.NFO,07/01/2020,11:23:57,20.1,20.2,2000,20.6,1000,0,42000
VOLTAS30Jan20660PE.NFO,07/01/2020,11:24:02,20.1,20.15,1000,20.5,1000,0,42000
VOLTAS30Jan20660PE.NFO,07/01/2020,11:24:12,20.1,20,1000,20.45,1000,0,42000
VOLTAS30Jan20660PE.NFO,07/01/2020,11:24:57,20.1,20,2000,20.5,1000,0,42000
VOLTAS30Jan20660PE.NFO,07/01/2020,11:25:02,20.1,20,2000,20.45,1000,0,42000
VOLTAS30Jan20660PE.NFO,07/01/2020,11:25:58,20.1,20,2000,20.4,1000,0,42000
VOLTAS30Jan20660PE.NFO,07/01/2020,11:26:16,20.1,20,1000,20.4,1000,0,42000
VOLTAS30Jan20660PE.NFO,07/01/2020,11:26:18,20.1,20,2000,20.4,1000,0,42000
VOLTAS30Jan20660PE.NFO,07/01/2020,11:26:21,20.1,20,1000,20.4,1000,0,42000
VOLTAS30Jan20660PE.NFO,07/01/2020,11:26:33,20.1,20,1000,20.3,1000,0,42000
VOLTAS30Jan20660PE.NFO,07/01/2020,11:27:31,20.1,19.95,1000,20.3,1000,0,42000
VOLTAS30Jan20660PE.NFO,07/01/2020,11:28:55,20.1,19.9,1000,20.3,1000,0,42000
VOLTAS30Jan20660PE.NFO,07/01/2020,11:29:07,20.1,19.9,1000,20.45,1000,0,42000
VOLTAS30Jan20660PE.NFO,07/01/2020,11:29:12,20.1,19.95,1000,20.3,1000,0,42000
VOLTAS30Jan20660PE.NFO,07/01/2020,11:29:33,20.1,19.85,1000,20.2,1000,0,42000
VOLTAS30Jan20660PE.NFO,07/01/2020,11:29:37,20.1,19.8,2000,20.3,1000,0,42000
VOLTAS30Jan20660PE.NFO,07/01/2020,11:30:14,20.1,19.7,2000,20.25,1000,0,42000
VOLTAS30Jan20660PE.NFO,07/01/2020,11:30:23,20.1,19.7,1000,20.25,1000,0,42000
VOLTAS30Jan20660PE.NFO,07/01/2020,11:30:28,20.1,19.45,2000,19.95,1000,0,42000
VOLTAS30Jan20660PE.NFO,07/01/2020,11:30:32,20.1,19.6,1000,20,2000,0,42000
VOLTAS30Jan20660PE.NFO,07/01/2020,11:30:35,20.1,19.5,1000,19.95,1000,0,42000
VOLTAS30Jan20660PE.NFO,07/01/2020,11:30:45,20.1,19.55,2000,19.95,1000,0,42000
VOLTAS30Jan20660PE.NFO,07/01/2020,11:30:47,20.1,19.55,1000,19.95,1000,0,42000
VOLTAS30Jan20660PE.NFO,07/01/2020,11:31:07,20.1,19.8,1000,20.25,1000,0,42000
VOLTAS30Jan20660PE.NFO,07/01/2020,11:31:13,20.1,19.8,1000,20.15,1000,0,42000
VOLTAS30Jan20660PE.NFO,07/01/2020,11:31:18,20.1,19.75,2000,20.2,1000,0,42000
VOLTAS30Jan20660PE.NFO,07/01/2020,11:31:22,20.1,19.75,2000,20.15,1000,0,42000
VOLTAS30Jan20660PE.NFO,07/01/2020,11:31:27,20.1,19.8,1000,20.15,1000,0,42000
VOLTAS30Jan20660PE.NFO,07/01/2020,11:31:36,20.1,19.75,1000,20.15,1000,0,42000
VOLTAS30Jan20660PE.NFO,07/01/2020,11:31:49,20.1,19.65,1000,20.1,1000,0,42000
VOLTAS30Jan20660PE.NFO,07/01/2020,11:32:01,20.1,19.55,1000,20,2000,0,42000
VOLTAS30Jan20660PE.NFO,07/01/2020,11:32:50,20.1,19.5,2000,20,3000,0,42000
VOLTAS30Jan20660PE.NFO,07/01/2020,11:33:09,20.1,19.5,1000,20,3000,0,42000
VOLTAS30Jan20660PE.NFO,07/01/2020,11:33:25,20.1,19.55,1000,19.95,1000,0,42000
VOLTAS30Jan20660PE.NFO,07/01/2020,11:33:29,20.1,19.55,1000,19.9,1000,0,42000
VOLTAS30Jan20660PE.NFO,07/01/2020,11:33:32,20.1,19.3,1000,19.65,1000,0,42000
VOLTAS30Jan20660PE.NFO,07/01/2020,11:33:36,20.1,19.3,1000,19.6,1000,0,42000
VOLTAS30Jan20660PE.NFO,07/01/2020,11:33:41,20.1,19.4,1000,19.7,1000,0,42000
VOLTAS30Jan20660PE.NFO,07/01/2020,11:33:58,20.1,19.35,1000,19.7,1000,0,42000
VOLTAS30Jan20660PE.NFO,07/01/2020,11:34:12,20.1,19.3,2000,19.65,1000,0,42000
VOLTAS30Jan20660PE.NFO,07/01/2020,11:34:19,20.1,19.4,1000,19.9,1000,0,42000
VOLTAS30Jan20660PE.NFO,07/01/2020,11:34:25,20.1,19.5,2000,19.85,1000,0,42000
VOLTAS30Jan20660PE.NFO,07/01/2020,11:34:50,20.1,19.55,3000,20.05,1000,0,42000
VOLTAS30Jan20660PE.NFO,07/01/2020,11:34:56,20.1,19.55,2000,19.95,1000,0,42000
VOLTAS30Jan20660PE.NFO,07/01/2020,11:35:08,20.1,19.5,1000,19.95,2000,0,42000
VOLTAS30Jan20660PE.NFO,07/01/2020,11:35:15,20.1,19.5,1000,19.85,1000,0,42000
VOLTAS30Jan20660PE.NFO,07/01/2020,11:35:21,20.1,19.3,2000,19.75,1000,0,42000
VOLTAS30Jan20660PE.NFO,07/01/2020,11:35:39,20.1,19.4,1000,19.75,1000,0,42000
VOLTAS30Jan20660PE.NFO,07/01/2020,11:35:45,20.1,19.4,3000,19.9,2000,0,42000
VOLTAS30Jan20660PE.NFO,07/01/2020,11:35:51,20.1,19.5,1000,19.9,2000,0,42000
VOLTAS30Jan20660PE.NFO,07/01/2020,11:35:56,20.1,19.4,1000,19.85,2000,0,42000
VOLTAS30Jan20660PE.NFO,07/01/2020,11:36:01,20.1,19.4,2000,19.85,2000,0,42000
VOLTAS30Jan20660PE.NFO,07/01/2020,11:36:11,20.1,19.3,2000,19.85,2000,0,42000
VOLTAS30Jan20660PE.NFO,07/01/2020,11:36:20,20.1,19.4,1000,19.75,1000,0,42000
VOLTAS30Jan20660PE.NFO,07/01/2020,11:36:26,20.1,19.4,4000,19.8,1000,0,42000
VOLTAS30Jan20660PE.NFO,07/01/2020,11:36:31,20.1,19.4,1000,19.8,1000,0,42000
VOLTAS30Jan20660PE.NFO,07/01/2020,11:36:36,20.1,19.55,1000,19.8,1000,0,42000
VOLTAS30Jan20660PE.NFO,07/01/2020,11:36:47,20.1,19.5,1000,19.8,1000,0,42000
VOLTAS30Jan20660PE.NFO,07/01/2020,11:36:53,20.1,19.55,2000,19.95,1000,0,42000
VOLTAS30Jan20660PE.NFO,07/01/2020,11:37:00,20.1,19.55,3000,19.95,1000,0,42000
VOLTAS30Jan20660PE.NFO,07/01/2020,11:37:21,20.1,19.5,2000,19.9,1000,0,42000
VOLTAS30Jan20660PE.NFO,07/01/2020,11:37:39,20.1,19.5,1000,19.9,1000,0,42000
VOLTAS30Jan20660PE.NFO,07/01/2020,11:37:45,20.1,19.45,2000,19.9,1000,0,42000
VOLTAS30Jan20660PE.NFO,07/01/2020,11:37:50,20.1,19.55,1000,19.9,1000,0,42000
VOLTAS30Jan20660PE.NFO,07/01/2020,11:37:58,20.1,19.5,1000,19.9,1000,0,42000
VOLTAS30Jan20660PE.NFO,07/01/2020,11:38:01,20.1,19.4,1000,19.9,1000,0,42000
VOLTAS30Jan20660PE.NFO,07/01/2020,11:38:04,20.1,19.5,1000,19.9,1000,0,42000
VOLTAS30Jan20660PE.NFO,07/01/2020,11:38:08,20.1,19.4,2000,19.9,1000,0,42000
VOLTAS30Jan20660PE.NFO,07/01/2020,11:38:12,20.1,19.4,1000,19.9,1000,0,42000
VOLTAS30Jan20660PE.NFO,07/01/2020,11:38:21,20.1,19.4,1000,19.8,2000,0,42000
VOLTAS30Jan20660PE.NFO,07/01/2020,11:38:33,20.1,19.45,2000,19.8,1000,0,42000
VOLTAS30Jan20660PE.NFO,07/01/2020,11:38:37,20.1,19.5,1000,19.8,1000,0,42000
VOLTAS30Jan20660PE.NFO,07/01/2020,11:38:40,20.1,19.45,2000,19.8,1000,0,42000
VOLTAS30Jan20660PE.NFO,07/01/2020,11:38:43,20.1,19.55,1000,19.8,1000,0,42000
VOLTAS30Jan20660PE.NFO,07/01/2020,11:38:47,20.1,19.55,1000,19.85,1000,0,42000
VOLTAS30Jan20660PE.NFO,07/01/2020,11:38:51,20.1,19.45,2000,19.75,1000,0,42000
VOLTAS30Jan20660PE.NFO,07/01/2020,11:38:55,20.1,19.5,1000,19.75,1000,0,42000
VOLTAS30Jan20660PE.NFO,07/01/2020,11:38:59,20.1,19.35,2000,19.8,1000,0,42000
VOLTAS30Jan20660PE.NFO,07/01/2020,11:39:02,20.1,19.45,1000,19.75,1000,0,42000
VOLTAS30Jan20660PE.NFO,07/01/2020,11:39:06,20.1,19.35,1000,19.8,1000,0,42000
VOLTAS30Jan20660PE.NFO,07/01/2020,11:39:09,20.1,19.5,2000,19.9,1000,0,42000
VOLTAS30Jan20660PE.NFO,07/01/2020,11:39:25,20.1,19.55,2000,19.9,1000,0,42000
VOLTAS30Jan20660PE.NFO,07/01/2020,11:39:30,20.1,19.5,1000,19.85,1000,0,42000
VOLTAS30Jan20660PE.NFO,07/01/2020,11:39:35,20.1,19.4,2000,19.9,3000,0,42000
VOLTAS30Jan20660PE.NFO,07/01/2020,11:39:40,20.1,19.5,2000,19.9,1000,0,42000
VOLTAS30Jan20660PE.NFO,07/01/2020,11:39:51,20.1,19.55,1000,19.9,1000,0,42000
VOLTAS30Jan20660PE.NFO,07/01/2020,11:39:59,20.1,19.65,1000,20,1000,0,42000
VOLTAS30Jan20660PE.NFO,07/01/2020,11:40:06,20.1,19.6,1000,19.95,1000,0,42000
VOLTAS30Jan20660PE.NFO,07/01/2020,11:40:11,20.1,19.6,3000,19.95,1000,0,42000
VOLTAS30Jan20660PE.NFO,07/01/2020,11:40:16,20.1,19.55,2000,19.95,1000,0,42000
VOLTAS30Jan20660PE.NFO,07/01/2020,11:40:21,20.1,19.6,1000,20,1000,0,42000
VOLTAS30Jan20660PE.NFO,07/01/2020,11:40:30,20.1,19.7,1000,20,1000,0,42000
VOLTAS30Jan20660PE.NFO,07/01/2020,11:40:34,20.1,19.7,1000,20.05,1000,0,42000
VOLTAS30Jan20660PE.NFO,07/01/2020,11:40:37,20.1,19.7,1000,20,1000,0,42000
VOLTAS30Jan20660PE.NFO,07/01/2020,11:40:49,20.1,19.6,2000,20.05,1000,0,42000
VOLTAS30Jan20660PE.NFO,07/01/2020,11:40:52,20.1,19.6,1000,20,1000,0,42000
VOLTAS30Jan20660PE.NFO,07/01/2020,11:40:55,20.1,19.65,1000,20,1000,0,42000
VOLTAS30Jan20660PE.NFO,07/01/2020,11:40:58,20.1,19.55,1000,20,1000,0,42000
VOLTAS30Jan20660PE.NFO,07/01/2020,11:41:01,20.1,19.55,4000,20,1000,0,42000
VOLTAS30Jan20660PE.NFO,07/01/2020,11:41:05,20.1,19.6,2000,20,1000,0,42000
VOLTAS30Jan20660PE.NFO,07/01/2020,11:41:09,20.1,19.55,2000,20,1000,0,42000
VOLTAS30Jan20660PE.NFO,07/01/2020,11:41:13,20.1,19.55,2000,20,2000,0,42000
VOLTAS30Jan20660PE.NFO,07/01/2020,11:41:18,20.1,19.5,1000,20,3000,0,42000
VOLTAS30Jan20660PE.NFO,07/01/2020,11:41:38,20.1,19.6,1000,20,2000,0,42000
VOLTAS30Jan20660PE.NFO,07/01/2020,11:42:05,20.1,19.55,1000,20,1000,0,42000
VOLTAS30Jan20660PE.NFO,07/01/2020,11:42:13,20.1,19.6,1000,20,1000,0,42000
VOLTAS30Jan20660PE.NFO,07/01/2020,11:42:39,20.1,19.6,1000,20.05,3000,0,42000
VOLTAS30Jan20660PE.NFO,07/01/2020,11:42:45,20.1,19.5,1000,20.05,3000,0,42000
VOLTAS30Jan20660PE.NFO,07/01/2020,11:42:53,20.1,19.6,1000,20.05,2000,0,42000
VOLTAS30Jan20660PE.NFO,07/01/2020,11:42:57,20.1,19.75,1000,20.15,1000,0,42000
VOLTAS30Jan20660PE.NFO,07/01/2020,11:43:22,20.1,19.65,2000,20.15,1000,0,42000
VOLTAS30Jan20660PE.NFO,07/01/2020,11:43:26,20.1,19.7,1000,20.45,2000,0,42000
VOLTAS30Jan20660PE.NFO,07/01/2020,11:43:29,20.1,19.7,1000,20.25,2000,0,42000
VOLTAS30Jan20660PE.NFO,07/01/2020,11:43:34,20.1,19.65,2000,20.15,2000,0,42000
VOLTAS30Jan20660PE.NFO,07/01/2020,11:43:38,20.1,19.65,2000,20.15,1000,0,42000
VOLTAS30Jan20660PE.NFO,07/01/2020,11:44:00,20.1,19.65,1000,20.15,1000,0,42000
VOLTAS30Jan20660PE.NFO,07/01/2020,11:44:40,20.1,19.45,2000,19.95,1000,0,42000
VOLTAS30Jan20660PE.NFO,07/01/2020,11:44:43,20.1,19.5,1000,19.95,1000,0,42000
VOLTAS30Jan20660PE.NFO,07/01/2020,11:44:47,20.1,19.55,1000,19.95,1000,0,42000
VOLTAS30Jan20660PE.NFO,07/01/2020,11:44:54,20.1,19.55,2000,19.95,1000,0,42000
VOLTAS30Jan20660PE.NFO,07/01/2020,11:44:58,20.1,19.5,1000,19.95,1000,0,42000
VOLTAS30Jan20660PE.NFO,07/01/2020,11:45:01,20.1,19.5,3000,19.95,1000,0,42000
VOLTAS30Jan20660PE.NFO,07/01/2020,11:45:08,20.1,19.5,4000,19.95,1000,0,42000
VOLTAS30Jan20660PE.NFO,07/01/2020,11:45:12,20.1,19.5,3000,19.95,1000,0,42000
VOLTAS30Jan20660PE.NFO,07/01/2020,11:45:40,20.1,19.45,1000,19.95,1000,0,42000
VOLTAS30Jan20660PE.NFO,07/01/2020,11:45:48,20.1,19.45,1000,19.9,1000,0,42000
VOLTAS30Jan20660PE.NFO,07/01/2020,11:45:53,20.1,19.5,1000,19.9,1000,0,42000
VOLTAS30Jan20660PE.NFO,07/01/2020,11:46:14,20.1,19.5,1000,19.95,1000,0,42000
VOLTAS30Jan20660PE.NFO,07/01/2020,11:46:31,20.1,19.5,1000,19.9,1000,0,42000
VOLTAS30Jan20660PE.NFO,07/01/2020,11:46:37,20.1,19.45,1000,19.9,1000,0,42000
VOLTAS30Jan20660PE.NFO,07/01/2020,11:46:41,20.1,19.5,1000,19.9,1000,0,42000
VOLTAS30Jan20660PE.NFO,07/01/2020,11:47:09,20.1,19.65,1000,20.05,1000,0,42000
VOLTAS30Jan20660PE.NFO,07/01/2020,11:47:17,20.1,19.6,1000,20.05,1000,0,42000
VOLTAS30Jan20660PE.NFO,07/01/2020,11:47:29,20.1,19.55,1000,20.05,1000,0,42000
VOLTAS30Jan20660PE.NFO,07/01/2020,11:47:40,20.1,19.65,1000,20,1000,0,42000
VOLTAS30Jan20660PE.NFO,07/01/2020,11:47:43,20.1,19.55,1000,20,1000,0,42000
VOLTAS30Jan20660PE.NFO,07/01/2020,11:48:00,20.1,19.55,2000,20,1000,0,42000
VOLTAS30Jan20660PE.NFO,07/01/2020,11:48:05,20.1,19.65,1000,20.1,1000,0,42000
VOLTAS30Jan20660PE.NFO,07/01/2020,11:48:09,20.1,19.65,2000,20.15,1000,0,42000
VOLTAS30Jan20660PE.NFO,07/01/2020,11:48:14,20.1,19.7,1000,20.1,1000,0,42000
VOLTAS30Jan20660PE.NFO,07/01/2020,11:48:40,20.1,19.7,1000,20.15,1000,0,42000
VOLTAS30Jan20660PE.NFO,07/01/2020,11:48:51,20.1,19.7,1000,20.1,1000,0,42000
VOLTAS30Jan20660PE.NFO,07/01/2020,11:48:59,20.1,19.65,1000,20.1,1000,0,42000
VOLTAS30Jan20660PE.NFO,07/01/2020,11:49:39,20.1,19.55,1000,20.1,2000,0,42000
VOLTAS30Jan20660PE.NFO,07/01/2020,11:49:42,20.1,19.5,1000,20.1,2000,0,42000
VOLTAS30Jan20660PE.NFO,07/01/2020,11:49:45,20.1,19.55,2000,20.1,2000,0,42000
VOLTAS30Jan20660PE.NFO,07/01/2020,11:49:48,20.1,19.55,1000,20.05,1000,0,42000
VOLTAS30Jan20660PE.NFO,07/01/2020,11:49:54,20.1,19.45,3000,19.95,1000,0,42000
VOLTAS30Jan20660PE.NFO,07/01/2020,11:49:57,20.1,19.5,1000,19.95,1000,0,42000
VOLTAS30Jan20660PE.NFO,07/01/2020,11:50:02,20.1,19.5,2000,19.95,1000,0,42000
VOLTAS30Jan20660PE.NFO,07/01/2020,11:50:07,20.1,19.5,1000,19.9,1000,0,42000
VOLTAS30Jan20660PE.NFO,07/01/2020,11:50:16,20.1,19.5,1000,19.95,1000,0,42000
VOLTAS30Jan20660PE.NFO,07/01/2020,11:50:22,20.1,19.7,1000,20.1,1000,0,42000
VOLTAS30Jan20660PE.NFO,07/01/2020,11:50:27,20.1,19.75,1000,20.15,1000,0,42000
VOLTAS30Jan20660PE.NFO,07/01/2020,11:51:06,20.1,19.75,1000,20.25,1000,0,42000
VOLTAS30Jan20660PE.NFO,07/01/2020,11:51:12,20.1,19.75,1000,20.15,1000,0,42000
VOLTAS30Jan20660PE.NFO,07/01/2020,11:51:26,20.1,19.8,1000,20.25,1000,0,42000
VOLTAS30Jan20660PE.NFO,07/01/2020,11:51:31,20.1,19.7,2000,20.15,1000,0,42000
VOLTAS30Jan20660PE.NFO,07/01/2020,11:51:37,20.1,19.6,1000,20.05,1000,0,42000
VOLTAS30Jan20660PE.NFO,07/01/2020,11:51:54,20.1,19.65,1000,20.05,1000,0,42000
VOLTAS30Jan20660PE.NFO,07/01/2020,11:51:59,20.1,19.55,2000,20,1000,0,42000
VOLTAS30Jan20660PE.NFO,07/01/2020,11:52:03,20.1,19.65,1000,20,1000,0,42000
VOLTAS30Jan20660PE.NFO,07/01/2020,11:52:07,20.1,19.6,1000,20,1000,0,42000
VOLTAS30Jan20660PE.NFO,07/01/2020,11:52:11,20.1,19.55,1000,20,1000,0,42000
VOLTAS30Jan20660PE.NFO,07/01/2020,11:52:14,20.1,19.55,2000,20,1000,0,42000
VOLTAS30Jan20660PE.NFO,07/01/2020,11:52:32,20.1,19.7,1000,20.1,1000,0,42000
VOLTAS30Jan20660PE.NFO,07/01/2020,11:52:37,20.1,19.65,1000,20.1,1000,0,42000
VOLTAS30Jan20660PE.NFO,07/01/2020,11:52:40,20.1,19.65,1000,20.05,1000,0,42000
VOLTAS30Jan20660PE.NFO,07/01/2020,11:53:00,20.1,19.65,1000,20.15,1000,0,42000
VOLTAS30Jan20660PE.NFO,07/01/2020,11:53:04,20.1,19.65,1000,20.05,1000,0,42000
VOLTAS30Jan20660PE.NFO,07/01/2020,11:54:13,20.1,19.7,1000,20.15,1000,0,42000
VOLTAS30Jan20660PE.NFO,07/01/2020,11:54:17,20.1,19.65,1000,20,1000,0,42000
VOLTAS30Jan20660PE.NFO,07/01/2020,11:54:25,20.1,19.65,1000,20.15,1000,0,42000
VOLTAS30Jan20660PE.NFO,07/01/2020,11:54:28,20.1,19.65,1000,20.05,1000,0,42000
VOLTAS30Jan20660PE.NFO,07/01/2020,11:54:31,20.1,19.65,1000,20.15,1000,0,42000
VOLTAS30Jan20660PE.NFO,07/01/2020,11:54:38,20.1,19.65,1000,20.05,1000,0,42000
VOLTAS30Jan20660PE.NFO,07/01/2020,11:54:43,20.1,19.65,1000,20.1,1000,0,42000
VOLTAS30Jan20660PE.NFO,07/01/2020,11:55:05,20.1,19.65,1000,20.05,1000,0,42000
VOLTAS30Jan20660PE.NFO,07/01/2020,11:55:08,20.1,19.65,1000,20.1,1000,0,42000
VOLTAS30Jan20660PE.NFO,07/01/2020,11:55:11,20.1,19.7,1000,20.1,1000,0,42000
VOLTAS30Jan20660PE.NFO,07/01/2020,11:55:25,20.1,19.7,1000,20.05,1000,0,42000
VOLTAS30Jan20660PE.NFO,07/01/2020,11:55:28,20.1,19.7,1000,20,1000,0,42000
VOLTAS30Jan20660PE.NFO,07/01/2020,11:55:32,20.1,19.65,1000,19.95,1000,0,42000
VOLTAS30Jan20660PE.NFO,07/01/2020,11:55:41,20.1,19.7,1000,20,1000,0,42000
VOLTAS30Jan20660PE.NFO,07/01/2020,11:55:47,20.1,19.6,1000,19.95,2000,0,42000
VOLTAS30Jan20660PE.NFO,07/01/2020,11:55:50,20.1,19.65,1000,19.95,2000,0,42000
VOLTAS30Jan20660PE.NFO,07/01/2020,11:55:57,20.1,19.6,1000,19.95,2000,0,42000
VOLTAS30Jan20660PE.NFO,07/01/2020,11:56:13,20.1,19.65,1000,19.95,2000,0,42000
VOLTAS30Jan20660PE.NFO,07/01/2020,11:56:25,20.1,19.6,1000,19.95,2000,0,42000
VOLTAS30Jan20660PE.NFO,07/01/2020,11:57:12,20.1,19.55,2000,19.9,1000,0,42000
VOLTAS30Jan20660PE.NFO,07/01/2020,11:57:36,20.1,19.55,1000,19.85,1000,0,42000
VOLTAS30Jan20660PE.NFO,07/01/2020,11:57:52,20.1,19.55,1000,19.95,1000,0,42000
VOLTAS30Jan20660PE.NFO,07/01/2020,11:58:06,20.1,19.55,1000,19.9,1000,0,42000
VOLTAS30Jan20660PE.NFO,07/01/2020,11:59:13,20.1,19.65,1000,19.95,1000,0,42000
VOLTAS30Jan20660PE.NFO,07/01/2020,11:59:23,20.1,19.65,2000,19.95,1000,0,42000
VOLTAS30Jan20660PE.NFO,07/01/2020,11:59:28,20.1,19.65,1000,19.95,1000,0,42000
VOLTAS30Jan20660PE.NFO,07/01/2020,12:01:03,20.1,19.6,2000,19.95,1000,0,42000
VOLTAS30Jan20660PE.NFO,07/01/2020,12:01:49,20.1,19.6,1000,19.95,1000,0,42000
VOLTAS30Jan20660PE.NFO,07/01/2020,12:01:55,20.1,19.55,2000,19.95,1000,0,42000
VOLTAS30Jan20660PE.NFO,07/01/2020,12:01:58,20.1,19.6,1000,19.95,1000,0,42000
VOLTAS30Jan20660PE.NFO,07/01/2020,12:02:18,20.1,19.55,2000,19.95,1000,0,42000
VOLTAS30Jan20660PE.NFO,07/01/2020,12:02:21,20.1,19.6,1000,20,2000,0,42000
VOLTAS30Jan20660PE.NFO,07/01/2020,12:02:24,20.1,19.6,2000,20,2000,0,42000
VOLTAS30Jan20660PE.NFO,07/01/2020,12:02:27,20.1,19.6,1000,19.95,1000,0,42000
VOLTAS30Jan20660PE.NFO,07/01/2020,12:02:38,20.1,19.4,2000,19.85,1000,0,42000
VOLTAS30Jan20660PE.NFO,07/01/2020,12:02:45,20.1,19.4,2000,19.8,1000,0,42000
VOLTAS30Jan20660PE.NFO,07/01/2020,12:02:51,20.1,19.45,2000,19.9,2000,0,42000
VOLTAS30Jan20660PE.NFO,07/01/2020,12:03:01,20.1,19.5,1000,19.85,1000,0,42000
VOLTAS30Jan20660PE.NFO,07/01/2020,12:03:07,20.1,19.4,1000,19.85,1000,0,42000
VOLTAS30Jan20660PE.NFO,07/01/2020,12:03:12,20.1,19.45,1000,19.85,1000,0,42000
VOLTAS30Jan20660PE.NFO,07/01/2020,12:03:24,20.1,19.5,2000,19.9,1000,0,42000
VOLTAS30Jan20660PE.NFO,07/01/2020,12:03:30,20.1,19.5,3000,19.9,1000,0,42000
VOLTAS30Jan20660PE.NFO,07/01/2020,12:04:57,20.1,19.5,3000,19.95,1000,0,42000
VOLTAS30Jan20660PE.NFO,07/01/2020,12:06:11,20.1,19.5,3000,19.9,1000,0,42000
VOLTAS30Jan20660PE.NFO,07/01/2020,12:06:17,20.1,19.5,2000,19.9,1000,0,42000
VOLTAS30Jan20660PE.NFO,07/01/2020,12:06:31,20.1,19.5,1000,19.85,1000,0,42000
VOLTAS30Jan20660PE.NFO,07/01/2020,12:06:34,20.1,19.55,2000,19.95,1000,0,42000
VOLTAS30Jan20660PE.NFO,07/01/2020,12:06:55,20.1,19.55,1000,19.95,1000,0,42000
VOLTAS30Jan20660PE.NFO,07/01/2020,12:07:04,20.1,19.5,2000,19.9,1000,0,42000
VOLTAS30Jan20660PE.NFO,07/01/2020,12:07:08,20.1,19.5,2000,19.85,1000,0,42000
VOLTAS30Jan20660PE.NFO,07/01/2020,12:07:20,20.1,19.5,1000,19.9,1000,0,42000
VOLTAS30Jan20660PE.NFO,07/01/2020,12:07:25,20.1,19.5,1000,19.85,1000,0,42000
VOLTAS30Jan20660PE.NFO,07/01/2020,12:07:27,20.1,19.5,1000,19.9,1000,0,42000
VOLTAS30Jan20660PE.NFO,07/01/2020,12:07:29,20.1,19.5,2000,19.9,1000,0,42000
VOLTAS30Jan20660PE.NFO,07/01/2020,12:07:31,20.1,19.55,1000,19.9,1000,0,42000
VOLTAS30Jan20660PE.NFO,07/01/2020,12:07:34,20.1,19.5,2000,19.9,1000,0,42000
VOLTAS30Jan20660PE.NFO,07/01/2020,12:07:47,20.1,19.55,1000,19.9,1000,0,42000
VOLTAS30Jan20660PE.NFO,07/01/2020,12:07:48,20.1,19.5,1000,19.9,1000,0,42000
VOLTAS30Jan20660PE.NFO,07/01/2020,12:07:54,20.1,19.5,2000,19.85,1000,0,42000
VOLTAS30Jan20660PE.NFO,07/01/2020,12:07:57,20.1,19.5,2000,19.9,1000,0,42000
VOLTAS30Jan20660PE.NFO,07/01/2020,12:08:16,20.1,19.5,1000,19.85,1000,0,42000
VOLTAS30Jan20660PE.NFO,07/01/2020,12:08:23,20.1,19.5,1000,19.85,2000,0,42000
VOLTAS30Jan20660PE.NFO,07/01/2020,12:08:41,20.1,19.45,1000,19.85,2000,0,42000
VOLTAS30Jan20660PE.NFO,07/01/2020,12:08:48,20.1,19.5,1000,19.85,2000,0,42000
VOLTAS30Jan20660PE.NFO,07/01/2020,12:09:02,20.1,19.45,2000,19.85,2000,0,42000
VOLTAS30Jan20660PE.NFO,07/01/2020,12:09:06,20.1,19.55,1000,19.85,2000,0,42000
VOLTAS30Jan20660PE.NFO,07/01/2020,12:09:17,20.1,19.45,2000,19.85,1000,0,42000
VOLTAS30Jan20660PE.NFO,07/01/2020,12:09:20,20.1,19.45,3000,19.85,1000,0,42000
VOLTAS30Jan20660PE.NFO,07/01/2020,12:09:23,20.1,19.5,1000,19.8,1000,0,42000
VOLTAS30Jan20660PE.NFO,07/01/2020,12:09:25,20.1,19.45,2000,19.85,1000,0,42000
VOLTAS30Jan20660PE.NFO,07/01/2020,12:09:28,20.1,19.55,1000,19.8,1000,0,42000
VOLTAS30Jan20660PE.NFO,07/01/2020,12:09:43,20.1,19.45,2000,19.85,1000,0,42000
VOLTAS30Jan20660PE.NFO,07/01/2020,12:09:51,20.1,19.55,1000,19.8,1000,0,42000
VOLTAS30Jan20660PE.NFO,07/01/2020,12:10:15,20.1,19.45,2000,19.85,1000,0,42000
VOLTAS30Jan20660PE.NFO,07/01/2020,12:10:18,20.1,19.55,1000,19.8,1000,0,42000
VOLTAS30Jan20660PE.NFO,07/01/2020,12:10:31,20.1,19.55,3000,19.85,1000,0,42000
VOLTAS30Jan20660PE.NFO,07/01/2020,12:10:34,20.1,19.5,1000,19.85,1000,0,42000
VOLTAS30Jan20660PE.NFO,07/01/2020,12:10:37,20.1,19.55,1000,19.85,1000,0,42000
VOLTAS30Jan20660PE.NFO,07/01/2020,12:10:41,20.1,19.45,3000,19.85,1000,0,42000
VOLTAS30Jan20660PE.NFO,07/01/2020,12:10:44,20.1,19.55,1000,19.85,1000,0,42000
VOLTAS30Jan20660PE.NFO,07/01/2020,12:10:47,20.1,19.45,3000,19.85,1000,0,42000
VOLTAS30Jan20660PE.NFO,07/01/2020,12:10:49,20.1,19.5,1000,19.85,1000,0,42000
VOLTAS30Jan20660PE.NFO,07/01/2020,12:10:58,20.1,19.55,1000,19.85,1000,0,42000
VOLTAS30Jan20660PE.NFO,07/01/2020,12:11:00,20.1,19.45,2000,19.85,1000,0,42000
VOLTAS30Jan20660PE.NFO,07/01/2020,12:11:03,20.1,19.5,1000,19.8,1000,0,42000
VOLTAS30Jan20660PE.NFO,07/01/2020,12:11:06,20.1,19.45,1000,19.8,1000,0,42000
VOLTAS30Jan20660PE.NFO,07/01/2020,12:11:13,20.1,19.45,2000,19.85,1000,0,42000
VOLTAS30Jan20660PE.NFO,07/01/2020,12:11:18,20.1,19.55,1000,19.9,1000,0,42000
VOLTAS30Jan20660PE.NFO,07/01/2020,12:11:26,20.1,19.45,2000,19.85,1000,0,42000
VOLTAS30Jan20660PE.NFO,07/01/2020,12:11:33,20.1,19.55,1000,19.85,1000,0,42000
VOLTAS30Jan20660PE.NFO,07/01/2020,12:11:43,20.1,19.55,2000,19.85,1000,0,42000
VOLTAS30Jan20660PE.NFO,07/01/2020,12:11:47,20.1,19.55,1000,19.9,1000,0,42000
VOLTAS30Jan20660PE.NFO,07/01/2020,12:11:51,20.1,19.5,1000,19.9,1000,0,42000
VOLTAS30Jan20660PE.NFO,07/01/2020,12:11:53,20.1,19.45,2000,19.9,1000,0,42000
VOLTAS30Jan20660PE.NFO,07/01/2020,12:11:58,20.1,19.55,1000,19.9,1000,0,42000
VOLTAS30Jan20660PE.NFO,07/01/2020,12:12:01,20.1,19.55,1000,19.9,2000,0,42000
VOLTAS30Jan20660PE.NFO,07/01/2020,12:12:07,20.1,19.55,1000,19.9,1000,0,42000
VOLTAS30Jan20660PE.NFO,07/01/2020,12:12:14,20.1,19.45,2000,19.9,1000,0,42000
VOLTAS30Jan20660PE.NFO,07/01/2020,12:12:17,20.1,19.55,1000,19.9,1000,0,42000
VOLTAS30Jan20660PE.NFO,07/01/2020,12:12:24,20.1,19.55,1000,19.9,2000,0,42000
VOLTAS30Jan20660PE.NFO,07/01/2020,12:12:27,20.1,19.55,1000,19.9,1000,0,42000
VOLTAS30Jan20660PE.NFO,07/01/2020,12:12:32,20.1,19.45,2000,19.9,1000,0,42000
VOLTAS30Jan20660PE.NFO,07/01/2020,12:12:38,20.1,19.55,1000,19.9,1000,0,42000
VOLTAS30Jan20660PE.NFO,07/01/2020,12:12:41,20.1,19.45,2000,19.9,1000,0,42000
VOLTAS30Jan20660PE.NFO,07/01/2020,12:12:44,20.1,19.5,1000,19.9,2000,0,42000
VOLTAS30Jan20660PE.NFO,07/01/2020,12:12:49,20.1,19.45,2000,19.9,2000,0,42000
VOLTAS30Jan20660PE.NFO,07/01/2020,12:12:59,20.1,19.45,2000,19.9,1000,0,42000
VOLTAS30Jan20660PE.NFO,07/01/2020,12:13:19,20.1,19.4,1000,19.8,2000,0,42000
VOLTAS30Jan20660PE.NFO,07/01/2020,12:13:25,20.1,19.55,1000,20,2000,0,42000
VOLTAS30Jan20660PE.NFO,07/01/2020,12:13:44,20.1,19.55,1000,19.95,1000,0,42000
VOLTAS30Jan20660PE.NFO,07/01/2020,12:14:00,20.1,19.65,1000,20,1000,0,42000
VOLTAS30Jan20660PE.NFO,07/01/2020,12:14:07,20.1,19.75,1000,20.1,1000,0,42000
VOLTAS30Jan20660PE.NFO,07/01/2020,12:14:13,20.1,19.7,2000,20.1,1000,0,42000
VOLTAS30Jan20660PE.NFO,07/01/2020,12:14:28,20.1,19.85,1000,20.3,1000,0,42000
VOLTAS30Jan20660PE.NFO,07/01/2020,12:14:38,20.1,19.9,1000,20.3,2000,0,42000
VOLTAS30Jan20660PE.NFO,07/01/2020,12:14:41,20.1,19.85,1000,20.25,1000,0,42000
VOLTAS30Jan20660PE.NFO,07/01/2020,12:15:03,20.1,19.85,1000,20.2,1000,0,42000
VOLTAS30Jan20660PE.NFO,07/01/2020,12:15:06,20.1,19.8,1000,20.2,1000,0,42000
VOLTAS30Jan20660PE.NFO,07/01/2020,12:15:09,20.1,19.85,1000,20.2,1000,0,42000
VOLTAS30Jan20660PE.NFO,07/01/2020,12:15:20,20.1,19.8,1000,20.25,2000,0,42000
VOLTAS30Jan20660PE.NFO,07/01/2020,12:15:40,20.1,19.85,1000,20.25,2000,0,42000
VOLTAS30Jan20660PE.NFO,07/01/2020,12:15:47,20.1,19.85,1000,20.3,2000,0,42000
VOLTAS30Jan20660PE.NFO,07/01/2020,12:16:05,20.1,19.8,1000,20.25,2000,0,42000
VOLTAS30Jan20660PE.NFO,07/01/2020,12:16:12,20.1,19.85,1000,20.25,1000,0,42000
VOLTAS30Jan20660PE.NFO,07/01/2020,12:16:29,20.1,19.9,1000,20.3,2000,0,42000
VOLTAS30Jan20660PE.NFO,07/01/2020,12:16:32,20.1,19.9,1000,20.25,1000,0,42000
VOLTAS30Jan20660PE.NFO,07/01/2020,12:16:37,20.1,19.95,1000,20.35,1000,0,42000
VOLTAS30Jan20660PE.NFO,07/01/2020,12:16:40,20.1,19.9,1000,20.35,1000,0,42000
VOLTAS30Jan20660PE.NFO,07/01/2020,12:16:51,20.1,19.9,1000,20.3,2000,0,42000
VOLTAS30Jan20660PE.NFO,07/01/2020,12:17:01,20.1,19.8,1000,20.25,1000,0,42000
VOLTAS30Jan20660PE.NFO,07/01/2020,12:17:13,20.1,19.9,1000,20.3,1000,0,42000
VOLTAS30Jan20660PE.NFO,07/01/2020,12:17:36,20.1,19.85,2000,20.3,2000,0,42000
VOLTAS30Jan20660PE.NFO,07/01/2020,12:17:39,20.1,19.9,1000,20.3,2000,0,42000
VOLTAS30Jan20660PE.NFO,07/01/2020,12:17:46,20.1,19.9,2000,20.35,2000,0,42000
VOLTAS30Jan20660PE.NFO,07/01/2020,12:17:50,20.1,19.85,2000,20.3,1000,0,42000
VOLTAS30Jan20660PE.NFO,07/01/2020,12:17:55,20.1,19.9,1000,20.3,1000,0,42000
VOLTAS30Jan20660PE.NFO,07/01/2020,12:17:58,20.1,19.85,2000,20.3,1000,0,42000
VOLTAS30Jan20660PE.NFO,07/01/2020,12:18:08,20.1,19.9,1000,20.3,1000,0,42000
VOLTAS30Jan20660PE.NFO,07/01/2020,12:18:21,20.1,19.85,1000,20.3,1000,0,42000
VOLTAS30Jan20660PE.NFO,07/01/2020,12:18:25,20.1,19.85,1000,20.3,2000,0,42000
VOLTAS30Jan20660PE.NFO,07/01/2020,12:18:28,20.1,19.9,1000,20.25,1000,0,42000
VOLTAS30Jan20660PE.NFO,07/01/2020,12:18:35,20.1,19.9,1000,20.3,2000,0,42000
VOLTAS30Jan20660PE.NFO,07/01/2020,12:18:38,20.1,19.85,1000,20.3,2000,0,42000
VOLTAS30Jan20660PE.NFO,07/01/2020,12:18:43,20.1,19.85,1000,20.3,1000,0,42000
VOLTAS30Jan20660PE.NFO,07/01/2020,12:18:47,20.1,19.75,2000,20.3,3000,0,42000
VOLTAS30Jan20660PE.NFO,07/01/2020,12:18:52,20.1,19.8,3000,20.3,1000,0,42000
VOLTAS30Jan20660PE.NFO,07/01/2020,12:19:07,20.1,19.85,1000,20.3,1000,0,42000
VOLTAS30Jan20660PE.NFO,07/01/2020,12:20:01,20.1,19.85,2000,20.3,1000,0,42000
VOLTAS30Jan20660PE.NFO,07/01/2020,12:20:39,20.1,19.85,1000,20.3,1000,0,42000
VOLTAS30Jan20660PE.NFO,07/01/2020,12:20:47,20.1,19.85,2000,20.3,2000,0,42000
VOLTAS30Jan20660PE.NFO,07/01/2020,12:21:04,20.1,19.75,1000,20.2,2000,0,42000
VOLTAS30Jan20660PE.NFO,07/01/2020,12:21:17,20.1,19.8,1000,20.2,2000,0,42000
VOLTAS30Jan20660PE.NFO,07/01/2020,12:21:26,20.1,19.8,2000,20.25,1000,0,42000
VOLTAS30Jan20660PE.NFO,07/01/2020,12:21:28,20.1,19.8,1000,20.25,1000,0,42000
VOLTAS30Jan20660PE.NFO,07/01/2020,12:21:37,20.1,19.85,1000,20.25,1000,0,42000
VOLTAS30Jan20660PE.NFO,07/01/2020,12:21:45,20.1,19.8,1000,20.25,1000,0,42000
VOLTAS30Jan20660PE.NFO,07/01/2020,12:21:48,20.1,19.8,1000,20.25,2000,0,42000
VOLTAS30Jan20660PE.NFO,07/01/2020,12:21:54,20.1,19.85,1000,20.25,1000,0,42000
VOLTAS30Jan20660PE.NFO,07/01/2020,12:23:10,20.1,19.8,1000,20.2,1000,0,42000
VOLTAS30Jan20660PE.NFO,07/01/2020,12:23:13,20.1,19.85,1000,20.25,1000,0,42000
VOLTAS30Jan20660PE.NFO,07/01/2020,12:23:19,20.1,19.8,1000,20.25,1000,0,42000
VOLTAS30Jan20660PE.NFO,07/01/2020,12:23:24,20.1,19.85,1000,20.25,1000,0,42000
VOLTAS30Jan20660PE.NFO,07/01/2020,12:24:06,20.1,19.75,3000,20.2,1000,0,42000
VOLTAS30Jan20660PE.NFO,07/01/2020,12:24:07,20.1,19.8,1000,20.2,1000,0,42000
VOLTAS30Jan20660PE.NFO,07/01/2020,12:24:16,20.1,19.75,2000,20.2,1000,0,42000
VOLTAS30Jan20660PE.NFO,07/01/2020,12:24:22,20.1,19.9,1000,20.35,1000,0,42000
VOLTAS30Jan20660PE.NFO,07/01/2020,12:24:26,20.1,19.9,1000,20.3,2000,0,42000
VOLTAS30Jan20660PE.NFO,07/01/2020,12:24:32,20.1,19.75,3000,20.25,2000,0,42000
VOLTAS30Jan20660PE.NFO,07/01/2020,12:24:38,20.1,19.8,3000,20.25,2000,0,42000
VOLTAS30Jan20660PE.NFO,07/01/2020,12:25:04,20.1,19.9,2000,20.25,1000,0,42000
VOLTAS30Jan20660PE.NFO,07/01/2020,12:25:07,20.1,19.9,2000,20.3,1000,0,42000
VOLTAS30Jan20660PE.NFO,07/01/2020,12:25:19,20.1,19.8,3000,20.2,1000,0,42000
VOLTAS30Jan20660PE.NFO,07/01/2020,12:25:23,20.1,19.85,1000,20.25,1000,0,42000
VOLTAS30Jan20660PE.NFO,07/01/2020,12:25:25,20.1,19.8,3000,20.25,1000,0,42000
VOLTAS30Jan20660PE.NFO,07/01/2020,12:25:27,20.1,19.85,1000,20.25,1000,0,42000
VOLTAS30Jan20660PE.NFO,07/01/2020,12:25:33,20.1,19.95,2000,20.35,1000,0,42000
VOLTAS30Jan20660PE.NFO,07/01/2020,12:25:40,20.1,19.85,1000,20.25,1000,0,42000
VOLTAS30Jan20660PE.NFO,07/01/2020,12:25:55,20.1,20,1000,20.4,1000,0,42000
VOLTAS30Jan20660PE.NFO,07/01/2020,12:25:59,20.1,20.05,1000,20.45,1000,0,42000
VOLTAS30Jan20660PE.NFO,07/01/2020,12:26:20,20.1,20.05,1000,20.4,2000,0,42000
VOLTAS30Jan20660PE.NFO,07/01/2020,12:26:23,20.1,20.05,1000,20.45,1000,0,42000
VOLTAS30Jan20660PE.NFO,07/01/2020,12:26:32,20.1,20.2,1000,20.55,1000,0,42000
VOLTAS30Jan20660PE.NFO,07/01/2020,12:26:50,20.1,20.3,1000,20.65,1000,0,42000
VOLTAS30Jan20660PE.NFO,07/01/2020,12:26:53,20.1,20.25,2000,20.65,1000,0,42000
VOLTAS30Jan20660PE.NFO,07/01/2020,12:27:02,20.1,20.25,1000,20.65,1000,0,42000
VOLTAS30Jan20660PE.NFO,07/01/2020,12:27:05,20.25,20.3,1000,20.7,1000,1000,42000
VOLTAS30Jan20660PE.NFO,07/01/2020,12:27:05,20.25,20.3,1000,20.7,1000,0,42000
VOLTAS30Jan20660PE.NFO,07/01/2020,12:27:09,20.25,20.3,1000,20.7,1000,0,42000
VOLTAS30Jan20660PE.NFO,07/01/2020,12:27:17,20.25,20.25,1000,20.65,1000,0,42000
VOLTAS30Jan20660PE.NFO,07/01/2020,12:27:20,20.25,20.2,1000,20.6,1000,0,42000
VOLTAS30Jan20660PE.NFO,07/01/2020,12:27:36,20.25,20.15,2000,20.6,1000,0,42000
VOLTAS30Jan20660PE.NFO,07/01/2020,12:28:13,20.25,20.15,3000,20.6,1000,0,42000
VOLTAS30Jan20660PE.NFO,07/01/2020,12:28:26,20.25,20.15,3000,20.65,1000,0,42000
VOLTAS30Jan20660PE.NFO,07/01/2020,12:28:33,20.25,20.15,3000,20.7,1000,0,42000
VOLTAS30Jan20660PE.NFO,07/01/2020,12:28:37,20.25,20.15,2000,20.6,1000,0,42000
VOLTAS30Jan20660PE.NFO,07/01/2020,12:28:40,20.25,20.25,1000,20.6,1000,0,42000
VOLTAS30Jan20660PE.NFO,07/01/2020,12:29:01,20.25,20.25,2000,20.7,1000,0,42000
VOLTAS30Jan20660PE.NFO,07/01/2020,12:29:16,20.25,20.3,1000,20.7,1000,0,42000
VOLTAS30Jan20660PE.NFO,07/01/2020,12:29:20,20.25,20.3,2000,20.8,1000,0,42000
VOLTAS30Jan20660PE.NFO,07/01/2020,12:30:19,20.25,20.35,1000,20.7,1000,0,42000
VOLTAS30Jan20660PE.NFO,07/01/2020,12:30:24,20.25,20.35,1000,20.8,1000,0,42000
VOLTAS30Jan20660PE.NFO,07/01/2020,12:30:29,20.25,20.35,1000,20.75,2000,0,42000
VOLTAS30Jan20660PE.NFO,07/01/2020,12:30:43,20.25,20.4,1000,20.8,1000,0,42000
VOLTAS30Jan20660PE.NFO,07/01/2020,12:30:49,20.25,20.45,1000,20.8,1000,0,42000
VOLTAS30Jan20660PE.NFO,07/01/2020,12:30:54,20.25,20.45,1000,20.85,1000,0,42000
VOLTAS30Jan20660PE.NFO,07/01/2020,12:31:13,20.25,20.45,1000,20.9,1000,0,42000
VOLTAS30Jan20660PE.NFO,07/01/2020,12:31:24,20.25,20.4,2000,20.9,2000,0,42000
VOLTAS30Jan20660PE.NFO,07/01/2020,12:31:38,20.25,20.45,1000,20.85,1000,0,42000
VOLTAS30Jan20660PE.NFO,07/01/2020,12:31:44,20.25,20.4,2000,20.85,1000,0,42000
VOLTAS30Jan20660PE.NFO,07/01/2020,12:32:05,20.25,20.45,3000,20.85,1000,0,42000
VOLTAS30Jan20660PE.NFO,07/01/2020,12:32:09,20.25,20.45,1000,20.85,1000,0,42000
VOLTAS30Jan20660PE.NFO,07/01/2020,12:32:13,20.25,20.45,2000,20.85,1000,0,42000
VOLTAS30Jan20660PE.NFO,07/01/2020,12:32:24,20.25,20.5,1000,20.9,1000,0,42000
VOLTAS30Jan20660PE.NFO,07/01/2020,12:32:27,20.25,20.5,1000,20.85,1000,0,42000
VOLTAS30Jan20660PE.NFO,07/01/2020,12:32:38,20.25,20.5,2000,20.85,1000,0,42000
VOLTAS30Jan20660PE.NFO,07/01/2020,12:32:43,20.25,20.5,1000,20.85,1000,0,42000
VOLTAS30Jan20660PE.NFO,07/01/2020,12:32:48,20.25,20.5,2000,20.9,1000,0,42000
VOLTAS30Jan20660PE.NFO,07/01/2020,12:33:02,20.25,20.55,1000,20.9,1000,0,42000
VOLTAS30Jan20660PE.NFO,07/01/2020,12:33:11,20.25,20.55,1000,20.95,1000,0,42000
VOLTAS30Jan20660PE.NFO,07/01/2020,12:33:19,20.25,20.55,1000,20.9,1000,0,42000
VOLTAS30Jan20660PE.NFO,07/01/2020,12:33:38,20.25,20.55,1000,20.95,1000,0,42000
VOLTAS30Jan20660PE.NFO,07/01/2020,12:33:42,20.25,20.55,1000,20.9,1000,0,42000
VOLTAS30Jan20660PE.NFO,07/01/2020,12:33:45,20.25,20.5,1000,20.9,1000,0,42000
VOLTAS30Jan20660PE.NFO,07/01/2020,12:34:07,20.25,20.45,1000,20.85,1000,0,42000
VOLTAS30Jan20660PE.NFO,07/01/2020,12:34:11,20.25,20.4,1000,20.8,1000,0,42000
VOLTAS30Jan20660PE.NFO,07/01/2020,12:34:15,20.25,20.5,2000,20.9,1000,0,42000
VOLTAS30Jan20660PE.NFO,07/01/2020,12:34:29,20.25,20.55,1000,20.95,1000,0,42000
VOLTAS30Jan20660PE.NFO,07/01/2020,12:34:34,20.25,20.5,2000,20.9,1000,0,42000
VOLTAS30Jan20660PE.NFO,07/01/2020,12:34:54,20.25,20.55,1000,20.9,1000,0,42000
VOLTAS30Jan20660PE.NFO,07/01/2020,12:34:57,20.25,20.5,2000,20.9,1000,0,42000
VOLTAS30Jan20660PE.NFO,07/01/2020,12:35:03,20.25,20.35,1000,20.75,1000,0,42000
VOLTAS30Jan20660PE.NFO,07/01/2020,12:35:58,20.25,20.05,1000,20.75,1000,0,42000
VOLTAS30Jan20660PE.NFO,07/01/2020,12:36:03,20.25,20.05,1000,20.8,2000,0,42000
VOLTAS30Jan20660PE.NFO,07/01/2020,12:36:12,20.25,20.05,1000,20.8,1000,0,42000
VOLTAS30Jan20660PE.NFO,07/01/2020,12:36:48,20.25,20.05,1000,20.7,1000,0,42000
VOLTAS30Jan20660PE.NFO,07/01/2020,12:37:11,20.25,20.05,1000,20.6,1000,0,42000
VOLTAS30Jan20660PE.NFO,07/01/2020,12:37:13,20.25,20.05,1000,20.65,1000,0,42000
VOLTAS30Jan20660PE.NFO,07/01/2020,12:38:19,20.25,20.05,2000,20.65,1000,0,42000
VOLTAS30Jan20660PE.NFO,07/01/2020,12:39:04,20.25,20.15,2000,20.6,1000,0,42000
VOLTAS30Jan20660PE.NFO,07/01/2020,12:39:07,20.25,19.8,3000,20.6,1000,0,42000
VOLTAS30Jan20660PE.NFO,07/01/2020,12:40:16,20.25,19.8,1000,20.5,1000,0,42000
VOLTAS30Jan20660PE.NFO,07/01/2020,12:41:01,20.25,19.8,1000,20.5,2000,0,42000
VOLTAS30Jan20660PE.NFO,07/01/2020,12:41:35,20.25,19.9,2000,20.5,2000,0,42000
VOLTAS30Jan20660PE.NFO,07/01/2020,12:41:45,20.25,19.9,2000,20.4,1000,0,42000
VOLTAS30Jan20660PE.NFO,07/01/2020,12:42:08,20.25,19.8,1000,20.3,1000,0,42000
VOLTAS30Jan20660PE.NFO,07/01/2020,12:42:12,20.25,19.8,1000,20.3,2000,0,42000
VOLTAS30Jan20660PE.NFO,07/01/2020,12:43:23,20.25,19.9,1000,20.35,1000,0,42000
VOLTAS30Jan20660PE.NFO,07/01/2020,12:43:25,20.25,20.05,1000,20.5,1000,0,42000
VOLTAS30Jan20660PE.NFO,07/01/2020,12:43:30,20.25,20,2000,20.5,1000,0,42000
VOLTAS30Jan20660PE.NFO,07/01/2020,12:43:55,20.25,20.05,1000,20.5,2000,0,42000
VOLTAS30Jan20660PE.NFO,07/01/2020,12:44:31,20.25,19.95,2000,20.5,2000,0,42000
VOLTAS30Jan20660PE.NFO,07/01/2020,12:44:49,20.25,19.95,2000,20.4,1000,0,42000
VOLTAS30Jan20660PE.NFO,07/01/2020,12:44:55,20.25,19.95,1000,20.45,1000,0,42000
VOLTAS30Jan20660PE.NFO,07/01/2020,12:45:03,20.25,19.9,2000,20.4,2000,0,42000
VOLTAS30Jan20660PE.NFO,07/01/2020,12:45:20,20.25,19.9,2000,20.3,1000,0,42000
VOLTAS30Jan20660PE.NFO,07/01/2020,12:45:54,20.25,19.85,1000,20.55,1000,0,42000
VOLTAS30Jan20660PE.NFO,07/01/2020,12:46:04,20.25,19.8,1000,20.4,1000,0,42000
VOLTAS30Jan20660PE.NFO,07/01/2020,12:46:25,20.25,19.8,1000,20.3,1000,0,42000
VOLTAS30Jan20660PE.NFO,07/01/2020,12:46:29,20.25,19.8,1000,20.4,1000,0,42000
VOLTAS30Jan20660PE.NFO,07/01/2020,12:46:58,20.25,19.8,1000,20.5,1000,0,42000
VOLTAS30Jan20660PE.NFO,07/01/2020,12:47:01,20.25,19.8,1000,20.45,1000,0,42000
VOLTAS30Jan20660PE.NFO,07/01/2020,12:47:06,20.25,19.8,1000,20.4,1000,0,42000
VOLTAS30Jan20660PE.NFO,07/01/2020,12:48:00,20.25,19.8,1000,20.3,1000,0,42000
VOLTAS30Jan20660PE.NFO,07/01/2020,12:48:05,20.25,19.75,1000,20.2,1000,0,42000
VOLTAS30Jan20660PE.NFO,07/01/2020,12:48:17,20.25,19.7,1000,20.2,1000,0,42000
VOLTAS30Jan20660PE.NFO,07/01/2020,12:48:29,20.25,19.6,1000,20.15,2000,0,42000
VOLTAS30Jan20660PE.NFO,07/01/2020,12:49:25,20.25,19.7,1000,20.25,2000,0,42000
VOLTAS30Jan20660PE.NFO,07/01/2020,12:49:35,20.25,19.7,1000,20.2,1000,0,42000
VOLTAS30Jan20660PE.NFO,07/01/2020,12:49:44,20.25,19.7,1000,20.25,2000,0,42000
VOLTAS30Jan20660PE.NFO,07/01/2020,12:50:03,20.25,19.7,1000,20.3,1000,0,42000
VOLTAS30Jan20660PE.NFO,07/01/2020,12:50:11,20.25,19.7,1000,20.35,1000,0,42000
VOLTAS30Jan20660PE.NFO,07/01/2020,12:50:14,20.25,19.7,1000,20.3,1000,0,42000
VOLTAS30Jan20660PE.NFO,07/01/2020,12:50:19,20.25,19.7,1000,20.25,1000,0,42000
VOLTAS30Jan20660PE.NFO,07/01/2020,12:50:24,20.25,19.6,1000,20.1,1000,0,42000
VOLTAS30Jan20660PE.NFO,07/01/2020,12:50:28,20.25,19.6,1000,20.15,1000,0,42000
VOLTAS30Jan20660PE.NFO,07/01/2020,12:50:32,20.25,19.6,1000,20.25,1000,0,42000
VOLTAS30Jan20660PE.NFO,07/01/2020,12:50:36,20.25,19.6,1000,20.15,1000,0,42000
VOLTAS30Jan20660PE.NFO,07/01/2020,12:50:42,20.25,19.6,1000,20.25,1000,0,42000
VOLTAS30Jan20660PE.NFO,07/01/2020,12:50:45,20.25,19.2,3000,20.05,2000,0,42000
VOLTAS30Jan20660PE.NFO,07/01/2020,12:50:47,20.25,19.3,3000,20.05,2000,0,42000
VOLTAS30Jan20660PE.NFO,07/01/2020,12:51:01,20.25,19.3,3000,20,1000,0,42000
VOLTAS30Jan20660PE.NFO,07/01/2020,12:51:04,20.25,19.3,3000,20,2000,0,42000
VOLTAS30Jan20660PE.NFO,07/01/2020,12:51:48,20.25,19.3,3000,19.95,1000,0,42000
VOLTAS30Jan20660PE.NFO,07/01/2020,12:53:01,20.25,19.05,3000,19.85,1000,0,42000
VOLTAS30Jan20660PE.NFO,07/01/2020,12:53:08,20.25,19.05,5000,19.9,1000,0,42000
VOLTAS30Jan20660PE.NFO,07/01/2020,12:53:39,20.25,19.05,5000,19.9,2000,0,42000
VOLTAS30Jan20660PE.NFO,07/01/2020,12:53:49,20.25,18.8,3000,19.7,1000,0,42000
VOLTAS30Jan20660PE.NFO,07/01/2020,12:53:53,20.25,18.8,3000,19.5,2000,0,42000
VOLTAS30Jan20660PE.NFO,07/01/2020,12:53:56,20.25,18.8,3000,19.75,1000,0,42000
VOLTAS30Jan20660PE.NFO,07/01/2020,12:54:16,20.25,18.8,5000,19.75,1000,0,42000
VOLTAS30Jan20660PE.NFO,07/01/2020,12:54:28,20.25,18.9,4000,19.95,1000,0,42000
VOLTAS30Jan20660PE.NFO,07/01/2020,12:54:33,20.25,19,4000,19.95,1000,0,42000
VOLTAS30Jan20660PE.NFO,07/01/2020,12:55:20,20.25,19,4000,19.95,2000,0,42000
VOLTAS30Jan20660PE.NFO,07/01/2020,12:55:28,20.25,19,4000,19.85,1000,0,42000
VOLTAS30Jan20660PE.NFO,07/01/2020,12:56:02,20.25,19,4000,19.85,2000,0,42000
VOLTAS30Jan20660PE.NFO,07/01/2020,12:56:22,20.25,19,5000,19.85,2000,0,42000
VOLTAS30Jan20660PE.NFO,07/01/2020,12:56:49,20.25,19,7000,19.95,1000,0,42000
VOLTAS30Jan20660PE.NFO,07/01/2020,12:57:52,20.25,19,7000,19.9,2000,0,42000
VOLTAS30Jan20660PE.NFO,07/01/2020,12:58:00,20.25,19,7000,19.85,1000,0,42000
VOLTAS30Jan20660PE.NFO,07/01/2020,12:58:15,20.25,19.25,2000,19.85,1000,0,42000
VOLTAS30Jan20660PE.NFO,07/01/2020,12:59:50,20.25,19.3,1000,20,1000,0,42000
VOLTAS30Jan20660PE.NFO,07/01/2020,13:00:10,20.25,19.55,1000,20.15,1000,0,42000
VOLTAS30Jan20660PE.NFO,07/01/2020,13:00:19,20.25,19.65,3000,20.2,1000,0,42000
VOLTAS30Jan20660PE.NFO,07/01/2020,13:00:54,20.25,19.65,1000,20.1,1000,0,42000
VOLTAS30Jan20660PE.NFO,07/01/2020,13:00:59,20.25,19.65,3000,20.2,1000,0,42000
VOLTAS30Jan20660PE.NFO,07/01/2020,13:01:04,20.25,19.75,3000,20.2,1000,0,42000
VOLTAS30Jan20660PE.NFO,07/01/2020,13:01:10,20.25,19.75,3000,20.25,1000,0,42000
VOLTAS30Jan20660PE.NFO,07/01/2020,13:01:31,20.25,19.75,3000,20.35,1000,0,42000
VOLTAS30Jan20660PE.NFO,07/01/2020,13:01:38,20.25,19.75,3000,20.35,2000,0,42000
VOLTAS30Jan20660PE.NFO,07/01/2020,13:02:07,20.25,19.75,3000,20.25,1000,0,42000
VOLTAS30Jan20660PE.NFO,07/01/2020,13:02:21,20.25,19.75,3000,20.25,2000,0,42000
VOLTAS30Jan20660PE.NFO,07/01/2020,13:03:24,20.25,19.75,2000,20.25,2000,0,42000
VOLTAS30Jan20660PE.NFO,07/01/2020,13:03:57,20.25,19.65,2000,20.25,3000,0,42000
VOLTAS30Jan20660PE.NFO,07/01/2020,13:04:09,20.25,19.65,1000,20.25,3000,0,42000
VOLTAS30Jan20660PE.NFO,07/01/2020,13:04:12,20.25,19.65,2000,20.25,3000,0,42000
VOLTAS30Jan20660PE.NFO,07/01/2020,13:04:19,20.25,19.65,1000,20.15,2000,0,42000
VOLTAS30Jan20660PE.NFO,07/01/2020,13:04:24,20.25,19.7,1000,20.15,2000,0,42000
VOLTAS30Jan20660PE.NFO,07/01/2020,13:04:30,20.25,19.65,1000,20.15,2000,0,42000
VOLTAS30Jan20660PE.NFO,07/01/2020,13:04:45,20.25,19.75,1000,20.15,1000,0,42000
VOLTAS30Jan20660PE.NFO,07/01/2020,13:04:53,20.25,19.75,1000,20.25,1000,0,42000
VOLTAS30Jan20660PE.NFO,07/01/2020,13:04:59,20.25,19.75,2000,20.25,1000,0,42000
VOLTAS30Jan20660PE.NFO,07/01/2020,13:05:05,20.25,19.8,1000,20.25,1000,0,42000
VOLTAS30Jan20660PE.NFO,07/01/2020,13:05:11,20.25,19.8,2000,20.3,1000,0,42000
VOLTAS30Jan20660PE.NFO,07/01/2020,13:05:17,20.25,19.8,1000,20.25,1000,0,42000
VOLTAS30Jan20660PE.NFO,07/01/2020,13:05:28,20.25,19.9,1000,20.3,1000,0,42000
VOLTAS30Jan20660PE.NFO,07/01/2020,13:05:44,20.25,19.8,1000,20.25,1000,0,42000
VOLTAS30Jan20660PE.NFO,07/01/2020,13:05:49,20.25,19.8,2000,20.25,1000,0,42000
VOLTAS30Jan20660PE.NFO,07/01/2020,13:06:12,20.25,19.8,1000,20.25,1000,0,42000
VOLTAS30Jan20660PE.NFO,07/01/2020,13:06:34,20.25,19.8,3000,20.3,1000,0,42000
VOLTAS30Jan20660PE.NFO,07/01/2020,13:06:49,20.25,19.8,2000,20.25,1000,0,42000
VOLTAS30Jan20660PE.NFO,07/01/2020,13:06:54,20.25,19.8,3000,20.3,1000,0,42000
VOLTAS30Jan20660PE.NFO,07/01/2020,13:06:59,20.25,19.8,2000,20.3,1000,0,42000
VOLTAS30Jan20660PE.NFO,07/01/2020,13:07:04,20.25,20,1000,20.45,1000,0,42000
VOLTAS30Jan20660PE.NFO,07/01/2020,13:07:10,20.25,19.95,3000,20.45,1000,0,42000
VOLTAS30Jan20660PE.NFO,07/01/2020,13:07:21,20.25,20,1000,20.5,1000,0,42000
VOLTAS30Jan20660PE.NFO,07/01/2020,13:07:26,20.25,20,1000,20.55,2000,0,42000
VOLTAS30Jan20660PE.NFO,07/01/2020,13:07:32,20.25,20,1000,20.45,2000,0,42000
VOLTAS30Jan20660PE.NFO,07/01/2020,13:07:38,20.25,19.9,2000,20.45,2000,0,42000
VOLTAS30Jan20660PE.NFO,07/01/2020,13:07:48,20.25,20.05,1000,20.45,1000,0,42000
VOLTAS30Jan20660PE.NFO,07/01/2020,13:07:58,20.25,20.2,1000,20.75,2000,0,42000
VOLTAS30Jan20660PE.NFO,07/01/2020,13:08:05,20.25,20.15,1000,20.6,1000,0,42000
VOLTAS30Jan20660PE.NFO,07/01/2020,13:08:20,20.25,20.2,2000,20.65,1000,0,42000
VOLTAS30Jan20660PE.NFO,07/01/2020,13:08:28,20.25,20.15,2000,20.65,1000,0,42000
VOLTAS30Jan20660PE.NFO,07/01/2020,13:08:54,20.25,20.15,1000,20.65,1000,0,42000
VOLTAS30Jan20660PE.NFO,07/01/2020,13:09:00,20.25,20.15,1000,20.6,1000,0,42000
VOLTAS30Jan20660PE.NFO,07/01/2020,13:09:06,20.25,20.15,1000,20.65,1000,0,42000
VOLTAS30Jan20660PE.NFO,07/01/2020,13:09:14,20.25,20.2,1000,20.65,1000,0,42000
VOLTAS30Jan20660PE.NFO,07/01/2020,13:09:22,20.25,20.15,1000,20.65,1000,0,42000
VOLTAS30Jan20660PE.NFO,07/01/2020,13:09:37,20.25,20.15,1000,20.6,2000,0,42000
VOLTAS30Jan20660PE.NFO,07/01/2020,13:09:44,20.2,20.2,2000,20.9,1000,1000,42000
VOLTAS30Jan20660PE.NFO,07/01/2020,13:09:49,20.2,20.2,1000,20.7,1000,0,42000
VOLTAS30Jan20660PE.NFO,07/01/2020,13:09:57,20.2,20.2,2000,20.75,1000,0,42000
VOLTAS30Jan20660PE.NFO,07/01/2020,13:10:03,20.2,20.2,1000,20.65,2000,0,42000
VOLTAS30Jan20660PE.NFO,07/01/2020,13:10:16,20.2,20.2,2000,20.75,2000,0,42000
VOLTAS30Jan20660PE.NFO,07/01/2020,13:10:23,20.2,20.2,1000,20.75,2000,0,42000
VOLTAS30Jan20660PE.NFO,07/01/2020,13:10:33,20.2,20.1,1000,20.55,1000,0,42000
VOLTAS30Jan20660PE.NFO,07/01/2020,13:10:49,20.2,20.1,1000,20.65,1000,0,42000
VOLTAS30Jan20660PE.NFO,07/01/2020,13:10:53,20.2,20.1,1000,20.6,1000,0,42000
VOLTAS30Jan20660PE.NFO,07/01/2020,13:11:03,20.2,20.1,1000,20.6,2000,0,42000
VOLTAS30Jan20660PE.NFO,07/01/2020,13:11:41,20.2,20.15,2000,20.6,2000,0,42000
VOLTAS30Jan20660PE.NFO,07/01/2020,13:12:34,20.2,20.15,2000,20.6,1000,0,42000
VOLTAS30Jan20660PE.NFO,07/01/2020,13:13:09,20.2,20.15,3000,20.7,2000,0,42000
VOLTAS30Jan20660PE.NFO,07/01/2020,13:13:17,20.2,20.15,2000,20.65,1000,0,42000
VOLTAS30Jan20660PE.NFO,07/01/2020,13:13:21,20.2,20.15,2000,20.7,1000,0,42000
VOLTAS30Jan20660PE.NFO,07/01/2020,13:13:25,20.2,20.15,2000,20.65,1000,0,42000
VOLTAS30Jan20660PE.NFO,07/01/2020,13:13:30,20.2,20.15,3000,20.8,2000,0,42000
VOLTAS30Jan20660PE.NFO,07/01/2020,13:13:40,20.2,20.15,3000,20.8,1000,0,42000
VOLTAS30Jan20660PE.NFO,07/01/2020,13:13:44,20.2,20.15,3000,20.8,2000,0,42000
VOLTAS30Jan20660PE.NFO,07/01/2020,13:14:15,20.2,20.15,3000,20.7,1000,0,42000
VOLTAS30Jan20660PE.NFO,07/01/2020,13:14:40,20.2,20.15,3000,20.7,2000,0,42000
VOLTAS30Jan20660PE.NFO,07/01/2020,13:15:04,20.2,20.15,3000,20.75,1000,0,42000
VOLTAS30Jan20660PE.NFO,07/01/2020,13:15:11,20.2,20.15,3000,20.75,2000,0,42000
VOLTAS30Jan20660PE.NFO,07/01/2020,13:15:19,20.2,20.15,3000,20.75,1000,0,42000
VOLTAS30Jan20660PE.NFO,07/01/2020,13:15:27,20.2,20.15,3000,20.8,2000,0,42000
VOLTAS30Jan20660PE.NFO,07/01/2020,13:15:46,20.2,20.15,3000,20.75,1000,0,42000
VOLTAS30Jan20660PE.NFO,07/01/2020,13:16:03,20.2,20.15,3000,20.75,2000,0,42000
VOLTAS30Jan20660PE.NFO,07/01/2020,13:16:22,20.2,20.15,3000,20.7,2000,0,42000
VOLTAS30Jan20660PE.NFO,07/01/2020,13:17:11,20.2,20.15,3000,20.7,1000,0,42000
VOLTAS30Jan20660PE.NFO,07/01/2020,13:18:08,20.2,20.15,3000,20.85,1000,0,42000
VOLTAS30Jan20660PE.NFO,07/01/2020,13:18:41,20.2,20.15,3000,20.75,1000,0,42000
VOLTAS30Jan20660PE.NFO,07/01/2020,13:19:27,20.2,20.15,3000,20.85,1000,0,42000
VOLTAS30Jan20660PE.NFO,07/01/2020,13:19:31,20.2,20.15,3000,20.95,1000,0,42000
VOLTAS30Jan20660PE.NFO,07/01/2020,13:19:58,20.2,20.15,3000,20.85,1000,0,42000
VOLTAS30Jan20660PE.NFO,07/01/2020,13:20:08,20.2,20.15,3000,20.8,1000,0,42000
VOLTAS30Jan20660PE.NFO,07/01/2020,13:20:20,20.2,20.15,3000,20.85,1000,0,42000
VOLTAS30Jan20660PE.NFO,07/01/2020,13:20:48,20.2,20.15,3000,20.7,1000,0,42000
VOLTAS30Jan20660PE.NFO,07/01/2020,13:20:52,20.2,20.15,3000,20.75,1000,0,42000
VOLTAS30Jan20660PE.NFO,07/01/2020,13:20:59,20.2,20.15,3000,20.8,1000,0,42000
VOLTAS30Jan20660PE.NFO,07/01/2020,13:21:04,20.2,20.15,3000,20.75,1000,0,42000
VOLTAS30Jan20660PE.NFO,07/01/2020,13:21:18,20.2,20.15,3000,21,1000,0,42000
VOLTAS30Jan20660PE.NFO,07/01/2020,13:23:28,20.2,20.15,3000,21,2000,0,42000
VOLTAS30Jan20660PE.NFO,07/01/2020,13:24:35,20.2,20.15,3000,20.8,1000,0,42000
VOLTAS30Jan20660PE.NFO,07/01/2020,13:24:50,20.2,20.15,3000,20.75,1000,0,42000
VOLTAS30Jan20660PE.NFO,07/01/2020,13:25:02,20.2,20.15,3000,20.75,2000,0,42000
VOLTAS30Jan20660PE.NFO,07/01/2020,13:25:14,20.2,20.15,2000,21.2,2000,0,42000
VOLTAS30Jan20660PE.NFO,07/01/2020,13:25:21,20.2,20.15,2000,20.8,1000,0,42000
VOLTAS30Jan20660PE.NFO,07/01/2020,13:25:32,20.2,20.15,2000,20.9,1000,0,42000
VOLTAS30Jan20660PE.NFO,07/01/2020,13:25:40,20.2,20.15,3000,20.9,1000,0,42000
VOLTAS30Jan20660PE.NFO,07/01/2020,13:28:13,20.2,20.15,3000,21.15,1000,0,42000
VOLTAS30Jan20660PE.NFO,07/01/2020,13:29:22,20.2,20.15,3000,21.35,1000,0,42000
VOLTAS30Jan20660PE.NFO,07/01/2020,13:29:48,20.2,20.3,3000,21.35,1000,0,42000
VOLTAS30Jan20660PE.NFO,07/01/2020,13:29:54,20.2,20.3,3000,21.9,1000,0,42000
VOLTAS30Jan20660PE.NFO,07/01/2020,13:30:40,20.2,20.3,3000,21,2000,0,42000
VOLTAS30Jan20660PE.NFO,07/01/2020,13:30:55,20.2,20.3,5000,21,2000,0,42000
VOLTAS30Jan20660PE.NFO,07/01/2020,13:31:17,20.2,20.3,3000,21,2000,0,42000
VOLTAS30Jan20660PE.NFO,07/01/2020,13:31:23,21,20.55,2000,21.35,1000,2000,42000
VOLTAS30Jan20660PE.NFO,07/01/2020,13:31:23,21,20.55,2000,21.35,1000,0,42000
VOLTAS30Jan20660PE.NFO,07/01/2020,13:31:29,21,21.05,1000,22.3,3000,0,42000
VOLTAS30Jan20660PE.NFO,07/01/2020,13:31:37,21,21.05,2000,22.25,3000,0,42000
VOLTAS30Jan20660PE.NFO,07/01/2020,13:31:45,21,21.05,1000,21.6,1000,0,42000
VOLTAS30Jan20660PE.NFO,07/01/2020,13:31:52,21,20.9,1000,21.5,1000,0,42000
VOLTAS30Jan20660PE.NFO,07/01/2020,13:32:00,21,20.8,1000,21.8,2000,0,42000
VOLTAS30Jan20660PE.NFO,07/01/2020,13:32:08,21,20.8,2000,22.1,3000,0,42000
VOLTAS30Jan20660PE.NFO,07/01/2020,13:32:15,21,20.8,2000,22.4,3000,0,42000
VOLTAS30Jan20660PE.NFO,07/01/2020,13:32:20,21,20.8,2000,21.8,2000,0,42000
VOLTAS30Jan20660PE.NFO,07/01/2020,13:32:26,21,20.8,2000,22.25,3000,0,42000
VOLTAS30Jan20660PE.NFO,07/01/2020,13:32:31,21,20.8,2000,21.75,1000,0,42000
VOLTAS30Jan20660PE.NFO,07/01/2020,13:32:36,21,20.8,2000,22.35,3000,0,42000
VOLTAS30Jan20660PE.NFO,07/01/2020,13:32:41,21,20.8,2000,21.75,1000,0,42000
VOLTAS30Jan20660PE.NFO,07/01/2020,13:32:48,21,20.8,3000,21.95,1000,0,42000
VOLTAS30Jan20660PE.NFO,07/01/2020,13:33:01,21,20.8,3000,22,1000,0,42000
VOLTAS30Jan20660PE.NFO,07/01/2020,13:33:07,21,20.8,3000,21.95,1000,0,42000
VOLTAS30Jan20660PE.NFO,07/01/2020,13:33:12,21,20.8,3000,22,1000,0,42000
VOLTAS30Jan20660PE.NFO,07/01/2020,13:33:17,21,20.8,3000,22.25,2000,0,42000
VOLTAS30Jan20660PE.NFO,07/01/2020,13:33:22,21,20.8,3000,22.45,2000,0,42000
VOLTAS30Jan20660PE.NFO,07/01/2020,13:33:28,21,20.8,3000,22.5,2000,0,42000
VOLTAS30Jan20660PE.NFO,07/01/2020,13:33:35,21,20.8,3000,22.6,2000,0,42000
VOLTAS30Jan20660PE.NFO,07/01/2020,13:33:40,21,20.8,3000,22.05,1000,0,42000
VOLTAS30Jan20660PE.NFO,07/01/2020,13:33:45,21,20.8,3000,22.25,2000,0,42000
VOLTAS30Jan20660PE.NFO,07/01/2020,13:33:50,21,20.8,3000,22.45,2000,0,42000
VOLTAS30Jan20660PE.NFO,07/01/2020,13:33:57,21,20.8,3000,22.65,2000,0,42000
VOLTAS30Jan20660PE.NFO,07/01/2020,13:34:02,21,20.8,3000,22.15,2000,0,42000
VOLTAS30Jan20660PE.NFO,07/01/2020,13:34:06,21,20.8,3000,22.75,2000,0,42000
VOLTAS30Jan20660PE.NFO,07/01/2020,13:34:11,21,21.05,1000,22.35,2000,0,42000
VOLTAS30Jan20660PE.NFO,07/01/2020,13:34:16,21,21.05,1000,22.5,3000,0,42000
VOLTAS30Jan20660PE.NFO,07/01/2020,13:34:21,21,21.35,1000,22.75,3000,0,42000
VOLTAS30Jan20660PE.NFO,07/01/2020,13:34:26,21,21.35,1000,22.15,1000,0,42000
VOLTAS30Jan20660PE.NFO,07/01/2020,13:34:30,21,21.35,1000,22.3,3000,0,42000
