Ticker,Date,Time,LTP,BuyPrice,BuyQty,SellPrice,SellQty,LTQ,OpenInterest
WIPRO27Feb20270CE.NFO,07/01/2020,13:37:11,4.1,4.1,32000,0,0,3200,12800
WIPRO27Feb20270CE.NFO,07/01/2020,13:37:11,4.1,4.1,32000,0,0,0,12800
WIPRO27Feb20270CE.NFO,07/01/2020,13:37:11,4.1,4.1,32000,0,0,0,12800
WIPRO27Feb20270CE.NFO,07/01/2020,13:37:11,4.1,4.1,32000,0,0,0,12800
WIPRO27Feb20270CE.NFO,07/01/2020,13:37:16,4.1,4.1,22400,0,0,6400,12800
WIPRO27Feb20270CE.NFO,07/01/2020,13:37:21,4.1,4.1,25600,0,0,0,12800
WIPRO27Feb20270CE.NFO,07/01/2020,13:37:29,4.1,4.1,32000,0,0,0,12800
WIPRO27Feb20270CE.NFO,07/01/2020,13:37:34,4.1,4.1,32000,4.9,6400,0,12800
WIPRO27Feb20270CE.NFO,07/01/2020,13:37:40,4.1,4.15,57600,4.9,9600,0,12800
WIPRO27Feb20270CE.NFO,07/01/2020,13:37:45,4.1,4.15,57600,4.85,3200,0,12800
WIPRO27Feb20270CE.NFO,07/01/2020,13:37:49,4.1,4.15,25600,4.85,3200,0,12800
WIPRO27Feb20270CE.NFO,07/01/2020,13:38:10,4.1,4.15,38400,4.9,9600,0,12800
WIPRO27Feb20270CE.NFO,07/01/2020,13:38:50,4.1,4.15,32000,4.9,9600,0,12800
WIPRO27Feb20270CE.NFO,07/01/2020,13:38:54,4.1,4.15,38400,4.9,9600,0,12800
WIPRO27Feb20270CE.NFO,07/01/2020,13:39:14,4.1,4.15,25600,4.9,9600,0,12800
WIPRO27Feb20270CE.NFO,07/01/2020,13:39:19,4.1,4.15,32000,4.9,9600,0,12800
WIPRO27Feb20270CE.NFO,07/01/2020,13:39:25,4.1,4.15,19200,4.9,9600,0,12800
WIPRO27Feb20270CE.NFO,07/01/2020,13:39:30,4.1,4.15,32000,4.9,9600,0,12800
WIPRO27Feb20270CE.NFO,07/01/2020,13:41:05,4.1,4.2,35200,4.9,9600,0,12800
WIPRO27Feb20270CE.NFO,07/01/2020,13:41:23,4.1,4.2,9600,4.9,9600,0,12800
WIPRO27Feb20270CE.NFO,07/01/2020,13:41:27,4.1,4.2,35200,4.9,9600,0,12800
WIPRO27Feb20270CE.NFO,07/01/2020,13:41:40,4.1,4.3,6400,4.9,9600,0,12800
WIPRO27Feb20270CE.NFO,07/01/2020,13:41:46,4.1,4.2,32000,4.9,9600,0,12800
WIPRO27Feb20270CE.NFO,07/01/2020,13:41:51,4.1,4.4,3200,4.9,9600,0,12800
WIPRO27Feb20270CE.NFO,07/01/2020,13:42:21,4.1,4.45,3200,4.9,9600,0,12800
WIPRO27Feb20270CE.NFO,07/01/2020,13:42:28,4.1,4.2,32000,4.9,9600,0,12800
WIPRO27Feb20270CE.NFO,07/01/2020,13:45:06,4.1,4.2,44800,4.9,9600,0,12800
WIPRO27Feb20270CE.NFO,07/01/2020,13:46:15,4.1,4.2,51200,4.9,9600,0,12800
WIPRO27Feb20270CE.NFO,07/01/2020,13:46:21,4.1,4.2,44800,4.9,9600,0,12800
WIPRO27Feb20270CE.NFO,07/01/2020,13:46:37,4.1,4.2,51200,4.9,9600,0,12800
WIPRO27Feb20270CE.NFO,07/01/2020,13:46:58,4.1,4.3,48000,4.9,9600,0,12800
WIPRO27Feb20270CE.NFO,07/01/2020,13:47:23,4.1,4.5,19200,4.9,9600,0,12800
WIPRO27Feb20270CE.NFO,07/01/2020,13:47:29,4.1,4.5,32000,4.9,9600,0,12800
WIPRO27Feb20270CE.NFO,07/01/2020,13:48:26,4.1,4.5,19200,4.9,9600,0,12800
WIPRO27Feb20270CE.NFO,07/01/2020,13:48:31,4.1,4.5,32000,4.9,9600,0,12800
WIPRO27Feb20270CE.NFO,07/01/2020,13:48:36,4.1,4.5,19200,4.9,9600,0,12800
WIPRO27Feb20270CE.NFO,07/01/2020,13:48:46,4.1,4.5,12800,4.9,9600,0,12800
WIPRO27Feb20270CE.NFO,07/01/2020,13:48:52,4.1,4.5,19200,4.9,9600,0,12800
WIPRO27Feb20270CE.NFO,07/01/2020,13:49:18,4.1,4.55,9600,4.9,9600,0,12800
WIPRO27Feb20270CE.NFO,07/01/2020,13:49:24,4.1,4.55,19200,4.9,9600,0,12800
WIPRO27Feb20270CE.NFO,07/01/2020,13:49:37,4.1,4.55,12800,4.9,9600,0,12800
WIPRO27Feb20270CE.NFO,07/01/2020,13:49:55,4.1,4.55,19200,4.9,9600,0,12800
WIPRO27Feb20270CE.NFO,07/01/2020,13:50:02,4.1,4.55,12800,4.9,9600,0,12800
WIPRO27Feb20270CE.NFO,07/01/2020,13:50:14,4.1,4.55,19200,4.9,9600,0,12800
WIPRO27Feb20270CE.NFO,07/01/2020,13:50:22,4.1,4.55,6400,4.9,9600,0,12800
WIPRO27Feb20270CE.NFO,07/01/2020,13:50:43,4.1,4.55,12800,4.9,9600,0,12800
WIPRO27Feb20270CE.NFO,07/01/2020,13:51:24,4.1,4.55,32000,4.9,9600,0,12800
WIPRO27Feb20270CE.NFO,07/01/2020,13:51:29,4.1,4.3,48000,4.9,9600,0,12800
WIPRO27Feb20270CE.NFO,07/01/2020,13:51:34,4.1,4.65,6400,4.9,9600,0,12800
WIPRO27Feb20270CE.NFO,07/01/2020,13:51:40,4.1,4.65,9600,4.9,9600,0,12800
WIPRO27Feb20270CE.NFO,07/01/2020,13:51:54,4.1,4.55,19200,4.9,9600,0,12800
WIPRO27Feb20270CE.NFO,07/01/2020,13:52:00,4.1,4.65,3200,4.9,9600,0,12800
WIPRO27Feb20270CE.NFO,07/01/2020,13:52:05,4.1,4.55,19200,4.9,9600,0,12800
WIPRO27Feb20270CE.NFO,07/01/2020,13:52:10,4.1,4.55,6400,4.9,9600,0,12800
WIPRO27Feb20270CE.NFO,07/01/2020,13:52:16,4.1,4.55,19200,4.9,9600,0,12800
WIPRO27Feb20270CE.NFO,07/01/2020,13:52:21,4.1,4.55,6400,4.9,9600,0,12800
WIPRO27Feb20270CE.NFO,07/01/2020,13:52:25,4.1,4.3,48000,4.9,9600,0,12800
WIPRO27Feb20270CE.NFO,07/01/2020,13:52:41,4.1,4.5,16000,4.9,9600,0,12800
WIPRO27Feb20270CE.NFO,07/01/2020,13:52:45,4.1,4.6,9600,4.9,9600,0,12800
WIPRO27Feb20270CE.NFO,07/01/2020,13:52:50,4.1,4.7,3200,4.9,9600,0,12800
WIPRO27Feb20270CE.NFO,07/01/2020,13:53:15,4.1,4.5,12800,4.9,9600,0,12800
WIPRO27Feb20270CE.NFO,07/01/2020,13:53:25,4.1,4.5,19200,4.9,9600,0,12800
WIPRO27Feb20270CE.NFO,07/01/2020,13:53:29,4.1,4.5,12800,4.9,9600,0,12800
WIPRO27Feb20270CE.NFO,07/01/2020,13:53:33,4.1,4.6,6400,4.9,9600,0,12800
WIPRO27Feb20270CE.NFO,07/01/2020,13:53:41,4.1,4.7,3200,4.9,9600,0,12800
WIPRO27Feb20270CE.NFO,07/01/2020,13:54:45,4.1,4.3,9600,4.9,9600,0,12800
WIPRO27Feb20270CE.NFO,07/01/2020,13:54:50,4.1,4.3,3200,4.9,9600,0,12800
WIPRO27Feb20270CE.NFO,07/01/2020,13:54:59,4.1,4.5,3200,4.9,9600,0,12800
WIPRO27Feb20270CE.NFO,07/01/2020,13:56:51,4.1,4.6,3200,4.9,9600,0,12800
WIPRO27Feb20270CE.NFO,07/01/2020,13:57:12,4.1,4.7,3200,4.9,9600,0,12800
WIPRO27Feb20270CE.NFO,07/01/2020,13:57:40,4.75,4.6,3200,4.9,6400,3200,22400
WIPRO27Feb20270CE.NFO,07/01/2020,13:57:40,4.75,4.6,3200,4.9,6400,0,22400
WIPRO27Feb20270CE.NFO,07/01/2020,13:57:45,4.75,4.6,3200,4.9,6400,0,22400
WIPRO27Feb20270CE.NFO,07/01/2020,13:58:22,4.75,4.7,3200,4.9,6400,0,22400
WIPRO27Feb20270CE.NFO,07/01/2020,13:58:37,4.75,4.6,3200,4.9,6400,0,22400
WIPRO27Feb20270CE.NFO,07/01/2020,13:58:48,4.75,4.7,3200,4.9,6400,0,22400
WIPRO27Feb20270CE.NFO,07/01/2020,13:58:52,4.75,4.75,3200,4.9,6400,0,22400
WIPRO27Feb20270CE.NFO,07/01/2020,13:59:13,4.75,4.65,3200,4.9,6400,0,22400
WIPRO27Feb20270CE.NFO,07/01/2020,13:59:21,4.75,4.7,3200,4.9,6400,0,22400
WIPRO27Feb20270CE.NFO,07/01/2020,13:59:34,4.75,4.75,3200,4.9,6400,0,22400
WIPRO27Feb20270CE.NFO,07/01/2020,14:00:45,4.8,4.75,3200,4.9,3200,3200,25600
WIPRO27Feb20270CE.NFO,07/01/2020,14:00:45,4.8,4.75,3200,4.9,3200,0,25600
WIPRO27Feb20270CE.NFO,07/01/2020,14:00:53,4.8,4.75,3200,4.8,3200,0,25600
WIPRO27Feb20270CE.NFO,07/01/2020,14:00:59,4.8,4.75,3200,0,0,3200,25600
WIPRO27Feb20270CE.NFO,07/01/2020,14:01:05,4.8,4.7,3200,0,0,0,25600
WIPRO27Feb20270CE.NFO,07/01/2020,14:01:10,4.8,3.85,51200,0,0,0,25600
WIPRO27Feb20270CE.NFO,07/01/2020,14:01:15,4.8,3.85,44800,0,0,0,25600
WIPRO27Feb20270CE.NFO,07/01/2020,14:01:28,4.8,4.1,22400,0,0,0,25600
WIPRO27Feb20270CE.NFO,07/01/2020,14:01:58,4.8,4.5,3200,0,0,0,25600
WIPRO27Feb20270CE.NFO,07/01/2020,14:02:22,4.8,4.6,3200,0,0,0,25600
WIPRO27Feb20270CE.NFO,07/01/2020,14:03:19,4.8,4.65,3200,0,0,0,25600
WIPRO27Feb20270CE.NFO,07/01/2020,14:03:27,4.8,4.7,3200,0,0,0,25600
WIPRO27Feb20270CE.NFO,07/01/2020,14:03:36,4.8,4.55,3200,0,0,0,25600
WIPRO27Feb20270CE.NFO,07/01/2020,14:03:49,4.8,4.7,3200,0,0,0,25600
WIPRO27Feb20270CE.NFO,07/01/2020,14:04:00,4.8,4.7,3200,4.9,3200,0,25600
WIPRO27Feb20270CE.NFO,07/01/2020,14:04:06,4.8,4.6,3200,4.9,3200,0,25600
WIPRO27Feb20270CE.NFO,07/01/2020,14:04:15,4.8,4.6,3200,0,0,0,25600
WIPRO27Feb20270CE.NFO,07/01/2020,14:04:23,4.8,4.6,3200,5.55,9600,0,25600
WIPRO27Feb20270CE.NFO,07/01/2020,14:04:27,4.8,4.6,3200,5.55,19200,0,25600
WIPRO27Feb20270CE.NFO,07/01/2020,14:04:31,4.8,4.6,3200,5.55,16000,0,25600
WIPRO27Feb20270CE.NFO,07/01/2020,14:04:34,4.8,4.7,3200,5.55,16000,0,25600
WIPRO27Feb20270CE.NFO,07/01/2020,14:04:37,4.8,4.75,3200,5.55,16000,0,25600
WIPRO27Feb20270CE.NFO,07/01/2020,14:04:43,4.8,4.75,3200,5.55,22400,0,25600
WIPRO27Feb20270CE.NFO,07/01/2020,14:04:51,4.8,4.7,3200,5.55,22400,0,25600
WIPRO27Feb20270CE.NFO,07/01/2020,14:05:03,4.8,4.7,6400,5.55,22400,0,25600
WIPRO27Feb20270CE.NFO,07/01/2020,14:05:11,4.8,4.7,3200,5.55,22400,0,25600
WIPRO27Feb20270CE.NFO,07/01/2020,14:05:49,4.8,4.6,3200,5.55,22400,0,25600
WIPRO27Feb20270CE.NFO,07/01/2020,14:05:54,4.8,4.5,3200,5.55,22400,0,25600
WIPRO27Feb20270CE.NFO,07/01/2020,14:06:10,4.8,4.3,3200,5.55,22400,0,25600
WIPRO27Feb20270CE.NFO,07/01/2020,14:06:14,4.8,4.5,3200,5.55,22400,0,25600
WIPRO27Feb20270CE.NFO,07/01/2020,14:06:18,4.8,4.55,3200,5.55,22400,0,25600
WIPRO27Feb20270CE.NFO,07/01/2020,14:06:21,4.8,4.6,3200,5.55,22400,0,25600
WIPRO27Feb20270CE.NFO,07/01/2020,14:06:25,4.8,4.65,3200,5.55,22400,0,25600
WIPRO27Feb20270CE.NFO,07/01/2020,14:06:30,4.8,4.7,3200,5.55,22400,0,25600
WIPRO27Feb20270CE.NFO,07/01/2020,14:06:33,4.8,4.7,3200,5.55,28800,0,25600
WIPRO27Feb20270CE.NFO,07/01/2020,14:06:57,4.8,4.7,3200,5.55,35200,0,25600
WIPRO27Feb20270CE.NFO,07/01/2020,14:07:04,4.8,4.5,3200,5.55,35200,0,25600
WIPRO27Feb20270CE.NFO,07/01/2020,14:07:22,4.8,4.5,3200,5,3200,0,25600
WIPRO27Feb20270CE.NFO,07/01/2020,14:07:41,4.8,4.5,3200,5.3,3200,0,25600
WIPRO27Feb20270CE.NFO,07/01/2020,14:07:55,4.8,4.5,3200,5.55,28800,0,25600
WIPRO27Feb20270CE.NFO,07/01/2020,14:07:59,4.8,4.5,3200,5.55,22400,0,25600
WIPRO27Feb20270CE.NFO,07/01/2020,14:08:05,4.8,4.5,3200,5.55,28800,0,25600
WIPRO27Feb20270CE.NFO,07/01/2020,14:08:10,4.8,4.6,3200,5.55,28800,0,25600
WIPRO27Feb20270CE.NFO,07/01/2020,14:08:19,4.8,4.6,6400,5.55,22400,0,25600
WIPRO27Feb20270CE.NFO,07/01/2020,14:08:28,4.8,4.6,6400,5.55,28800,0,25600
WIPRO27Feb20270CE.NFO,07/01/2020,14:08:32,4.8,4.65,3200,5.55,28800,0,25600
WIPRO27Feb20270CE.NFO,07/01/2020,14:08:42,4.8,4.65,3200,5.55,35200,0,25600
WIPRO27Feb20270CE.NFO,07/01/2020,14:08:50,4.8,4.65,3200,5.55,28800,0,25600
WIPRO27Feb20270CE.NFO,07/01/2020,14:08:56,4.8,4.65,3200,5.55,35200,0,25600
WIPRO27Feb20270CE.NFO,07/01/2020,14:09:19,4.8,4.5,3200,5.55,35200,0,25600
WIPRO27Feb20270CE.NFO,07/01/2020,14:10:44,4.8,4.5,3200,5.55,48000,0,25600
WIPRO27Feb20270CE.NFO,07/01/2020,14:10:49,4.8,4.5,3200,5.55,35200,0,25600
WIPRO27Feb20270CE.NFO,07/01/2020,14:11:09,4.8,4.5,3200,5.55,48000,0,25600
WIPRO27Feb20270CE.NFO,07/01/2020,14:11:12,4.8,4.5,3200,5.55,35200,0,25600
WIPRO27Feb20270CE.NFO,07/01/2020,14:11:18,4.8,4.5,3200,5.55,48000,0,25600
WIPRO27Feb20270CE.NFO,07/01/2020,14:11:25,4.8,4.6,3200,5.55,35200,0,25600
WIPRO27Feb20270CE.NFO,07/01/2020,14:11:52,4.8,4.6,3200,5.55,48000,0,25600
WIPRO27Feb20270CE.NFO,07/01/2020,14:12:31,4.6,4.5,3200,5.55,54400,3200,32000
WIPRO27Feb20270CE.NFO,07/01/2020,14:12:37,4.6,4.5,3200,4.9,3200,0,32000
WIPRO27Feb20270CE.NFO,07/01/2020,14:12:46,4.6,4.55,3200,4.9,3200,0,32000
WIPRO27Feb20270CE.NFO,07/01/2020,14:13:20,4.6,4.1,3200,4.9,3200,3200,32000
WIPRO27Feb20270CE.NFO,07/01/2020,14:13:30,4.6,4.5,3200,4.9,3200,0,32000
WIPRO27Feb20270CE.NFO,07/01/2020,14:13:38,4.6,4.6,3200,4.9,3200,0,32000
WIPRO27Feb20270CE.NFO,07/01/2020,14:13:45,4.6,4.6,6400,4.9,3200,0,32000
WIPRO27Feb20270CE.NFO,07/01/2020,14:13:50,4.6,4.6,3200,4.9,3200,0,32000
WIPRO27Feb20270CE.NFO,07/01/2020,14:14:01,4.6,4.55,3200,4.9,3200,0,32000
WIPRO27Feb20270CE.NFO,07/01/2020,14:14:13,4.6,4.6,3200,4.9,3200,0,32000
WIPRO27Feb20270CE.NFO,07/01/2020,14:15:21,4.6,4.65,3200,4.9,3200,0,32000
WIPRO27Feb20270CE.NFO,07/01/2020,14:15:41,4.6,4.7,3200,4.9,3200,0,32000
WIPRO27Feb20270CE.NFO,07/01/2020,14:15:47,4.7,4.65,3200,4.9,3200,3200,32000
WIPRO27Feb20270CE.NFO,07/01/2020,14:15:52,4.7,4.65,3200,4.9,3200,0,32000
WIPRO27Feb20270CE.NFO,07/01/2020,14:15:56,4.7,4.7,6400,5.25,3200,0,32000
WIPRO27Feb20270CE.NFO,07/01/2020,14:16:02,4.7,4.7,6400,4.8,3200,0,32000
WIPRO27Feb20270CE.NFO,07/01/2020,14:16:24,4.7,4.75,3200,4.8,3200,0,32000
WIPRO27Feb20270CE.NFO,07/01/2020,14:16:33,4.7,4.7,3200,4.8,3200,0,32000
WIPRO27Feb20270CE.NFO,07/01/2020,14:17:01,4.7,4.75,3200,4.8,3200,0,32000
WIPRO27Feb20270CE.NFO,07/01/2020,14:17:07,4.7,4.7,3200,4.8,3200,0,32000
WIPRO27Feb20270CE.NFO,07/01/2020,14:17:31,4.8,4.75,3200,5.25,3200,3200,32000
WIPRO27Feb20270CE.NFO,07/01/2020,14:17:37,4.8,4.7,3200,5.25,3200,0,32000
WIPRO27Feb20270CE.NFO,07/01/2020,14:17:42,4.8,4.1,16000,5.25,3200,0,32000
WIPRO27Feb20270CE.NFO,07/01/2020,14:17:51,4.8,4.5,3200,5.25,3200,0,32000
WIPRO27Feb20270CE.NFO,07/01/2020,14:17:55,4.8,4.6,3200,5.25,3200,0,32000
WIPRO27Feb20270CE.NFO,07/01/2020,14:18:06,4.8,4.65,3200,5.25,3200,0,32000
WIPRO27Feb20270CE.NFO,07/01/2020,14:18:34,4.8,4.7,3200,5.25,3200,0,32000
WIPRO27Feb20270CE.NFO,07/01/2020,14:20:55,4.8,4.65,3200,5.25,3200,0,32000
WIPRO27Feb20270CE.NFO,07/01/2020,14:21:16,4.8,4.1,3200,5.25,3200,0,32000
WIPRO27Feb20270CE.NFO,07/01/2020,14:21:36,4.8,4.5,3200,5.25,3200,0,32000
WIPRO27Feb20270CE.NFO,07/01/2020,14:22:37,4.8,4.6,3200,5.25,3200,0,32000
WIPRO27Feb20270CE.NFO,07/01/2020,14:23:38,4.8,4.6,3200,5,3200,0,32000
WIPRO27Feb20270CE.NFO,07/01/2020,14:23:47,4.8,4.6,3200,5.25,3200,0,32000
WIPRO27Feb20270CE.NFO,07/01/2020,14:23:52,4.8,4.5,6400,5.25,3200,0,32000
WIPRO27Feb20270CE.NFO,07/01/2020,14:23:57,4.8,4.5,6400,5.25,9600,0,32000
WIPRO27Feb20270CE.NFO,07/01/2020,14:24:10,4.8,4.5,6400,5.25,3200,0,32000
WIPRO27Feb20270CE.NFO,07/01/2020,14:24:19,4.8,4.5,6400,5,3200,0,32000
WIPRO27Feb20270CE.NFO,07/01/2020,14:24:36,4.8,4.5,6400,5.25,3200,0,32000
WIPRO27Feb20270CE.NFO,07/01/2020,14:25:03,4.8,4.5,3200,5.25,9600,0,32000
WIPRO27Feb20270CE.NFO,07/01/2020,14:25:15,4.8,4.5,3200,5.25,3200,0,32000
WIPRO27Feb20270CE.NFO,07/01/2020,14:25:30,4.8,4.5,3200,5.25,16000,0,32000
WIPRO27Feb20270CE.NFO,07/01/2020,14:26:16,4.8,4.5,3200,5.25,9600,0,32000
WIPRO27Feb20270CE.NFO,07/01/2020,14:26:22,4.8,4.5,6400,5.25,16000,0,32000
WIPRO27Feb20270CE.NFO,07/01/2020,14:26:38,4.8,4.5,6400,5.25,9600,0,32000
WIPRO27Feb20270CE.NFO,07/01/2020,14:27:05,4.8,4.5,6400,5.25,3200,0,32000
WIPRO27Feb20270CE.NFO,07/01/2020,14:27:41,4.8,4.6,3200,5.25,3200,0,32000
WIPRO27Feb20270CE.NFO,07/01/2020,14:28:01,4.8,4.7,3200,5.25,3200,0,32000
WIPRO27Feb20270CE.NFO,07/01/2020,14:28:14,4.8,4.6,3200,5.25,3200,0,32000
WIPRO27Feb20270CE.NFO,07/01/2020,14:28:28,4.8,4.65,6400,5.25,3200,0,32000
WIPRO27Feb20270CE.NFO,07/01/2020,14:28:39,4.8,4.75,3200,5.25,3200,0,32000
WIPRO27Feb20270CE.NFO,07/01/2020,14:29:06,4.8,4.8,3200,5.25,3200,0,32000
WIPRO27Feb20270CE.NFO,07/01/2020,14:29:32,4.8,4.75,3200,5.25,3200,0,32000
WIPRO27Feb20270CE.NFO,07/01/2020,14:29:44,4.8,4.8,3200,5.25,3200,0,32000
WIPRO27Feb20270CE.NFO,07/01/2020,14:30:00,4.8,4.8,3200,5.2,3200,0,32000
WIPRO27Feb20270CE.NFO,07/01/2020,14:30:19,4.8,4.8,3200,5.25,3200,0,32000
WIPRO27Feb20270CE.NFO,07/01/2020,14:30:24,4.8,4.85,3200,5.25,3200,0,32000
WIPRO27Feb20270CE.NFO,07/01/2020,14:30:52,4.8,4.85,3200,5.55,9600,0,32000
WIPRO27Feb20270CE.NFO,07/01/2020,14:31:01,4.8,4.75,3200,5.55,9600,0,32000
WIPRO27Feb20270CE.NFO,07/01/2020,14:31:09,4.8,4.8,3200,5.55,9600,0,32000
WIPRO27Feb20270CE.NFO,07/01/2020,14:31:26,4.8,4.9,3200,5.55,9600,0,32000
WIPRO27Feb20270CE.NFO,07/01/2020,14:31:34,4.8,4.85,3200,5.55,9600,0,32000
WIPRO27Feb20270CE.NFO,07/01/2020,14:31:42,4.8,4.85,3200,5.25,3200,0,32000
WIPRO27Feb20270CE.NFO,07/01/2020,14:31:50,4.8,4.85,3200,5.3,3200,0,32000
WIPRO27Feb20270CE.NFO,07/01/2020,14:32:04,4.8,4.85,3200,5.55,9600,0,32000
WIPRO27Feb20270CE.NFO,07/01/2020,14:34:48,4.8,4.75,3200,5.55,9600,0,32000
WIPRO27Feb20270CE.NFO,07/01/2020,14:36:30,4.8,4.75,3200,5.55,16000,0,32000
WIPRO27Feb20270CE.NFO,07/01/2020,14:36:44,4.8,4.75,3200,5.55,9600,0,32000
WIPRO27Feb20270CE.NFO,07/01/2020,14:36:49,4.8,4.75,3200,5.55,16000,0,32000
WIPRO27Feb20270CE.NFO,07/01/2020,14:37:36,4.8,4,44800,5.55,16000,0,32000
WIPRO27Feb20270CE.NFO,07/01/2020,14:37:41,4.8,4,44800,5.55,22400,0,32000
WIPRO27Feb20270CE.NFO,07/01/2020,14:37:56,4.8,4.5,3200,5.55,22400,0,32000
WIPRO27Feb20270CE.NFO,07/01/2020,14:39:12,4.8,4.5,3200,5.55,28800,0,32000
WIPRO27Feb20270CE.NFO,07/01/2020,14:39:17,4.8,4.5,3200,5.55,35200,0,32000
WIPRO27Feb20270CE.NFO,07/01/2020,14:39:23,4.8,4.5,3200,5.55,22400,0,32000
WIPRO27Feb20270CE.NFO,07/01/2020,14:40:21,4.8,4.5,3200,5.55,16000,0,32000
WIPRO27Feb20270CE.NFO,07/01/2020,14:40:55,4.8,4.5,3200,5.55,22400,0,32000
WIPRO27Feb20270CE.NFO,07/01/2020,14:41:05,4.8,4.6,3200,5.55,22400,0,32000
WIPRO27Feb20270CE.NFO,07/01/2020,14:41:17,4.8,4.65,3200,5.55,22400,0,32000
WIPRO27Feb20270CE.NFO,07/01/2020,14:41:21,4.8,4.65,3200,5.55,16000,0,32000
WIPRO27Feb20270CE.NFO,07/01/2020,14:41:31,4.8,4.7,3200,5.55,16000,0,32000
WIPRO27Feb20270CE.NFO,07/01/2020,14:41:48,4.8,4.7,3200,5.55,22400,0,32000
WIPRO27Feb20270CE.NFO,07/01/2020,14:41:52,4.8,4.6,3200,5.55,22400,0,32000
WIPRO27Feb20270CE.NFO,07/01/2020,14:42:08,4.8,4,38400,5.55,22400,0,32000
WIPRO27Feb20270CE.NFO,07/01/2020,14:42:12,4.8,4,32000,5.55,22400,0,32000
WIPRO27Feb20270CE.NFO,07/01/2020,14:42:16,4.8,4.1,35200,5.55,16000,0,32000
WIPRO27Feb20270CE.NFO,07/01/2020,14:42:18,4.8,4.2,9600,5.55,22400,0,32000
WIPRO27Feb20270CE.NFO,07/01/2020,14:42:22,4.8,4.3,3200,5.55,22400,0,32000
WIPRO27Feb20270CE.NFO,07/01/2020,14:42:30,4.8,4.35,3200,5.55,28800,0,32000
WIPRO27Feb20270CE.NFO,07/01/2020,14:42:37,4.8,4.35,3200,5.55,22400,0,32000
WIPRO27Feb20270CE.NFO,07/01/2020,14:44:03,4.8,4.4,3200,5.55,35200,0,32000
WIPRO27Feb20270CE.NFO,07/01/2020,14:44:12,4.8,4.5,3200,5.55,35200,0,32000
WIPRO27Feb20270CE.NFO,07/01/2020,14:44:21,4.8,4.5,3200,5.55,28800,0,32000
WIPRO27Feb20270CE.NFO,07/01/2020,14:44:59,4.8,4.5,3200,5.55,22400,0,32000
WIPRO27Feb20270CE.NFO,07/01/2020,14:45:04,4.8,4.5,3200,5.1,3200,0,32000
WIPRO27Feb20270CE.NFO,07/01/2020,14:45:26,4.8,4.5,3200,5.55,28800,0,32000
WIPRO27Feb20270CE.NFO,07/01/2020,14:45:32,4.8,4.6,3200,5.55,35200,0,32000
WIPRO27Feb20270CE.NFO,07/01/2020,14:45:37,4.8,4.55,3200,5.55,35200,0,32000
WIPRO27Feb20270CE.NFO,07/01/2020,14:45:53,4.8,4.55,3200,5.55,22400,0,32000
WIPRO27Feb20270CE.NFO,07/01/2020,14:46:12,4.8,4.55,3200,5.55,48000,0,32000
WIPRO27Feb20270CE.NFO,07/01/2020,14:46:19,4.8,4.5,3200,5.55,35200,0,32000
WIPRO27Feb20270CE.NFO,07/01/2020,14:46:25,4.8,4.5,6400,5.55,48000,0,32000
WIPRO27Feb20270CE.NFO,07/01/2020,14:46:35,4.8,4.5,3200,5.55,35200,0,32000
WIPRO27Feb20270CE.NFO,07/01/2020,14:47:06,4.8,4.5,3200,5.55,48000,0,32000
WIPRO27Feb20270CE.NFO,07/01/2020,14:47:12,4.8,4.5,3200,5.55,35200,0,32000
WIPRO27Feb20270CE.NFO,07/01/2020,14:47:17,4.8,4.5,3200,5.55,48000,0,32000
WIPRO27Feb20270CE.NFO,07/01/2020,14:47:27,4.8,4.5,3200,5.55,35200,0,32000
WIPRO27Feb20270CE.NFO,07/01/2020,14:47:41,4.8,4.5,3200,5.55,48000,0,32000
WIPRO27Feb20270CE.NFO,07/01/2020,14:47:54,4.8,4.5,3200,5.55,35200,0,32000
WIPRO27Feb20270CE.NFO,07/01/2020,14:47:58,4.8,4.5,3200,5.55,48000,0,32000
WIPRO27Feb20270CE.NFO,07/01/2020,14:48:58,4.8,4.5,3200,5.55,35200,0,32000
WIPRO27Feb20270CE.NFO,07/01/2020,14:49:34,4.8,4.5,3200,5.55,48000,0,32000
WIPRO27Feb20270CE.NFO,07/01/2020,14:50:07,4.8,4.5,3200,5.55,35200,0,32000
WIPRO27Feb20270CE.NFO,07/01/2020,14:50:18,4.8,4.5,3200,5.55,48000,0,32000
WIPRO27Feb20270CE.NFO,07/01/2020,14:51:00,4.8,4.55,3200,5.55,48000,0,32000
WIPRO27Feb20270CE.NFO,07/01/2020,14:51:27,4.8,4.55,3200,5.55,41600,0,32000
WIPRO27Feb20270CE.NFO,07/01/2020,14:51:40,4.8,4.5,3200,5.55,41600,0,32000
WIPRO27Feb20270CE.NFO,07/01/2020,14:52:11,4.8,4.5,3200,5.55,48000,0,32000
WIPRO27Feb20270CE.NFO,07/01/2020,14:53:08,4.8,4.5,3200,5.55,35200,0,32000
WIPRO27Feb20270CE.NFO,07/01/2020,14:53:36,4.8,4.6,3200,5.55,35200,0,32000
WIPRO27Feb20270CE.NFO,07/01/2020,14:53:48,4.8,4.65,3200,5.55,35200,0,32000
WIPRO27Feb20270CE.NFO,07/01/2020,14:53:54,4.8,4.7,3200,5.55,22400,0,32000
WIPRO27Feb20270CE.NFO,07/01/2020,14:54:06,4.8,4.75,3200,5.55,22400,0,32000
WIPRO27Feb20270CE.NFO,07/01/2020,14:54:27,4.8,4.65,3200,5.55,22400,0,32000
WIPRO27Feb20270CE.NFO,07/01/2020,14:54:39,4.8,4.65,3200,5.55,35200,0,32000
WIPRO27Feb20270CE.NFO,07/01/2020,14:54:45,4.8,4.65,3200,5.55,22400,0,32000
WIPRO27Feb20270CE.NFO,07/01/2020,14:55:06,4.8,4.65,3200,5.55,35200,0,32000
WIPRO27Feb20270CE.NFO,07/01/2020,14:55:18,4.8,4.65,3200,5.55,22400,0,32000
WIPRO27Feb20270CE.NFO,07/01/2020,14:55:40,4.8,4.75,3200,5.55,35200,0,32000
WIPRO27Feb20270CE.NFO,07/01/2020,14:56:01,4.8,4.7,3200,5.55,35200,0,32000
WIPRO27Feb20270CE.NFO,07/01/2020,14:56:29,4.8,4,38400,5.55,35200,0,32000
WIPRO27Feb20270CE.NFO,07/01/2020,14:56:56,4.8,4,32000,5.55,35200,0,32000
WIPRO27Feb20270CE.NFO,07/01/2020,14:56:59,4.8,4,38400,5.55,35200,0,32000
WIPRO27Feb20270CE.NFO,07/01/2020,14:57:03,4.8,4,32000,5.55,35200,0,32000
WIPRO27Feb20270CE.NFO,07/01/2020,14:57:10,4.8,4,38400,5.55,35200,0,32000
WIPRO27Feb20270CE.NFO,07/01/2020,14:57:38,4.8,4,38400,5.55,41600,0,32000
WIPRO27Feb20270CE.NFO,07/01/2020,14:57:45,4.8,4.6,3200,5.55,41600,0,32000
WIPRO27Feb20270CE.NFO,07/01/2020,14:58:06,4.8,4.6,3200,5.5,28800,0,32000
WIPRO27Feb20270CE.NFO,07/01/2020,14:59:41,4.8,4.7,3200,5.5,28800,0,32000
WIPRO27Feb20270CE.NFO,07/01/2020,15:00:02,4.8,4.7,3200,5.5,16000,0,32000
WIPRO27Feb20270CE.NFO,07/01/2020,15:00:13,4.8,4.8,3200,5.5,9600,0,32000
WIPRO27Feb20270CE.NFO,07/01/2020,15:00:21,4.8,4.8,3200,5.5,16000,0,32000
WIPRO27Feb20270CE.NFO,07/01/2020,15:00:35,4.8,4,44800,5.5,16000,0,32000
WIPRO27Feb20270CE.NFO,07/01/2020,15:00:46,4.8,4.5,6400,5.5,16000,0,32000
WIPRO27Feb20270CE.NFO,07/01/2020,15:00:56,4.8,4.5,6400,5.25,3200,0,32000
WIPRO27Feb20270CE.NFO,07/01/2020,15:01:07,4.8,4,38400,5.5,16000,0,32000
WIPRO27Feb20270CE.NFO,07/01/2020,15:01:12,4.8,4,44800,5.5,16000,0,32000
WIPRO27Feb20270CE.NFO,07/01/2020,15:01:36,4.8,4.5,3200,5.5,28800,0,32000
WIPRO27Feb20270CE.NFO,07/01/2020,15:01:41,4.8,4.7,3200,5.5,28800,0,32000
WIPRO27Feb20270CE.NFO,07/01/2020,15:01:47,4.8,4.6,3200,5.5,22400,0,32000
WIPRO27Feb20270CE.NFO,07/01/2020,15:01:52,4.8,4.6,3200,5.5,28800,0,32000
WIPRO27Feb20270CE.NFO,07/01/2020,15:02:05,4.8,4.6,3200,5.5,16000,0,32000
WIPRO27Feb20270CE.NFO,07/01/2020,15:02:09,4.8,4,51200,5.5,16000,0,32000
WIPRO27Feb20270CE.NFO,07/01/2020,15:02:46,4.8,4.5,3200,5.5,16000,0,32000
WIPRO27Feb20270CE.NFO,07/01/2020,15:03:06,4.8,4.6,3200,5.5,16000,0,32000
WIPRO27Feb20270CE.NFO,07/01/2020,15:03:15,4.8,4,38400,5.5,16000,0,32000
WIPRO27Feb20270CE.NFO,07/01/2020,15:03:20,4.8,4,38400,5.5,22400,0,32000
WIPRO27Feb20270CE.NFO,07/01/2020,15:04:03,4.8,4,38400,5.5,28800,0,32000
WIPRO27Feb20270CE.NFO,07/01/2020,15:04:16,4.8,4,38400,5.5,22400,0,32000
WIPRO27Feb20270CE.NFO,07/01/2020,15:04:22,4.8,4,38400,5.5,28800,0,32000
WIPRO27Feb20270CE.NFO,07/01/2020,15:04:27,4.8,4,38400,5.5,16000,0,32000
WIPRO27Feb20270CE.NFO,07/01/2020,15:04:33,4.8,4,38400,5.5,22400,0,32000
WIPRO27Feb20270CE.NFO,07/01/2020,15:05:53,4.8,4,38400,5.5,28800,0,32000
WIPRO27Feb20270CE.NFO,07/01/2020,15:06:08,4.8,4,38400,5.5,22400,0,32000
WIPRO27Feb20270CE.NFO,07/01/2020,15:06:16,4.8,4,38400,5.5,28800,0,32000
WIPRO27Feb20270CE.NFO,07/01/2020,15:06:39,4.8,4.5,3200,5.5,28800,0,32000
WIPRO27Feb20270CE.NFO,07/01/2020,15:06:48,4.8,4.5,3200,5.5,16000,0,32000
WIPRO27Feb20270CE.NFO,07/01/2020,15:07:02,4.8,4.7,3200,5.5,16000,0,32000
WIPRO27Feb20270CE.NFO,07/01/2020,15:07:27,4.8,4,38400,5.5,16000,0,32000
WIPRO27Feb20270CE.NFO,07/01/2020,15:07:32,4.8,4,38400,5,3200,0,32000
WIPRO27Feb20270CE.NFO,07/01/2020,15:07:42,4.8,4.5,3200,5,3200,0,32000
WIPRO27Feb20270CE.NFO,07/01/2020,15:07:56,4.8,4.5,3200,5.5,16000,0,32000
WIPRO27Feb20270CE.NFO,07/01/2020,15:08:01,4.8,4.6,3200,5.5,16000,0,32000
WIPRO27Feb20270CE.NFO,07/01/2020,15:08:06,4.8,4.7,3200,5.5,16000,0,32000
WIPRO27Feb20270CE.NFO,07/01/2020,15:08:10,4.8,4.7,3200,5.5,28800,0,32000
WIPRO27Feb20270CE.NFO,07/01/2020,15:08:18,4.8,4.6,3200,5.5,28800,0,32000
WIPRO27Feb20270CE.NFO,07/01/2020,15:08:30,4.8,4.6,3200,5.5,16000,0,32000
WIPRO27Feb20270CE.NFO,07/01/2020,15:08:39,4.8,4.6,3200,5.5,35200,0,32000
WIPRO27Feb20270CE.NFO,07/01/2020,15:10:09,4.8,4.6,3200,5.5,16000,0,32000
WIPRO27Feb20270CE.NFO,07/01/2020,15:10:24,4.8,4.6,3200,5.5,35200,0,32000
WIPRO27Feb20270CE.NFO,07/01/2020,15:11:13,4.8,4.6,3200,5.5,16000,0,32000
WIPRO27Feb20270CE.NFO,07/01/2020,15:11:58,4.8,4.6,3200,5.5,22400,0,32000
WIPRO27Feb20270CE.NFO,07/01/2020,15:12:32,4.8,4.6,3200,5.5,35200,0,32000
WIPRO27Feb20270CE.NFO,07/01/2020,15:12:46,4.8,4.6,3200,5.5,22400,0,32000
WIPRO27Feb20270CE.NFO,07/01/2020,15:13:04,4.8,4.6,3200,5.5,16000,0,32000
WIPRO27Feb20270CE.NFO,07/01/2020,15:14:36,4.8,4.7,3200,5.5,16000,0,32000
WIPRO27Feb20270CE.NFO,07/01/2020,15:15:06,4.8,4.7,3200,5.5,9600,0,32000
WIPRO27Feb20270CE.NFO,07/01/2020,15:15:19,4.8,4.75,3200,5.5,9600,0,32000
WIPRO27Feb20270CE.NFO,07/01/2020,15:15:31,4.8,4.75,3200,5.5,16000,0,32000
WIPRO27Feb20270CE.NFO,07/01/2020,15:15:38,4.8,4.75,3200,5.5,9600,0,32000
WIPRO27Feb20270CE.NFO,07/01/2020,15:15:46,4.8,4.75,3200,5.5,3200,0,32000
WIPRO27Feb20270CE.NFO,07/01/2020,15:15:53,4.8,4.75,3200,5.5,9600,0,32000
WIPRO27Feb20270CE.NFO,07/01/2020,15:16:27,4.8,4.75,3200,5.5,3200,0,32000
WIPRO27Feb20270CE.NFO,07/01/2020,15:16:47,4.8,4.85,3200,5.5,3200,0,32000
WIPRO27Feb20270CE.NFO,07/01/2020,15:16:53,4.8,4.8,3200,5.5,3200,0,32000
WIPRO27Feb20270CE.NFO,07/01/2020,15:16:59,4.8,4.75,3200,5.5,3200,0,32000
WIPRO27Feb20270CE.NFO,07/01/2020,15:17:40,4.8,4.75,3200,5.45,3200,0,32000
WIPRO27Feb20270CE.NFO,07/01/2020,15:17:46,4.8,4.8,3200,5.45,3200,0,32000
WIPRO27Feb20270CE.NFO,07/01/2020,15:18:02,4.8,4.75,3200,5.45,3200,0,32000
WIPRO27Feb20270CE.NFO,07/01/2020,15:18:18,4.8,4.75,3200,5.45,9600,0,32000
WIPRO27Feb20270CE.NFO,07/01/2020,15:18:24,4.8,4.75,3200,5.45,16000,0,32000
WIPRO27Feb20270CE.NFO,07/01/2020,15:18:36,4.8,4.75,3200,5.45,3200,0,32000
WIPRO27Feb20270CE.NFO,07/01/2020,15:18:40,4.8,4.75,3200,5.45,9600,0,32000
WIPRO27Feb20270CE.NFO,07/01/2020,15:18:45,4.8,4,44800,5.45,16000,0,32000
WIPRO27Feb20270CE.NFO,07/01/2020,15:18:50,4.8,4,38400,5.45,16000,0,32000
WIPRO27Feb20270CE.NFO,07/01/2020,15:19:01,4.8,4,44800,5.45,16000,0,32000
WIPRO27Feb20270CE.NFO,07/01/2020,15:19:07,4.8,4,44800,5.45,9600,0,32000
WIPRO27Feb20270CE.NFO,07/01/2020,15:19:19,4.8,4,44800,5.45,3200,0,32000
WIPRO27Feb20270CE.NFO,07/01/2020,15:19:24,4.8,4,44800,5.45,9600,0,32000
WIPRO27Feb20270CE.NFO,07/01/2020,15:19:45,4.8,4.05,35200,5.45,9600,0,32000
WIPRO27Feb20270CE.NFO,07/01/2020,15:19:50,4.8,4.05,35200,5.45,16000,0,32000
WIPRO27Feb20270CE.NFO,07/01/2020,15:20:15,4.8,4.05,54400,5.45,3200,0,32000
WIPRO27Feb20270CE.NFO,07/01/2020,15:20:42,4.8,4.5,3200,5.45,3200,0,32000
WIPRO27Feb20270CE.NFO,07/01/2020,15:21:48,4.8,4.75,3200,5.45,3200,0,32000
WIPRO27Feb20270CE.NFO,07/01/2020,15:21:56,4.8,4.8,3200,5.45,3200,0,32000
WIPRO27Feb20270CE.NFO,07/01/2020,15:22:01,4.8,4.05,48000,5.45,3200,0,32000
WIPRO27Feb20270CE.NFO,07/01/2020,15:22:05,4.8,4.05,54400,5.45,3200,0,32000
WIPRO27Feb20270CE.NFO,07/01/2020,15:22:39,4.8,4.05,48000,5.45,3200,0,32000
WIPRO27Feb20270CE.NFO,07/01/2020,15:22:51,4.8,4.05,54400,5.45,3200,0,32000
WIPRO27Feb20270CE.NFO,07/01/2020,15:23:41,4.8,4.05,48000,5.45,3200,0,32000
WIPRO27Feb20270CE.NFO,07/01/2020,15:23:47,4.8,4.05,54400,5.45,3200,0,32000
WIPRO27Feb20270CE.NFO,07/01/2020,15:23:54,4.8,4.05,48000,5.45,3200,0,32000
WIPRO27Feb20270CE.NFO,07/01/2020,15:24:00,4.8,4.05,54400,5.45,3200,0,32000
WIPRO27Feb20270CE.NFO,07/01/2020,15:24:42,4.8,4.05,44800,5.45,3200,0,32000
WIPRO27Feb20270CE.NFO,07/01/2020,15:25:06,4.8,4.05,38400,5.45,3200,0,32000
WIPRO27Feb20270CE.NFO,07/01/2020,15:25:16,4.8,4.05,25600,5.45,3200,0,32000
WIPRO27Feb20270CE.NFO,07/01/2020,15:25:20,4.8,4.05,32000,5.45,3200,0,32000
WIPRO27Feb20270CE.NFO,07/01/2020,15:25:25,4.8,4.05,44800,5.45,3200,0,32000
WIPRO27Feb20270CE.NFO,07/01/2020,15:25:31,4.8,4.7,3200,5.45,3200,0,32000
WIPRO27Feb20270CE.NFO,07/01/2020,15:25:40,4.8,4.7,3200,5.45,9600,0,32000
WIPRO27Feb20270CE.NFO,07/01/2020,15:25:44,4.8,4.75,3200,5.45,9600,0,32000
WIPRO27Feb20270CE.NFO,07/01/2020,15:25:49,4.8,4.05,38400,5.45,9600,0,32000
WIPRO27Feb20270CE.NFO,07/01/2020,15:25:54,4.8,4.05,38400,5.45,3200,0,32000
WIPRO27Feb20270CE.NFO,07/01/2020,15:25:59,4.8,4.05,38400,5.45,9600,0,32000
WIPRO27Feb20270CE.NFO,07/01/2020,15:26:04,4.8,4.05,25600,5.45,3200,0,32000
WIPRO27Feb20270CE.NFO,07/01/2020,15:26:10,4.8,4.05,44800,5.45,3200,0,32000
WIPRO27Feb20270CE.NFO,07/01/2020,15:26:23,4.8,4.05,25600,5.45,3200,0,32000
WIPRO27Feb20270CE.NFO,07/01/2020,15:26:28,4.8,4.05,44800,5.45,3200,0,32000
WIPRO27Feb20270CE.NFO,07/01/2020,15:26:32,4.8,4.05,25600,5.45,9600,0,32000
WIPRO27Feb20270CE.NFO,07/01/2020,15:26:37,4.8,4.05,38400,5.45,9600,0,32000
WIPRO27Feb20270CE.NFO,07/01/2020,15:26:51,4.8,4.05,44800,5,3200,0,32000
WIPRO27Feb20270CE.NFO,07/01/2020,15:27:33,4.8,4.7,3200,5,3200,0,32000
WIPRO27Feb20270CE.NFO,07/01/2020,15:27:44,4.8,4.8,3200,5,3200,0,32000
WIPRO27Feb20270CE.NFO,07/01/2020,15:28:12,4.8,4.05,44800,5,3200,0,32000
WIPRO27Feb20270CE.NFO,07/01/2020,15:28:52,4.8,4.05,51200,5,3200,0,32000
WIPRO27Feb20270CE.NFO,07/01/2020,15:29:04,4.8,4.7,3200,5,3200,0,32000
WIPRO27Feb20270CE.NFO,07/01/2020,15:29:11,4.7,4.05,44800,5.55,6400,3200,35200
WIPRO27Feb20270CE.NFO,07/01/2020,15:29:19,4.7,4.7,3200,5.55,6400,0,35200
WIPRO27Feb20270CE.NFO,07/01/2020,15:29:26,4.7,4.05,51200,4.7,3200,0,35200
WIPRO27Feb20270CE.NFO,07/01/2020,15:29:32,4.7,4.05,44800,4.7,3200,0,35200
WIPRO27Feb20270CE.NFO,07/01/2020,15:29:39,4.7,4.05,44800,5.55,3200,0,35200
WIPRO27Feb20270CE.NFO,07/01/2020,15:29:46,4.7,4.05,32000,5.55,6400,0,35200
